1909 3328
263 278 332 314 858
727 275 947 311 LITTERAE
973 275 1066 320 QUA
1072 285 1329 311 DRIMESTRES

216 379 524 425 cessantibus
559 377 719 423 adhuc
754 377 1025 434 tormentis,
1053 376 1256 422 dixisset
1289 392 1341 422 se
1375 392 1404 422 a
1438 375 1619 422 nostris
1658 376 1833 423 instru-

216 467 345 501 ctum
370 471 494 512 esse,
522 470 581 499 ne
606 463 782 500 contra
807 454 1161 500 conscientiam
1187 453 1448 510 quicquam
1479 452 1741 499 fateretur.
1768 453 1835 500 At

217 533 369 578 nostri
404 532 613 590 judicem
648 532 959 586 accedentes,
987 530 1132 576 facile
1167 531 1230 576 ab
1264 546 1322 576 eo
1357 531 1415 576 de
1449 545 1587 576 more
1611 530 1674 575 ad
1698 530 1834 576 mise·
1871 567 1878 573 .

216 626 298 655 ros
336 610 455 655 istos
495 608 802 666 ingrediendi
843 608 1160 654 obtinuerunt
1198 607 1504 653 facultatem.
1548 606 1674 653 Erat
1713 607 1834 653 inter

216 688 339 733 alios
363 687 558 744 quidam
583 687 662 745 qui
687 695 860 744 sponte
879 701 969 731 sua
989 685 1154 731 omnia
1172 686 1392 742 pandens
1413 685 1618 731 crimina
1643 693 1691 730 et
1710 699 1834 730 mor-

216 766 276 810 tis
314 781 366 811 se
406 779 545 810 reum
585 779 693 810 esse
731 762 1080 820 pronuncianS,
1117 763 1211 808 hoc
1247 778 1395 809 vnum
1429 762 1747 820 precabatur,
1783 770 1836 808 vt

216 842 324 888 aliis
357 842 616 887 tormentis
649 856 860 898 parcere
894 841 1094 897 vellent3
1127 840 1243 886 nihil
1276 849 1442 886 tamen
1475 840 1576 885 suis
1609 838 1836 896 precibus

217 919 398 975 effecit,
427 928 474 965 et
499 919 611 964 dum
636 919 699 964 ad
722 918 1102 976 perquirendam
1139 933 1199 963 ex
1233 933 1285 963 56
1320 916 1530 962 aliorum
1555 916 1833 974 veritatem,

215 997 323 1043 dira
361 995 655 1054 praeparari
695 995 815 1041 vidit
848 994 1103 1052 supplicia,
1141 994 1368 1052 grauiter
1407 993 1662 1051 suspirans
1699 1007 1837 1038 suum

216 1074 429 1120 Domino
455 1073 836 1120 commendabat
861 1072 1142 1130 negocium,
1165 1072 1376 1129 dumque
1399 1071 1462 1116 ad
1485 1070 1738 1128 sanguinis
1761 1085 1837 1115 vs·
1906 1089 1909 1131 3

218 1167 311 1209 que
335 1151 706 1208 expressionem
740 1158 1063 1206 torqueretur
1092 1156 1124 1206 ³,
1152 1149 1266 1194 nihil
1300 1164 1352 1194 se
1386 1163 1448 1194 ecl
1481 1150 1589 1194 vice
1612 1147 1631 1175 b
1655 1146 1838 1193 doloris

220 1229 524 1287 persensisse
568 1228 782 1286 ingenue
825 1227 965 1273 nobis
1008 1227 1172 1272 fassus
1215 1235 1305 1272 est.
1352 1226 1671 1271 Postmodum
1715 1240 1836 1270 vero

217 1306 330 1351 dum
354 1304 669 1362 impatienter
693 1320 745 1350 se
769 1312 988 1361 gereret,
1015 1303 1292 1349 horrendos
1322 1302 1517 1349 dicebat
1540 1317 1592 1348 se
1616 1301 1836 1360 pertulis-

216 1398 267 1429 se
291 1383 561 1428 cruciatus.
589 1381 718 1438 Quid
753 1381 928 1427 multa?
950 1380 1167 1426 Tantam
1202 1379 1394 1425 miseris
1418 1379 1523 1425 istis
1545 1379 1836 1425 consolatio-

216 1476 328 1507 nem
354 1460 727 1506 administrant
747 1465 763 1487 ⁰
787 1457 959 1515 nostri,
982 1467 1035 1504 vt
1059 1474 1089 1504 a
1113 1467 1287 1504 nostra
1307 1457 1588 1504 visitatione
1611 1456 1837 1515 frequen-

216 1539 328 1584 tiori
361 1554 501 1584 suam
535 1537 786 1583 clamitent
816 1536 1031 1594 pendere
1055 1535 1282 1594 salutem,
1310 1545 1357 1581 et
1381 1545 1573 1581 tantum
1598 1536 1722 1581 bene
1748 1534 1838 1581 sibi
1907 1538 1909 1591 l

217 1630 325 1661 esse
349 1614 610 1670 affirment,
638 1629 747 1660 cum
781 1614 840 1659 de
873 1613 1054 1659 nostris
1089 1614 1169 1659 vel
1201 1613 1426 1670 cogitant
1449 1612 1734 1658 absentibus
1759 1611 1837 1658 vel
1908 1596 1909 1613 i

217 1701 506 1750 praesentes
531 1691 749 1737 audiunt.

273 1769 316 1815 8.
383 1768 456 1814 Vt
490 1777 654 1814 autern
687 1767 747 1814 de
782 1768 1025 1826 spirituali
1059 1768 1270 1814 fratrum
1306 1767 1533 1825 profectu
1567 1767 1748 1825 aliquid
1772 1767 1837 1813 di-

215 1862 343 1904 cam,
368 1845 446 1892 hic
478 1861 599 1892 sane
632 1861 728 1891 non
763 1845 989 1903 vulgaris
1023 1855 1112 1903 est,
1139 1846 1224 1891 sed
1260 1845 1467 1892 eximius
1501 1846 1661 1903 plane,
1694 1843 1836 1902 siqui-

217 1925 324 1970 dem
358 1923 586 1969 certatim
620 1938 705 1968 eos
740 1923 802 1968 ad
835 1922 1154 1979 perfectionis
1186 1923 1379 1968 culmen
1403 1922 1720 1977 contendere,
1747 1936 1839 1967 nec

218 2001 316 2046 vlla
339 2000 503 2057 facile,
530 2015 657 2057 quae
680 2000 776 2046 huc
798 1999 1094 2056 conducant,
1115 2000 1276 2045 media
1299 1999 1471 2046 videas
1494 1999 1834 2045 intermittere.

217 2077 411 2124 Docent
433 2077 528 2123 hoc
549 2092 743 2123 summa
767 2076 813 2122 in
838 2077 1112 2122 obediendo
1148 2076 1484 2134 promptitudo
1514 2085 1663 2133 atque
1686 2075 1837 2122 facili-

216 2165 307 2212 tas,
344 2170 534 2201 necnon
568 2155 614 2200 in
649 2154 937 2211 expetendis
970 2169 1031 2200 ac
1063 2153 1195 2199 Vltro
1228 2154 1542 2211 peragendis,
1579 2154 1757 2199 nedum
1791 2153 1837 2198 in

217 2231 537 2288 suscipiendis
560 2231 891 2289 poenitentiae
923 2231 1155 2287 operibus
1186 2231 1455 2288 singularis
1478 2230 1694 2276 deuoti0.
1720 2230 1837 2275 Pro-

217 2317 452 2365 posuerat
490 2308 645 2354 Rdus.
682 2307 735 2354 Ρ.
772 2307 1003 2353 Victoria
1037 2306 1277 2354 fratribus
1312 2308 1471 2354 ardua
1510 2307 1752 2364 quaedam
1790 2314 1838 2352 et

217 2386 417 2432 maximi
442 2385 673 2431 momenti
697 2385 900 2442 negotia
928 2384 962 2443 d,
989 2400 1078 2441 pro
1112 2386 1285 2442 quibus
1309 2384 1671 2431 {eruentissime
1695 2399 1838 2430 oran-

218 2463 330 2508 dum
359 2463 527 2509 aiebat
561 2462 829 2508 Dominum
864 2462 1068 2519 eiusque
1102 2462 1462 2520 implorandum
1496 2462 1749 2508 auxilium.
1776 2460 1840 2507 Et

218 2540 331 2585 dum
355 2541 457 2598 ipse
481 2540 698 2598 hocfine
723 2546 739 2567 e
759 2539 1005 2597 publicam
1026 2540 1162 2596 prior
1185 2540 1385 2586 fecisset
1408 2539 1728 2597 disciplinam,
1750 2553 1837 2584 suo

217 2616 390 2662 deinde
415 2617 586 2663 ordine
608 2617 619 2644 f
652 2616 940 2674 subsequuti
965 2626 1077 2663 sunt
1100 2618 1181 2663 alii
1205 2617 1408 2664 fratres.
1434 2617 1664 2664 Accessit
1686 2631 1837 2675 porro

218 2694 485 2750 spiritualis
525 2694 722 2752 quidam
756 2695 998 2741 fratribus
1031 2695 1258 2741 omnibus
1295 2695 1467 2741 feruor
1499 2703 1548 2742 et
1578 2695 1642 2741 ad
1675 2694 1838 2740 diuina

219 2770 458 2828 obsequia
482 2771 719 2817 alacritas
744 2787 807 2817 ex
839 2771 1153 2818 foelicissimo
1176 2772 1258 2817 illo
1289 2771 1539 2829 generalis
1571 2769 1839 2829 praepositi

219 2845 485 2893 Societatis
510 2858 710 2894 nostrae
736 2848 989 2894 electionis
1012 2863 1262 2906 succeSSU,
1284 2864 1431 2906 quam
1455 2848 1671 2894 diuinam
1695 2848 1838 2905 plane

266 3053 284 3074 a
317 3051 539 3093 torquetur.
592 3047 657 3074 ——b
706 3052 814 3085 tunc.
872 3055 936 3077 —c
967 3047 1168 3086 adferunt.
1219 3048 1287 3076 ——d
1321 3048 1382 3086 his
1412 3047 1565 3087 diebus.
1616 3055 1681 3077 —e
1713 3060 1762 3086 ea
1790 3047 1838 3084 de

221 3116 356 3142 causa.
407 3104 467 3132 -f
495 3117 600 3143 eum.
