1909 3328
278 209 348 245 666
770 208 987 245 LITTERAE
1015 208 1370 254 QUADRIMESTRES

228 306 445 362 prebuit.
475 305 583 349 Non
609 304 676 349 ita
700 305 854 349 multo
878 314 989 360 post
1013 305 1186 349 eodem
1213 304 1374 349 adhuc
1397 320 1544 359 anno,
1571 314 1859 350 senatorum

229 383 420 429 animos
444 383 507 427 ad
530 382 624 427 hoc
648 382 908 438 permouit,
937 391 989 427 ut
1013 398 1041 426 a
1076 397 1127 427 se
1163 390 1384 427 erectum
1419 382 1685 439 collegium
1720 383 1861 428 nobis

229 456 498 500 traderent.
536 453 587 498 111
624 470 719 511 quo
753 453 821 498 ita
855 462 1140 498 nostrorum
1175 454 1372 498 labores
1408 454 1722 510 prosperauit
1745 457 1780 509 a,
1807 463 1859 499 ut

228 533 356 578 intra
381 548 563 577 annum
588 532 686 589 illa,
714 531 941 588 quamuis
966 531 1132 587 ampla
1166 531 1354 588 domus,
1392 531 1631 576 fratribus
1665 541 1713 577 et
1747 547 1859 577 con-

228 610 501 656 uictoribus
525 609 828 666 impleretur.

285 688 327 733 3.
395 687 537 732 Nunc.
561 687 728 744 itaque
753 687 879 731 idem
906 686 985 731 ille
1011 686 1163 742 Deus,
1191 685 1270 743 qui
1294 702 1379 731 eos
1404 686 1466 732 ad
1491 687 1752 742 collegium
1777 703 1857 732 no-

227 766 299 811 bis
338 766 553 811 dandum
594 764 857 821 permouit,
900 763 1103 821 impellit
1143 779 1338 820 quoque
1378 764 1439 809 ad
1479 764 1627 809 aliam
1661 764 1857 809 domum

226 852 393 899 aptam
438 842 701 887 admodum
741 841 954 897 collegio
994 840 1407 897 coniungendam.
1449 841 1509 886 In
1553 856 1711 898 quam
1750 856 1858 887 rem

224 926 331 966 tam
367 921 518 965 multi
547 924 849 965 senatorum
887 923 1010 964 sunt
1042 919 1310 976 propensi,
1354 923 1410 964 ut
1440 920 1595 977 qnasi
1631 921 1860 976 amplius

225 1012 326 1043 non
361 997 646 1054 ambigam,
683 996 806 1054 quin
841 995 988 1041 breui
1004 995 1260 1053 futurum
1292 996 1374 1041 sit.
1411 995 1509 1041 Sed
1544 1005 1746 1052 repente
1780 997 1855 1042 hic

223 1075 339 1120 nihil
363 1074 469 1120 fieri
493 1084 670 1131 potest,
697 1082 964 1130 propterea
989 1073 1118 1130 quod
1142 1089 1238 1118 non
1262 1073 1340 1118 hic
1364 1089 1490 1118 unus
1520 1073 1696 1130 aliquis
1729 1075 1857 1131 prin-

223 1168 338 1209 ceps
364 1161 438 1197 est
456 1152 527 1208 (ut
551 1150 685 1208 alibi)
705 1167 733 1196 a
758 1166 854 1207 quo
880 1150 1042 1195 omnia
1062 1150 1389 1208 dependeant3
1417 1150 1503 1196 sed
1528 1151 1664 1197 multi
1689 1152 1854 1197 admo—

223 1230 354 1287 dum,
383 1229 510 1274 inter
533 1243 656 1285 quos
680 1227 826 1274 facile
851 1228 999 1285 aliqui
1024 1228 1103 1284 qui
1128 1228 1474 1285 aduersentur‚
1509 1229 1717 1285 reperiri
1749 1245 1855 1286 pos-

223 1316 349 1353 sunt.
376 1307 639 1352 Discemus
662 1306 814 1362 igitur
838 1306 915 1350 hic
940 1321 1036 1362 qua
1061 1305 1254 1350 ratione
1289 1305 1333 1350 in
1370 1305 1707 1362 imperialibus
1741 1307 1854 1352 ciui-

222 1384 409 1431 tatibus
442 1383 655 1440 collegia
689 1383 929 1440 erigenda
964 1392 1091 1439 sunt,
1129 1398 1225 1439 quo
1259 1391 1370 1439 post
1403 1392 1541 1429 tanto
1574 1383 1768 1429 facilius
1809 1384 1855 1429 in

220 1462 554 1508 consimilibus
588 1461 792 1507 urbibus
825 1469 1141 1506 extruantur.
1179 1460 1290 1505 Non
1324 1460 1401 1505 hic
1435 1460 1679 1517 dependet
1712 1477 1791 1507 res
1826 1478 1856 1507 a

221 1540 360 1595 duce,
388 1539 640 1596 episcopo.
667 1553 789 1594 rege
813 1546 899 1583 aut
932 1537 1255 1594 imperatore;
1293 1537 1379 1583 sed
1413 1553 1442 1582 a
1476 1538 1672 1595 populo,
1709 1554 1854 1595 quem

220 1618 310 1664 nisi
330 1618 467 1674 prius
486 1616 650 1662 multis
670 1615 892 1674 egregiis
910 1615 1057 1661 factis
1075 1615 1217 1661 nobis
1236 1615 1571 1673 conciliemus,
1593 1631 1689 1661 non
1711 1616 1853 1662 uideo

221 1696 334 1753 quid
359 1695 569 1741 obtineri
594 1694 762 1751 possit.
790 1693 1008 1739 Crassus
1033 1703 1123 1750 est,
1151 1709 1326 1740 crassa
1349 1694 1563 1750 placent:
1597 1693 1723 1740 uisui
1753 1710 1852 1740 ma·
1905 1680 1906 1683 Ἰ

219 1775 296 1831 gis
330 1789 477 1831 quam
508 1772 696 1819 auditui
720 1772 893 1829 credit,
921 1787 1016 1817 non
1042 1771 1233 1829 quidem
1261 1771 1433 1817 deesse
1457 1771 1597 1817 nobis
1620 1772 1739 1826 uult,
1767 1773 1852 1818 sed

219 1852 317 1898 cito
341 1851 574 1897 credulus
597 1866 707 1896 esse
730 1865 827 1895 non
851 1850 971 1907 uult,
999 1849 1285 1895 necessaria
1309 1848 1461 1907 dabit,
1488 1849 1573 1895 sed
1592 1865 1681 1907 per
1700 1849 1849 1905 uices,

219 1945 331 1986 non,
358 1938 410 1974 ut
434 1937 662 1986 apparet,
691 1942 787 1972 uno
812 1942 958 1972 anno.
987 1926 1158 1984 Quare
1184 1926 1421 1984 patientia
1445 1942 1567 1983 opus
1586 1935 1660 1972 est
1679 1935 1727 1972 et
1751 1927 1850 1971 lon-

217 2006 526 2064 ganimitate.
556 2003 660 2050 Sua
683 2005 808 2050 enim
835 2004 1079 2060 quaedam
1106 2004 1255 2049 rebus
1279 2004 1503 2049 omnibus
1527 2013 1602 2050 est
1623 2003 1847 2059 infantia,

218 2100 344 2141 quae
369 2092 555 2140 quanto
581 2082 812 2128 meliores
841 2090 969 2135 sunt,
1003 2090 1141 2127 tanto
1176 2081 1467 2127 lentioribus
1502 2090 1751 2138 augentur
1786 2082 1851 2127 in-

217 2161 497 2218 crementis,
520 2170 566 2205 et
589 2168 759 2205 tantae
784 2159 923 2204 molis
944 2167 1055 2204 erat
1075 2174 1334 2204 romanam
1354 2158 1570 2204 condere
1589 2167 1789 2215 gentem
1816 2161 1845 2204 ¹.

217 2239 289 2284 Vt
308 2238 469 2284 Roma
494 2238 539 2283 in
564 2237 724 2294 Italia,
751 2237 822 2283 sic
845 2235 1103 2282 Coloniam
1128 2237 1175 2282 in
1199 2235 1475 2282 Germania
1498 2236 1718 2282 futuram
1743 2252 1848 2293 spe-

218 2331 289 2361 ro.
318 2315 428 2361 Hoc
452 2315 579 2361 enim
603 2314 801 2360 foelicia
824 2313 918 2359 ista
942 2314 1268 2371 praesagiunt
1291 2313 1529 2370 auspicia.

273 2394 316 2438 4.
384 2393 624 2438 Redditus
649 2392 763 2437 nulli
788 2400 917 2448 sunt,
944 2402 992 2436 et
1014 2391 1173 2447 pascit
1196 2390 1275 2436 hic
1299 2390 1516 2447 quotidie
1539 2390 1678 2436 Deus
1706 2406 1847 2436 sexa-

214 2471 368 2527 ginta,
396 2479 445 2516 et
469 2470 663 2527 quidem
686 2469 755 2515 ita
780 2479 831 2515 vt
854 2468 970 2514 nihil
994 2469 1192 2513 omnino
1217 2468 1348 2514 aeris
1371 2467 1518 2513 alieni
1542 2468 1703 2514 adhuc
1733 2484 1845 2514 con-

215 2556 432 2593 tractum
472 2547 549 2593 sit.
587 2546 856 2604 Coepimus
895 2547 939 2591 in
979 2546 1159 2591 scholis
1197 2546 1370 2603 tribus;
1407 2545 1760 2602 progredimur
1799 2546 1846 2590 in

214 2625 456 2671 classibus
480 2640 586 2670 sex.
613 2624 766 2681 Deus,
795 2624 872 2681 qui
898 2639 989 2669 sua
1011 2623 1233 2669 bonitate
1257 2632 1306 2669 et
1339 2622 1558 2680 potentia
1592 2622 1760 2668 effecit
1793 2632 1845 2668 ut

259 2802 277 2821 ἃ
328 2803 422 2840 Hoc
440 2815 479 2840 v.
501 2804 784 2842 desideratur
800 2807 846 2843 in
865 2805 1118 2852 apographo
1138 2806 1386 2849 coloniensi,
1409 2809 1490 2851 pro
1515 2815 1597 2851 quo
1623 2804 1845 2850 supple-vit

199 2868 495 2901 ,successerunt
512 2864 703 2908 HANSEN‚
726 2865 990 2902 Rlzez‘m'sche
1008 2864 1207 2922 Akterg....
1228 2864 1310 2902 301.

261 3026 269 3044 ¹
325 3024 564 3072 VIRGILIUS,
587 3027 782 3071 Aeneid„
803 3027 832 3072 Ι,
853 3027 911 3064 33.
