<?xml version="1.0" encoding="UTF-8"?>
<!DOCTYPE html PUBLIC "-//W3C//DTD XHTML 1.0 Transitional//EN"
    "http://www.w3.org/TR/xhtml1/DTD/xhtml1-transitional.dtd">
<html xmlns="http://www.w3.org/1999/xhtml" xml:lang="en" lang="en">
 <head>
  <title>
</title>
<meta http-equiv="Content-Type" content="text/html;charset=utf-8" />
  <meta name='ocr-system' content='tesseract 3.04.00' />
  <meta name='ocr-capabilities' content='ocr_page ocr_carea ocr_par ocr_line ocrx_word'/>
</head>
<body>
  <div class='ocr_page' id='page_1' title='image "./litteraequadrime1705lain_0765.png"; bbox 0 0 1900 3380; ppageno 0'>
   <div class='ocr_carea' id='block_1_1' title="bbox 629 216 1693 265">
    <p class='ocr_par' dir='ltr' id='par_1_1' title="bbox 629 216 1693 265">
     <span class='ocr_line' id='line_1_1' title="bbox 629 216 1693 265; baseline -0.003 -10"><span class='ocrx_word' id='word_1_1' title='bbox 629 218 920 256; x_wconf 38' lang='lat' dir='ltr'>178.—}31voxix</span> <span class='ocrx_word' id='word_1_2' title='bbox 954 219 967 255; x_wconf 80' lang='lat'>1</span> <span class='ocrx_word' id='word_1_3' title='bbox 994 218 1105 265; x_wconf 72' lang='lat' dir='ltr'>JULH</span> <span class='ocrx_word' id='word_1_4' title='bbox 1136 218 1226 254; x_wconf 69' lang='lat'>1558</span> <span class='ocrx_word' id='word_1_5' title='bbox 1624 216 1693 252; x_wconf 79' lang='lat'>733</span> 
     </span>
    </p>
   </div>
   <div class='ocr_carea' id='block_1_2' title="bbox 111 312 1751 1925">
    <p class='ocr_par' dir='ltr' id='par_1_2' title="bbox 111 312 1751 1769">
     <span class='ocr_line' id='line_1_2' title="bbox 113 312 1739 362; baseline -0.003 0"><span class='ocrx_word' id='word_1_6' title='bbox 113 332 253 362; x_wconf 83' lang='lat' dir='ltr'>suum</span> <span class='ocrx_word' id='word_1_7' title='bbox 293 316 528 362; x_wconf 77' lang='lat' dir='ltr'>talentum</span> <span class='ocrx_word' id='word_1_8' title='bbox 572 315 754 360; x_wconf 72' lang='lat' dir='ltr'>Vtiliter</span> <span class='ocrx_word' id='word_1_9' title='bbox 794 331 1035 361; x_wconf 81' lang='lat' dir='ltr'>exercere</span> <span class='ocrx_word' id='word_1_10' title='bbox 1076 325 1124 360; x_wconf 90' lang='lat' dir='ltr'>et</span> <span class='ocrx_word' id='word_1_11' title='bbox 1165 330 1339 359; x_wconf 87' lang='lat' dir='ltr'>munus</span> <span class='ocrx_word' id='word_1_12' title='bbox 1375 313 1464 358; x_wconf 84' lang='lat' dir='ltr'>sibi</span> <span class='ocrx_word' id='word_1_13' title='bbox 1501 312 1739 358; x_wconf 90' lang='lat' dir='ltr'>traditum</span> 
     </span>
     <span class='ocr_line' id='line_1_3' title="bbox 113 389 1742 450; baseline -0.003 -11"><span class='ocrx_word' id='word_1_14' title='bbox 113 402 249 439; x_wconf 89' lang='lat' dir='ltr'>recte</span> <span class='ocrx_word' id='word_1_15' title='bbox 283 392 539 450; x_wconf 87' lang='lat' dir='ltr'>perficere,</span> <span class='ocrx_word' id='word_1_16' title='bbox 568 392 730 448; x_wconf 88' lang='lat' dir='ltr'>quoad</span> <span class='ocrx_word' id='word_1_17' title='bbox 766 392 870 437; x_wconf 87' lang='lat' dir='ltr'>eius</span> <span class='ocrx_word' id='word_1_18' title='bbox 906 391 1007 437; x_wconf 76' lang='lat' dir='ltr'>fieri</span> <span class='ocrx_word' id='word_1_19' title='bbox 1044 401 1220 448; x_wconf 76' lang='lat' dir='ltr'>potest,</span> <span class='ocrx_word' id='word_1_20' title='bbox 1249 391 1464 445; x_wconf 83' lang='lat' dir='ltr'>enititur,</span> <span class='ocrx_word' id='word_1_21' title='bbox 1493 390 1536 435; x_wconf 90' lang='lat' dir='ltr'>in</span> <span class='ocrx_word' id='word_1_22' title='bbox 1572 389 1742 446; x_wconf 92' lang='lat' dir='ltr'>primis</span> 
     </span>
     <span class='ocr_line' id='line_1_4' title="bbox 111 468 1741 526; baseline -0.002 -11"><span class='ocrx_word' id='word_1_23' title='bbox 111 487 232 517; x_wconf 86' lang='lat' dir='ltr'>suae</span> <span class='ocrx_word' id='word_1_24' title='bbox 255 480 358 517; x_wconf 92' lang='lat' dir='ltr'>tum</span> <span class='ocrx_word' id='word_1_25' title='bbox 384 470 576 515; x_wconf 87' lang='lat' dir='ltr'>alienae</span> <span class='ocrx_word' id='word_1_26' title='bbox 600 469 775 515; x_wconf 86' lang='lat' dir='ltr'>salutis</span> <span class='ocrx_word' id='word_1_27' title='bbox 799 470 1020 526; x_wconf 83' lang='lat' dir='ltr'>cupidus.</span> <span class='ocrx_word' id='word_1_28' title='bbox 1050 468 1237 514; x_wconf 88' lang='lat' dir='ltr'>Omnes</span> <span class='ocrx_word' id='word_1_29' title='bbox 1262 484 1455 525; x_wconf 80' lang='lat' dir='ltr'>quoque</span> <span class='ocrx_word' id='word_1_30' title='bbox 1480 484 1543 513; x_wconf 86' lang='lat' dir='ltr'>ex</span> <span class='ocrx_word' id='word_1_31' title='bbox 1567 482 1741 523; x_wconf 91' lang='lat' dir='ltr'>corpo-</span> 
     </span>
     <span class='ocr_line' id='line_1_5' title="bbox 114 545 1739 603; baseline -0.003 -9"><span class='ocrx_word' id='word_1_32' title='bbox 114 565 167 594; x_wconf 92' lang='lat' dir='ltr'>re</span> <span class='ocrx_word' id='word_1_33' title='bbox 192 548 466 594; x_wconf 80' lang='lat' dir='ltr'>rectissime</span> <span class='ocrx_word' id='word_1_34' title='bbox 492 547 716 593; x_wconf 88' lang='lat' dir='ltr'>valemus</span> <span class='ocrx_word' id='word_1_35' title='bbox 751 547 1121 603; x_wconf 64' lang='lat' dir='ltr'>incolumesque</span> <span class='ocrx_word' id='word_1_36' title='bbox 1156 546 1350 591; x_wconf 71' lang='lat' dir='ltr'>futuros</span> <span class='ocrx_word' id='word_1_37' title='bbox 1385 545 1607 591; x_wconf 88' lang='lat' dir='ltr'>similiter</span> <span class='ocrx_word' id='word_1_38' title='bbox 1632 560 1739 601; x_wconf 91' lang='lat' dir='ltr'>pro-</span> 
     </span>
     <span class='ocr_line' id='line_1_6' title="bbox 115 621 1744 681; baseline -0.003 -10"><span class='ocrx_word' id='word_1_39' title='bbox 115 626 256 671; x_wconf 85' lang='lat' dir='ltr'>ximis</span> <span class='ocrx_word' id='word_1_40' title='bbox 295 625 560 681; x_wconf 83' lang='lat' dir='ltr'>mensibus,</span> <span class='ocrx_word' id='word_1_41' title='bbox 599 625 809 681; x_wconf 90' lang='lat' dir='ltr'>primum</span> <span class='ocrx_word' id='word_1_42' title='bbox 850 623 1015 668; x_wconf 86' lang='lat' dir='ltr'>diuina</span> <span class='ocrx_word' id='word_1_43' title='bbox 1055 640 1163 679; x_wconf 71' lang='lat' dir='ltr'>ope.</span> <span class='ocrx_word' id='word_1_44' title='bbox 1201 623 1373 670; x_wconf 84' lang='lat' dir='ltr'>deinde</span> <span class='ocrx_word' id='word_1_45' title='bbox 1414 621 1744 668; x_wconf 75' lang='lat' dir='ltr'>accomodata</span> 
     </span>
     <span class='ocr_line' id='line_1_7' title="bbox 114 700 1741 759; baseline -0.003 -11"><span class='ocrx_word' id='word_1_46' title='bbox 114 704 260 748; x_wconf 90' lang='lat' dir='ltr'>domo</span> <span class='ocrx_word' id='word_1_47' title='bbox 295 704 407 748; x_wconf 76' lang='lat' dir='ltr'>freti</span> <span class='ocrx_word' id='word_1_48' title='bbox 443 703 488 748; x_wconf 91' lang='lat' dir='ltr'>in</span> <span class='ocrx_word' id='word_1_49' title='bbox 520 719 657 759; x_wconf 88' lang='lat' dir='ltr'>spem</span> <span class='ocrx_word' id='word_1_50' title='bbox 692 701 1000 757; x_wconf 83' lang='lat' dir='ltr'>adducimur,</span> <span class='ocrx_word' id='word_1_51' title='bbox 1029 701 1269 758; x_wconf 77' lang='lat' dir='ltr'>siquidem</span> <span class='ocrx_word' id='word_1_52' title='bbox 1302 716 1487 746; x_wconf 91' lang='lat' dir='ltr'>nouum</span> <span class='ocrx_word' id='word_1_53' title='bbox 1511 700 1741 745; x_wconf 86' lang='lat' dir='ltr'>dormito-</span> 
     </span>
     <span class='ocr_line' id='line_1_8' title="bbox 116 775 1743 837; baseline -0.003 -11"><span class='ocrx_word' id='word_1_54' title='bbox 116 781 241 826; x_wconf 92' lang='lat' dir='ltr'>rium</span> <span class='ocrx_word' id='word_1_55' title='bbox 265 781 361 826; x_wconf 89' lang='lat' dir='ltr'>iam</span> <span class='ocrx_word' id='word_1_56' title='bbox 387 781 582 837; x_wconf 88' lang='lat' dir='ltr'>penitus</span> <span class='ocrx_word' id='word_1_57' title='bbox 616 779 986 826; x_wconf 79' lang='lat' dir='ltr'>construximus</span> <span class='ocrx_word' id='word_1_58' title='bbox 1020 794 1078 824; x_wconf 84' lang='lat' dir='ltr'>ac</span> <span class='ocrx_word' id='word_1_59' title='bbox 1115 794 1285 823; x_wconf 89' lang='lat' dir='ltr'>omnes</span> <span class='ocrx_word' id='word_1_60' title='bbox 1319 778 1426 823; x_wconf 77' lang='lat' dir='ltr'>fere</span> <span class='ocrx_word' id='word_1_61' title='bbox 1462 778 1587 822; x_wconf 89' lang='lat' dir='ltr'>illius</span> <span class='ocrx_word' id='word_1_62' title='bbox 1611 775 1743 822; x_wconf 89' lang='lat' dir='ltr'>cubi-</span> 
     </span>
     <span class='ocr_line' id='line_1_9' title="bbox 116 854 1745 915; baseline -0.004 -12"><span class='ocrx_word' id='word_1_63' title='bbox 116 859 229 904; x_wconf 87' lang='lat' dir='ltr'>cula</span> <span class='ocrx_word' id='word_1_64' title='bbox 253 874 315 904; x_wconf 82' lang='lat' dir='ltr'>ex</span> <span class='ocrx_word' id='word_1_65' title='bbox 340 873 498 915; x_wconf 85' lang='lat' dir='ltr'>aequo</span> <span class='ocrx_word' id='word_1_66' title='bbox 523 857 744 903; x_wconf 90' lang='lat' dir='ltr'>salubria</span> <span class='ocrx_word' id='word_1_67' title='bbox 779 866 927 913; x_wconf 84' lang='lat' dir='ltr'>atque</span> <span class='ocrx_word' id='word_1_68' title='bbox 963 857 1221 901; x_wconf 81' lang='lat' dir='ltr'>commoda</span> <span class='ocrx_word' id='word_1_69' title='bbox 1248 856 1594 900; x_wconf 67' lang='lat' dir='ltr'>inhabitamus,</span> <span class='ocrx_word' id='word_1_70' title='bbox 1627 854 1745 898; x_wconf 82' lang='lat' dir='ltr'>Mul-</span> 
     </span>
     <span class='ocr_line' id='line_1_10' title="bbox 116 932 1747 992; baseline -0.003 -11"><span class='ocrx_word' id='word_1_71' title='bbox 116 946 167 981; x_wconf 90' lang='lat' dir='ltr'>ta</span> <span class='ocrx_word' id='word_1_72' title='bbox 200 945 468 992; x_wconf 86' lang='lat' dir='ltr'>praeterea</span> <span class='ocrx_word' id='word_1_73' title='bbox 492 945 607 981; x_wconf 91' lang='lat' dir='ltr'>ante</span> <span class='ocrx_word' id='word_1_74' title='bbox 631 935 828 991; x_wconf 91' lang='lat' dir='ltr'>incepta</span> <span class='ocrx_word' id='word_1_75' title='bbox 859 935 956 979; x_wconf 85' lang='lat' dir='ltr'>iam</span> <span class='ocrx_word' id='word_1_76' title='bbox 992 933 1203 979; x_wconf 91' lang='lat' dir='ltr'>rectoris</span> <span class='ocrx_word' id='word_1_77' title='bbox 1236 933 1490 989; x_wconf 82' lang='lat' dir='ltr'>industria,</span> <span class='ocrx_word' id='word_1_78' title='bbox 1518 932 1747 977; x_wconf 87' lang='lat' dir='ltr'>absoluta</span> 
     </span>
     <span class='ocr_line' id='line_1_11' title="bbox 116 1008 1746 1071; baseline -0.004 -12"><span class='ocrx_word' id='word_1_79' title='bbox 116 1023 245 1059; x_wconf 89' lang='lat' dir='ltr'>sunt.</span> <span class='ocrx_word' id='word_1_80' title='bbox 273 1013 532 1071; x_wconf 88' lang='lat' dir='ltr'>Templum</span> <span class='ocrx_word' id='word_1_81' title='bbox 558 1013 773 1058; x_wconf 88' lang='lat' dir='ltr'>nondum</span> <span class='ocrx_word' id='word_1_82' title='bbox 798 1021 1021 1058; x_wconf 90' lang='lat' dir='ltr'>erectum</span> <span class='ocrx_word' id='word_1_83' title='bbox 1047 1011 1463 1067; x_wconf 73' lang='lat' dir='ltr'>quemadmodum</span> <span class='ocrx_word' id='word_1_84' title='bbox 1482 1008 1746 1066; x_wconf 89' lang='lat' dir='ltr'>superiori-</span> 
     </span>
     <span class='ocr_line' id='line_1_12' title="bbox 119 1088 1747 1148; baseline -0.005 -11"><span class='ocrx_word' id='word_1_85' title='bbox 119 1092 211 1137; x_wconf 89' lang='lat' dir='ltr'>bus</span> <span class='ocrx_word' id='word_1_86' title='bbox 235 1091 484 1137; x_wconf 87' lang='lat' dir='ltr'>mensibus</span> <span class='ocrx_word' id='word_1_87' title='bbox 508 1091 854 1148; x_wconf 78' lang='lat' dir='ltr'>sperabamus,</span> <span class='ocrx_word' id='word_1_88' title='bbox 883 1090 1027 1146; x_wconf 84' lang='lat' dir='ltr'>idque</span> <span class='ocrx_word' id='word_1_89' title='bbox 1051 1098 1256 1145; x_wconf 87' lang='lat' dir='ltr'>propter</span> <span class='ocrx_word' id='word_1_90' title='bbox 1287 1088 1502 1133; x_wconf 90' lang='lat' dir='ltr'>omnium</span> <span class='ocrx_word' id='word_1_91' title='bbox 1529 1102 1651 1143; x_wconf 92' lang='lat' dir='ltr'>pene</span> <span class='ocrx_word' id='word_1_92' title='bbox 1678 1102 1747 1130; x_wconf 89' lang='lat' dir='ltr'>re-</span> 
     </span>
     <span class='ocr_line' id='line_1_13' title="bbox 119 1163 1749 1225; baseline -0.004 -12"><span class='ocrx_word' id='word_1_93' title='bbox 119 1185 226 1214; x_wconf 88' lang='lat' dir='ltr'>rum</span> <span class='ocrx_word' id='word_1_94' title='bbox 262 1168 521 1225; x_wconf 88' lang='lat' dir='ltr'>praeteriti</span> <span class='ocrx_word' id='word_1_95' title='bbox 556 1169 669 1214; x_wconf 90' lang='lat' dir='ltr'>anni</span> <span class='ocrx_word' id='word_1_96' title='bbox 704 1167 918 1224; x_wconf 92' lang='lat' dir='ltr'>inopiam</span> <span class='ocrx_word' id='word_1_97' title='bbox 943 1166 1123 1212; x_wconf 89' lang='lat' dir='ltr'>euenit.</span> <span class='ocrx_word' id='word_1_98' title='bbox 1154 1165 1216 1210; x_wconf 77' lang='lat' dir='ltr'>Et</span> <span class='ocrx_word' id='word_1_99' title='bbox 1240 1165 1364 1210; x_wconf 90' lang='lat' dir='ltr'>haec</span> <span class='ocrx_word' id='word_1_100' title='bbox 1388 1179 1514 1220; x_wconf 83' lang='lat' dir='ltr'>quae</span> <span class='ocrx_word' id='word_1_101' title='bbox 1540 1163 1583 1207; x_wconf 87' lang='lat' dir='ltr'>in</span> <span class='ocrx_word' id='word_1_102' title='bbox 1610 1178 1749 1219; x_wconf 86' lang='lat' dir='ltr'>prae-</span> 
     </span>
     <span class='ocr_line' id='line_1_14' title="bbox 118 1243 1749 1301; baseline -0.005 -10"><span class='ocrx_word' id='word_1_103' title='bbox 118 1246 244 1291; x_wconf 89' lang='lat' dir='ltr'>senti</span> <span class='ocrx_word' id='word_1_104' title='bbox 283 1245 547 1291; x_wconf 89' lang='lat' dir='ltr'>scribenda</span> <span class='ocrx_word' id='word_1_105' title='bbox 592 1244 933 1301; x_wconf 84' lang='lat' dir='ltr'>iudicauimus,</span> <span class='ocrx_word' id='word_1_106' title='bbox 978 1243 1022 1288; x_wconf 90' lang='lat' dir='ltr'>in</span> <span class='ocrx_word' id='word_1_107' title='bbox 1064 1252 1277 1288; x_wconf 84' lang='lat' dir='ltr'>mentem</span> <span class='ocrx_word' id='word_1_108' title='bbox 1321 1251 1579 1296; x_wconf 77' lang='lat' dir='ltr'>venerunt3</span> <span class='ocrx_word' id='word_1_109' title='bbox 1622 1254 1749 1295; x_wconf 89' lang='lat' dir='ltr'>quae</span> 
     </span>
     <span class='ocr_line' id='line_1_15' title="bbox 120 1317 1749 1379; baseline -0.005 -11"><span class='ocrx_word' id='word_1_110' title='bbox 120 1332 287 1379; x_wconf 90' lang='lat' dir='ltr'>vtpote</span> <span class='ocrx_word' id='word_1_111' title='bbox 312 1324 527 1379; x_wconf 87' lang='lat' dir='ltr'>paucula</span> <span class='ocrx_word' id='word_1_112' title='bbox 560 1332 710 1379; x_wconf 85' lang='lat' dir='ltr'>atque</span> <span class='ocrx_word' id='word_1_113' title='bbox 735 1322 881 1379; x_wconf 89' lang='lat' dir='ltr'>pauci</span> <span class='ocrx_word' id='word_1_114' title='bbox 906 1321 1140 1366; x_wconf 87' lang='lat' dir='ltr'>momenti</span> <span class='ocrx_word' id='word_1_115' title='bbox 1174 1320 1214 1365; x_wconf 92' lang='lat' dir='ltr'>si</span> <span class='ocrx_word' id='word_1_116' title='bbox 1248 1330 1471 1364; x_wconf 87' lang='lat' dir='ltr'>nostram</span> <span class='ocrx_word' id='word_1_117' title='bbox 1497 1317 1749 1374; x_wconf 85' lang='lat' dir='ltr'>negligen-</span> 
     </span>
     <span class='ocr_line' id='line_1_16' title="bbox 118 1395 1751 1456; baseline -0.004 -12"><span class='ocrx_word' id='word_1_118' title='bbox 118 1400 235 1445; x_wconf 84' lang='lat' dir='ltr'>tiam</span> <span class='ocrx_word' id='word_1_119' title='bbox 270 1415 331 1446; x_wconf 84' lang='lat' dir='ltr'>ac</span> <span class='ocrx_word' id='word_1_120' title='bbox 360 1400 614 1456; x_wconf 90' lang='lat' dir='ltr'>ignauiam</span> <span class='ocrx_word' id='word_1_121' title='bbox 638 1399 916 1456; x_wconf 75' lang='lat' dir='ltr'>arguerint,</span> <span class='ocrx_word' id='word_1_122' title='bbox 945 1408 1082 1444; x_wconf 90' lang='lat' dir='ltr'>tuam</span> <span class='ocrx_word' id='word_1_123' title='bbox 1106 1397 1290 1442; x_wconf 80' lang='lat' dir='ltr'>Rtiam.</span> <span class='ocrx_word' id='word_1_124' title='bbox 1319 1411 1491 1441; x_wconf 90' lang='lat' dir='ltr'>omnes</span> <span class='ocrx_word' id='word_1_125' title='bbox 1515 1395 1575 1439; x_wconf 91' lang='lat' dir='ltr'>ad</span> <span class='ocrx_word' id='word_1_126' title='bbox 1602 1410 1751 1439; x_wconf 84' lang='lat' dir='ltr'>vnum</span> 
     </span>
     <span class='ocr_line' id='line_1_17' title="bbox 120 1473 1750 1535; baseline -0.004 -12"><span class='ocrx_word' id='word_1_127' title='bbox 120 1478 365 1534; x_wconf 89' lang='lat' dir='ltr'>supplices</span> <span class='ocrx_word' id='word_1_128' title='bbox 390 1479 719 1535; x_wconf 87' lang='lat' dir='ltr'>deprecamur</span> <span class='ocrx_word' id='word_1_129' title='bbox 746 1487 796 1523; x_wconf 85' lang='lat' dir='ltr'>vt</span> <span class='ocrx_word' id='word_1_130' title='bbox 820 1493 849 1522; x_wconf 92' lang='lat' dir='ltr'>a</span> <span class='ocrx_word' id='word_1_131' title='bbox 874 1477 983 1522; x_wconf 91' lang='lat' dir='ltr'>Deo</span> <span class='ocrx_word' id='word_1_132' title='bbox 1008 1476 1224 1522; x_wconf 88' lang='lat' dir='ltr'>omnium</span> <span class='ocrx_word' id='word_1_133' title='bbox 1259 1476 1502 1520; x_wconf 85' lang='lat' dir='ltr'>bonorum</span> <span class='ocrx_word' id='word_1_134' title='bbox 1538 1473 1750 1518; x_wconf 86' lang='lat' dir='ltr'>authore</span> 
     </span>
     <span class='ocr_line' id='line_1_18' title="bbox 120 1552 1751 1612; baseline -0.004 -12"><span class='ocrx_word' id='word_1_135' title='bbox 120 1555 338 1611; x_wconf 84' lang='lat' dir='ltr'>gratiam</span> <span class='ocrx_word' id='word_1_136' title='bbox 363 1555 612 1612; x_wconf 81' lang='lat' dir='ltr'>impetret,</span> <span class='ocrx_word' id='word_1_137' title='bbox 636 1571 732 1612; x_wconf 86' lang='lat' dir='ltr'>qua</span> <span class='ocrx_word' id='word_1_138' title='bbox 758 1555 966 1611; x_wconf 90' lang='lat' dir='ltr'>posthac</span> <span class='ocrx_word' id='word_1_139' title='bbox 986 1569 1075 1599; x_wconf 89' lang='lat' dir='ltr'>nos</span> <span class='ocrx_word' id='word_1_140' title='bbox 1095 1552 1377 1609; x_wconf 88' lang='lat' dir='ltr'>diligentius</span> <span class='ocrx_word' id='word_1_141' title='bbox 1401 1566 1582 1608; x_wconf 79' lang='lat' dir='ltr'>gerere</span> <span class='ocrx_word' id='word_1_142' title='bbox 1601 1559 1751 1606; x_wconf 83' lang='lat' dir='ltr'>atque</span> 
     </span>
     <span class='ocr_line' id='line_1_19' title="bbox 119 1627 1748 1689; baseline -0.003 -13"><span class='ocrx_word' id='word_1_143' title='bbox 119 1641 324 1678; x_wconf 88' lang='lat' dir='ltr'>nostrae</span> <span class='ocrx_word' id='word_1_144' title='bbox 344 1632 642 1689; x_wconf 78' lang='lat' dir='ltr'>professioni</span> <span class='ocrx_word' id='word_1_145' title='bbox 667 1632 936 1689; x_wconf 79' lang='lat' dir='ltr'>perfectius</span> <span class='ocrx_word' id='word_1_146' title='bbox 961 1631 1266 1688; x_wconf 88' lang='lat' dir='ltr'>respondere</span> <span class='ocrx_word' id='word_1_147' title='bbox 1291 1629 1552 1687; x_wconf 89' lang='lat' dir='ltr'>possimus.</span> <span class='ocrx_word' id='word_1_148' title='bbox 1581 1627 1748 1672; x_wconf 87' lang='lat' dir='ltr'>Bisbo-</span> 
     </span>
     <span class='ocr_line' id='line_1_20' title="bbox 121 1703 1751 1769; baseline -0.004 -15"><span class='ocrx_word' id='word_1_149' title='bbox 121 1725 215 1754; x_wconf 90' lang='lat' dir='ltr'>nae</span> <span class='ocrx_word' id='word_1_150' title='bbox 240 1709 459 1755; x_wconf 88' lang='lat' dir='ltr'>calendis</span> <span class='ocrx_word' id='word_1_151' title='bbox 482 1709 597 1769; x_wconf 81' lang='lat' dir='ltr'>Julii</span> <span class='ocrx_word' id='word_1_152' title='bbox 622 1726 752 1756; x_wconf 87' lang='lat' dir='ltr'>anno</span> <span class='ocrx_word' id='word_1_153' title='bbox 777 1719 887 1766; x_wconf 92' lang='lat' dir='ltr'>post</span> <span class='ocrx_word' id='word_1_154' title='bbox 912 1708 1168 1755; x_wconf 89' lang='lat' dir='ltr'>Christum</span> <span class='ocrx_word' id='word_1_155' title='bbox 1193 1717 1364 1753; x_wconf 90' lang='lat' dir='ltr'>natum</span> <span class='ocrx_word' id='word_1_156' title='bbox 1396 1703 1751 1751; x_wconf 79' lang='lat' dir='ltr'><strong>M.D.LVIH.0</strong></span> 
     </span>
    </p>

    <p class='ocr_par' dir='ltr' id='par_1_3' title="bbox 124 1783 1750 1925">
     <span class='ocr_line' id='line_1_21' title="bbox 210 1783 1750 1843; baseline -0.004 -11"><span class='ocrx_word' id='word_1_157' title='bbox 210 1786 289 1832; x_wconf 84' lang='lat' dir='ltr'>Ex</span> <span class='ocrx_word' id='word_1_158' title='bbox 314 1788 548 1833; x_wconf 89' lang='lat' dir='ltr'>mandato</span> <span class='ocrx_word' id='word_1_159' title='bbox 573 1788 738 1833; x_wconf 81' lang='lat' dir='ltr'>Patris</span> <span class='ocrx_word' id='word_1_160' title='bbox 772 1787 908 1833; x_wconf 86' lang='lat' dir='ltr'>Petri</span> <span class='ocrx_word' id='word_1_161' title='bbox 943 1787 1177 1843; x_wconf 74' lang='lat' dir='ltr'>Venusti,</span> <span class='ocrx_word' id='word_1_162' title='bbox 1206 1786 1346 1831; x_wconf 89' lang='lat' dir='ltr'>huius</span> <span class='ocrx_word' id='word_1_163' title='bbox 1371 1783 1567 1840; x_wconf 85' lang='lat' dir='ltr'>collegii</span> <span class='ocrx_word' id='word_1_164' title='bbox 1594 1791 1750 1827; x_wconf 88' lang='lat' dir='ltr'>recto-</span> 
     </span>
     <span class='ocr_line' id='line_1_22' title="bbox 124 1862 1499 1925; baseline -0.001 -18"><span class='ocrx_word' id='word_1_165' title='bbox 124 1864 209 1921; x_wconf 81' lang='lat' dir='ltr'>ris,</span> <span class='ocrx_word' id='word_1_166' title='bbox 235 1873 351 1910; x_wconf 88' lang='lat' dir='ltr'>tuae</span> <span class='ocrx_word' id='word_1_167' title='bbox 375 1864 540 1911; x_wconf 88' lang='lat' dir='ltr'>Rtiae.</span> <span class='ocrx_word' id='word_1_168' title='bbox 568 1865 936 1922; x_wconf 87' lang='lat' dir='ltr'>indignissimus</span> <span class='ocrx_word' id='word_1_169' title='bbox 961 1865 1006 1910; x_wconf 89' lang='lat' dir='ltr'>in</span> <span class='ocrx_word' id='word_1_170' title='bbox 1031 1865 1151 1925; x_wconf 90' lang='lat' dir='ltr'>Jesu</span> <span class='ocrx_word' id='word_1_171' title='bbox 1176 1863 1328 1909; x_wconf 90' lang='lat' dir='ltr'>Chro.</span> <span class='ocrx_word' id='word_1_172' title='bbox 1357 1862 1499 1918; x_wconf 83' lang='lat' dir='ltr'>filius,</span> 
     </span>
    </p>
   </div>
   <div class='ocr_carea' id='block_1_3' title="bbox 970 1957 1631 2005">
    <p class='ocr_par' dir='ltr' id='par_1_4' title="bbox 970 1957 1631 2005">
     <span class='ocr_line' id='line_1_23' title="bbox 970 1957 1631 2005; baseline -0.006 0"><span class='ocrx_word' id='word_1_173' title='bbox 970 1959 1289 2005; x_wconf 77' lang='lat' dir='ltr'><strong>VINCENTIUS</strong></span> <span class='ocrx_word' id='word_1_174' title='bbox 1322 1958 1561 2003; x_wconf 73' lang='lat' dir='ltr'><strong>ROMENA.</strong></span> <span class='ocrx_word' id='word_1_175' title='bbox 1602 1957 1631 2001; x_wconf 85' lang='lat'>¹.</span> 
     </span>
    </p>
   </div>
   <div class='ocr_carea' id='block_1_4' title="bbox 123 2063 1757 2206">
    <p class='ocr_par' dir='ltr' id='par_1_5' title="bbox 123 2063 1757 2206">
     <span class='ocr_line' id='line_1_24' title="bbox 211 2063 1757 2127; baseline -0.003 -15"><span class='ocrx_word' id='word_1_176' title='bbox 211 2067 504 2125; x_wconf 67' lang='lat' dir='ltr'>Inscriptio.</span> <span class='ocrx_word' id='word_1_177' title='bbox 532 2075 560 2123; x_wconf 90' lang='lat'><strong>†</strong></span> <span class='ocrx_word' id='word_1_178' title='bbox 584 2069 712 2115; x_wconf 87' lang='lat' dir='ltr'>Rdo.</span> <span class='ocrx_word' id='word_1_179' title='bbox 741 2070 787 2114; x_wconf 93' lang='lat' dir='ltr'>in</span> <span class='ocrx_word' id='word_1_180' title='bbox 813 2068 1016 2114; x_wconf 86' lang='lat' dir='ltr'>Christo</span> <span class='ocrx_word' id='word_1_181' title='bbox 1054 2069 1191 2114; x_wconf 85' lang='lat' dir='ltr'>Patri</span> <span class='ocrx_word' id='word_1_182' title='bbox 1215 2067 1407 2127; x_wconf 84' lang='lat' dir='ltr'>Jacobo</span> <span class='ocrx_word' id='word_1_183' title='bbox 1443 2065 1661 2121; x_wconf 78' lang='lat' dir='ltr'>Laynez,</span> <span class='ocrx_word' id='word_1_184' title='bbox 1694 2063 1757 2107; x_wconf 89' lang='lat' dir='ltr'>vi-</span> 
     </span>
     <span class='ocr_line' id='line_1_25' title="bbox 123 2144 1205 2206; baseline 0.001 -17"><span class='ocrx_word' id='word_1_185' title='bbox 123 2144 263 2190; x_wconf 88' lang='lat' dir='ltr'>cario</span> <span class='ocrx_word' id='word_1_186' title='bbox 286 2146 512 2202; x_wconf 89' lang='lat' dir='ltr'>generali</span> <span class='ocrx_word' id='word_1_187' title='bbox 537 2145 806 2192; x_wconf 85' lang='lat' dir='ltr'>Societatis</span> <span class='ocrx_word' id='word_1_188' title='bbox 829 2146 963 2206; x_wconf 91' lang='lat' dir='ltr'>Jesu.</span> <span class='ocrx_word' id='word_1_189' title='bbox 996 2146 1205 2191; x_wconf 81' lang='lat' dir='ltr'>Romae.</span> 
     </span>
    </p>
   </div>
   <div class='ocr_carea' id='block_1_5' title="bbox 175 2314 1006 2362">
    <p class='ocr_par' dir='ltr' id='par_1_6' title="bbox 175 2314 1006 2362">
     <span class='ocr_line' id='line_1_26' title="bbox 175 2314 1006 2362; baseline 0.001 -12"><span class='ocrx_word' id='word_1_190' title='bbox 175 2315 182 2333; x_wconf 88' lang='lat'><strong>¹</strong></span> <span class='ocrx_word' id='word_1_191' title='bbox 237 2314 344 2351; x_wconf 83' lang='lat' dir='ltr'>Vide</span> <span class='ocrx_word' id='word_1_192' title='bbox 363 2315 562 2362; x_wconf 81' lang='lat' dir='ltr'>superius,</span> <span class='ocrx_word' id='word_1_193' title='bbox 585 2328 678 2362; x_wconf 85' lang='lat' dir='ltr'>pag.</span> <span class='ocrx_word' id='word_1_194' title='bbox 700 2314 782 2358; x_wconf 74' lang='lat'>561„</span> <span class='ocrx_word' id='word_1_195' title='bbox 805 2319 946 2351; x_wconf 88' lang='lat' dir='ltr'>annot.</span> <span class='ocrx_word' id='word_1_196' title='bbox 976 2315 1006 2351; x_wconf 91' lang='lat'>1.</span> 
     </span>
    </p>
   </div>
  </div>
 </body>
</html>
