1910 3380
549 204 806 241 4S.——EBORA
833 204 879 239 30
906 203 1079 240 Amatis
1107 203 1196 239 1557
1575 204 1639 239 199

56 303 280 357 tibusque
315 300 438 354 aliis,
477 300 720 344 acerrime
755 300 982 354 utrinque
1017 307 1293 355 pugnatum
1328 308 1416 352 est,
1449 300 1681 344 versaba-

55 390 134 424 tur
159 379 283 423 enim
307 384 324 403 ὃ
351 377 507 421 omnis
532 376 637 422 fere
672 376 936 433 disputatio
972 376 1017 420 in
1053 375 1220 431 primis
1253 384 1302 419 et
1335 376 1563 420 secundis
1602 391 1683 420 no-

55 455 283 503 tionibus,
312 469 439 509 quae
464 454 674 498 materia
699 453 744 497 in
769 453 1049 509 dialectica,
1077 452 1335 508 tyronibus
1371 453 1680 508 praesertim,

56 530 357 589 perdifficilis
383 540 585 586 putatur
610 532 639 574 ¹.

110 608 152 653 3.
221 606 557 662 Consumptus
582 607 733 663 igitur
757 606 835 651 ille
860 606 962 651 dies
987 617 1077 662 est,
1117 621 1302 661 magna
1336 621 1448 651 cum
1485 621 1683 662 praece-

54 683 206 741 ptoris
229 692 277 728 et
301 683 654 739 discipulorum
680 683 841 739 laude,
869 698 1026 740 eoque
1052 683 1213 739 magis
1237 682 1383 739 quod,
1408 692 1460 727 ut
1480 682 1585 727 fieri
1611 698 1685 727 so-

55 761 136 815 let,
163 775 405 816 persaepe
432 760 774 815 disputationis
800 760 1128 815 contentione,
1152 775 1233 804 res
1252 759 1314 804 ad
1333 775 1532 804 sacram
1552 760 1685 804 theo-

55 839 238 894 logiam
264 837 620 893 deducebatur,
649 852 744 893 qua
769 837 814 882 in
841 836 1081 881 facultate
1117 846 1191 881 est
1226 837 1467 893 magister
1502 836 1681 881 medio-

57 915 206 960 criter
251 922 499 958 uersatus.
546 913 976 970 Disputationibus
1022 924 1189 959 autem
1240 913 1403 971 finitis,
1456 914 1684 970 princeps

46 991 335 1047 cardinalis,
379 1000 615 1046 quantum
650 1006 712 1036 ex
745 991 817 1036 his
852 991 1170 1036 iucunditatis
1208 990 1574 1047 voluptatisque
1609 1006 1686 1036 ce—

54 1068 218 1125 pisset,
245 1083 356 1112 cum
383 1067 575 1112 liberali
599 1067 840 1124 oratione,
869 1077 973 1112 tum
1006 1068 1153 1112 etiam
1188 1068 1429 1124 singulari
1464 1067 1509 1112 in
1544 1083 1685 1123 prae-

55 1153 308 1200 ceptorem
328 1144 649 1195 humanitate,
673 1144 982 1200 apertissime
1001 1144 1250 1199 indicauit,
1273 1144 1452 1200 illoque
1472 1144 1548 1189 die
1568 1145 1685 1189 mul-

55 1221 115 1266 tis
138 1221 466 1277 audientibus,
494 1221 627 1266 nulla
651 1221 748 1266 alia
773 1221 832 1266 de
867 1237 920 1266 re
953 1221 1082 1266 domi
1119 1223 1346 1278 loquutus
1381 1221 1533 1267 fuisse
1574 1221 1685 1266 dici-

57 1309 149 1343 tur.
192 1298 327 1342 Laus
367 1307 415 1343 et
453 1299 617 1355 gloria
656 1298 813 1343 omnis
847 1298 974 1356 DeO,
1010 1299 1256 1344 bonorum
1294 1299 1509 1344 omnium
1543 1298 1684 1351 fonti,

57 1374 319 1419 tribuatur.
348 1374 635 1421 Adfuerunt
659 1384 826 1420 autem
851 1375 896 1420 in
922 1375 1004 1420 illo
1037 1385 1284 1421 conuentu
1318 1376 1411 1420 uiri
1447 1375 1682 1432 religiosi.

56 1451 364 1505 dominicani,
392 1451 693 1497 franciscani
727 1461 775 1497 et
809 1452 1160 1509 augustiniani,
1199 1469 1225 1497 e
1259 1453 1434 1509 quibus
1469 1452 1685 1498 nonnulli

60 1537 235 1574 contra
255 1528 582 1585 disputarunt.

111 1606 154 1650 4.
219 1604 515 1651 Incredibile
540 1614 629 1663 est,
658 1606 810 1651 Pater
835 1607 1142 1662 charissime,
1170 1617 1354 1663 quanta
1378 1607 1685 1651 liberalitate

57 1686 104 1727 et
140 1682 486 1728 beneuolentia
530 1683 758 1739 princeps
803 1684 1070 1729 cardinalis
1114 1682 1418 1729 Societatem
1463 1693 1687 1728 nostram

57 1759 434 1816 complectatur,
465 1773 626 1817 usque
650 1760 795 1817 adeo,
824 1764 892 1810 ut,
921 1761 959 1805 si
993 1761 1035 1806 ei
1072 1776 1162 1817 per
1197 1761 1552 1817 occupationes
1587 1776 1686 1805 ma—

59 1835 215 1881 ximas
239 1837 427 1891 liceret,
457 1852 699 1893 nusquam
724 1838 952 1883 libentius
977 1854 1124 1894 quam
1144 1854 1240 1883 una
1260 1838 1516 1884 nobiscum
1535 1847 1683 1890 esset;

52 1922 104 1959 et
126 1913 349 1970 quamuis
376 1913 607 1959 maximis
626 1915 836 1970 negotiis
856 1915 1167 1969 distineatur,
1190 1925 1354 1960 tamen
1375 1916 1560 1960 nullum
1580 1914 1685 1960 fere

0 2054 2 2058 ,
51 1990 182 2036 «diem
205 1991 284 2036 vel
309 1991 576 2036 admodum
601 2007 786 2048 paucos
810 1993 1179 2049 praetermittit,
1207 1993 1321 2049 quin
1346 1992 1393 2037 in
1424 1992 1687 2048 collegium

59 2077 279 2113 nostrum
309 2068 531 2125 uentitet3
569 2084 683 2113 nam
716 2069 762 2114 in
798 2070 1213 2127 quadragessima
1247 2082 1391 2115 nocte
1425 2085 1522 2114 una
1556 2068 1686 2125 apud

59 2160 146 2190 nos
169 2145 418 2202 dormiuit,
445 2155 493 2191 et
517 2155 719 2202 postero
744 2147 821 2192 die
846 2162 990 2192 mane
1015 2147 1061 2192 in
1096 2148 1280 2192 sacello
1315 2147 1527 2203 quodam
1569 2156 1685 2191 tem-

62 2221 122 2277 pli
146 2223 301 2267 nostri
326 2237 525 2267 sacrum
549 2221 680 2267 fecit.
710 2222 843 2268 Idem
878 2224 1056 2269 iterum
1091 2233 1202 2280 post
1235 2223 1439 2280 pascha,
1476 2234 1524 2269 et
1557 2222 1685 2278 apud

61 2313 146 2343 nos
181 2308 326 2343 nocte
361 2300 523 2344 altera
556 2298 648 2344 fuit
681 2309 729 2344 et
764 2300 901 2345 Patri
935 2301 1120 2346 rectori
1161 2310 1370 2358 peccata
1409 2300 1682 2356 confessus,

52 2389 256 2420 sacrum
282 2375 413 2431 illud,
441 2376 520 2421 cui
545 2376 827 2422 scholastici
863 2378 1101 2423 interesse
1135 2379 1311 2430 solent,
1350 2378 1578 2433 confecit3
1616 2386 1684 2421 to—

64 2460 259 2509 tumque
282 2453 398 2497 illud
423 2462 616 2509 tempus
641 2454 1104 2512 antemeridianum,
1131 2455 1311 2511 partim
1336 2455 1380 2499 in
1407 2453 1685 2499 dialectico-

62 2543 184 2581 rum,
214 2529 461 2585 partimin
485 2545 672 2584 eorum,
710 2531 789 2587 qui
825 2531 1022 2576 casibus
1057 2532 1389 2577 conscientiae
1423 2531 1541 2575 dant
1575 2546 1685 2586 ope-

51 2619 184 2663 ram,
226 2605 553 2662 disputatione
592 2607 837 2652 audienda
873 2608 1193 2665 consumpsit.
1232 2607 1422 2652 Deinde
1457 2622 1578 2652 uero
1613 2607 1686 2652 his

108 2765 125 2785 ὃ
169 2758 275 2795 enim
294 2772 385 2796 cum
405 2760 479 2797 his.

110 2890 119 2909 ¹
171 2888 363 2936 Quaestio
379 2892 427 2928 de
447 2893 585 2939 primis
600 2900 640 2932 et
655 2895 842 2931 secundis
857 2896 1084 2932 notionibus
1100 2895 1279 2941 agitatur
1293 2908 1316 2931 a
1337 2894 1686 2931 CONIMBRICENSI-

62 2957 135 2984 BUS
152 2948 193 2986 in
210 2952 497 2988 commentario
516 2952 557 2988 in
577 2952 804 2999 isagogem
822 2954 1066 3001 Porphyrii
1089 2954 1162 2991 sub
1182 2953 1430 3001 generaliori
1449 2954 1685 3001 quaestione

0 3019 1 3023 ¹
51 3005 110 3044 -de
129 3008 440 3048 universalibus.
