1900 3380
451 342 763 384 93.—PAN0RM0
792 348 835 385 12
861 349 1124 389 SEPTEMRRis
1155 356 1243 393 1537
1545 366 1606 400 :271

40 435 385 488 componendis
419 438 651 497 epistolis,
680 445 939 491 nonnullos
975 448 1017 493 in
1055 452 1377 509 orationibus,
1406 464 1657 517 quamplu-

0 517 1 544 ἐ
39 509 188 554 rimos
222 511 368 556 etiam
394 513 437 558 in
465 517 781 578 carminibus,
808 524 892 567 sed
919 528 1211 579 praesertim
1240 532 1309 586 (ut
1337 546 1558 582 nostrum
1587 556 1657 584 rc-

0 597 2 613 *
39 586 182 642 quirit
217 587 525 648 institutum),
553 594 615 639 ad
640 597 852 652 optimos
883 617 1046 648 mores
1071 621 1131 650 ac
1155 607 1288 653 uitae
1321 610 1655 673 integritatem

0 676 2 712 ζ
36 663 260 709 iuuentus
294 666 606 729 informatur⁷
644 689 740 729 qua
777 677 843 722 ita
880 680 1031 726 rebus
1064 683 1244 731 diuinis
1277 694 1293 713 ἃ
1332 693 1518 746 appulit
1559 697 1656 740 ani-

0 747 4 803 'i
36 756 178 797 mum,
205 751 256 787 ut
280 744 486 801 singulis
516 748 686 795 diebus
721 753 766 797 in
803 766 973 802 nostra
1009 761 1221 808 ecclesia
1255 768 1412 811 sacris
1448 769 1654 825 intersit,

0 808 370 871 {confessiones
414 823 716 883 frequentet,
764 834 1027 881 conciones
1077 838 1286 897 denique
1331 854 1378 890 ct
1424 847 1657 895 lectiones

0 873 3 959 i
36 911 281 954 nunquam
306 899 520 947 deserat.

92 975 132 1019 4.
200 974 293 1020 Hic
332 977 445 1023 illud
486 989 533 1025 te
580 982 733 1030 latere
773 1002 865 1032 non
912 990 1091 1038 sinam:
1139 1000 1552 1051 quemadmodum
1598 1006 1656 1051 D.

35 1051 249 1111 Joannes
274 1069 302 1098 a
328 1054 492 1102 Zerda
518 1060 548 1115 1,
577 1060 717 1107 huius
743 1066 882 1121 regni
909 1084 1109 1128 prorex,
1138 1077 1308 1129 paucis
1343 1079 1514 1127 diebus
1549 1095 1658 1140 post

36 1128 144 1174 eins
167 1129 185 1155 b
208 1130 298 1176 huc
334 1133 599 1180 aduentum
636 1138 922 1201 interiectis,
951 1162 979 1191 a
1015 1150 1156 1196 nobis
1176 1152 1430 1213 inuitatus,
1458 1170 1656 1208 nostras

0 1247 2 1255 ,
35 1207 228 1253 scholas
263 1209 424 1256 inuisit
448 1214 566 1259 satis
592 1216 733 1262 hilari
770 1220 840 1276 (ut
874 1225 1121 1273 coniicere
1156 1230 1308 1290 licuit)
1346 1238 1499 1294 uultu,
1528 1241 1657 1288 unde

34 1284 256 1331 absoluto
281 1302 426 1333 sacro
453 1290 614 1346 (mane
649 1297 775 1341 enim
805 1311 1008 1357 propter
1033 1316 1243 1367 aestum,
1272 1313 1351 1368 qui
1377 1324 1478 1361 tum
1505 1320 1655 1364 maxi-

35 1376 108 1406 me
146 1361 390 1421 feruebat‚
433 1369 493 1412 ad
535 1385 623 1415 nos
663 1374 831 1431 uenit),
875 1381 1118 1435 quaedam
1160 1388 1371 1436 recitata
1411 1406 1521 1439 sunt
1561 1398 1655 1454 epi-

32 1450 313 1494 grammata
353 1459 462 1489 cum
503 1461 671 1504 grece,
716 1460 819 1498 tum
866 1455 1013 1503 latine
1058 1466 1347 1520 composita.
1397 1470 1655 1521 Postremo

3 1542 5 1546 -
33 1515 225 1573 quidam
256 1534 282 1563 e
312 1522 495 1567 nostris
530 1525 841 1575 scholasticis
874 1536 1006 1580 satis
1039 1540 1214 1586 nobilis
1245 1550 1260 1570 ⁰
1292 1550 1537 1601 quandam
1574 1553 1654 1598 ha-

0 1579 4 1644 l
34 1593 132 1639 buit
167 1596 441 1643 orationem
476 1600 520 1645 in
558 1603 663 1649 eius
698 1606 886 1655 laudes.
922 1611 1192 1663 Foeliciter
1227 1623 1405 1676 omnia,
1443 1627 1551 1673 Deo
1586 1630 1655 1676 fa-

0 1645 4 1664 *
33 1680 190 1728 uente‚
218 1688 585 1737 successerunt,
613 1691 660 1726 et
685 1699 870 1739 prorex
904 1696 1089 1738 cuncta
1123 1710 1256 1753 quae
1273 1701 1511 1758 fecimus
1535 1707 1552 1733 ‘¹
1578 1710 1655 1755 be—

32 1748 178 1806 nigna
212 1761 374 1798 mente
398 1757 624 1813 suscepit,
652 1759 796 1818 idque
830 1779 892 1810 ex
926 1768 1031 1814 eius
1057 1773 1221 1820 uerbis
1245 1778 1307 1822 ad
1343 1779 1539 1829 Patrem
1574 1803 1654 1832 no-

32 1833 183 1871 strum
219 1826 424 1876 Paulum
451 1833 465 1856 ‘2
490 1834 654 1891 colligi
680 1837 826 1886 facile
850 1845 1022 1898 potuit.
1050 1846 1350 1907 Saepissime
1385 1859 1530 1919 enim,
1558 1879 1654 1920 quo

33 1903 191 1949 animo
216 1905 261 1950 in
286 1922 374 1953 nos
399 1920 531 1957 esset
555 1913 771 1961 affectus
795 1923 1025 1974 ostendit,
1054 1942 1163 1973 curn
1189 1934 1397 1980 eundem
1433 1937 1650 1999 Patrem,

32 1995 124 2026 non
149 1984 293 2029 modo
317 1984 703 2038 familiarissime
737 2009 894 2052 qnam
919 2003 1061 2048 credi
1086 2009 1269 2066 possit,
1297 2013 1650 2077 alloqueretur,

9 2063 11 2066 ⁴
32 2058 113 2102 sed
138 2059 195 2105 de
220 2063 382 2108 multis
407 2065 553 2112 etiam
579 2070 728 2116 rebus
752 2074 1090 2130 spiritualibus
1115 2098 1225 2130 cum
1252 2087 1356 2144 ipso
1381 2094 1649 2144 conferret,

31 2134 138 2181 Hoc
156 2139 391 2196 profecto
407 2143 618 2199 fatebor
637 2148 709 2204 (si
729 2153 1024 2202 coniectura
1046 2164 1387 2220 quaefzttttt‘a
1410 2178 1533 2218 suns
1565 2190 1652 2220 au-

28 2215 219 2269 gztmm'
240 2217 371 2274 licet)
395 2219 532 2266 lzmzc
556 2226 856 2275 acerrimum
887 2244 1090 2282 nostrae
1116 2241 1370 2299 religionis
1404 2248 1650 2299 fautorem

33 2291 309 2340 extiturum
355 2302 385 2341 e.
434 2297 712 2357 [Prospera
750 2311 973 2368 proregi
1012 2321 1237 2372 exoptat.
1289 2323 1429 2382 Oml,
1476 2334 1655 2384 preces

28 2370 285 2428 postulat]

117 2445 299 2493 Datum
323 2449 556 2500 Panormi
581 2457 738 2512 pridie
762 2461 870 2509 idus
894 2465 1203 2525 Septembris
1232 2477 1358 2524 1557.

117 2523 177 2570 R.
205 2525 258 2572 P.
286 2536 401 2574 tuae
425 2546 603 2580 seruus
627 2536 672 2581 in
698 2538 848 2599 Xp0.,

659 2644 891 2703 JOANNES
926 2652 1178 2706 BAPTisTA
1214 2663 1521 2716 CARMiNATA
1558 2674 1588 2720 3.

76 2794 94 2815 a
123 2789 172 2825 ad
190 2802 255 2827 res
274 2791 445 2831 diuinas.
499 2797 570 2824 —b
613 2799 754 2846 ipsius.
818 2814 880 2834 —C
924 2811 1069 2849 nobilis
1100 2816 1348 2859 adolescens.
1403 2825 1469 2853 --d
1506 2832 1652 2872 onmia.

76 2853 93 2874 e
135 2861 223 2886 eun]
246 2849 329 2888 fore
348 2852 389 2889 in
408 2853 514 2893 Dno.
536 2869 747 2904 speramus
763 2869 838 2903 etc.

76 3027 89 3047 ¹
137 3028 232 3067 Dux
249 3045 273 3069 a
292 3033 552 3077 Medinaceli.

77 3086 90 3106 ²
137 3088 186 3125 P.
210 3090 362 3132 Paulus
381 3097 429 3134 de
449 3097 639 3145 Achillis,
661 3106 823 3154 collegii
845 3117 987 3151 rector.

77 3145 90 3165 ³
139 3148 245 3188 Vide
263 3166 356 3201 pag.
376 3156 434 3200 55,
456 3166 591 3198 annot.
611 3162 646 3200 2.
