1900 3380
522 226 896 265 172.—PLAOENT1A
923 227 966 264 31
997 226 1108 272 MAJ1
1139 224 1230 262 1558
1563 220 1633 260 695

44 326 328 373 necessaria
368 325 672 370 uiderentur,
723 323 873 369 Pater
918 339 1055 378 uero,
1099 337 1210 366 cum
1255 319 1679 364 animaduerteret

43 405 281 450 maiorem
318 403 503 460 requiri
538 417 779 447 summam
813 416 1144 455 nummorum,
1182 414 1329 454 quam
1362 412 1488 454 quae
1514 404 1679 453 posset

42 499 101 528 eo
126 493 350 538 ternpore
376 480 439 525 ab
464 479 697 536 episcopo
723 478 962 535 exhiberi,
1000 475 1406 533 chyrographum
1443 474 1564 518 dare
1605 489 1678 518 re-

41 560 266 605 cusabat:
303 568 354 603 at
390 557 486 614 ille,
524 571 635 601 cum
666 555 830 600 Patris
854 555 1070 600 animum
1096 552 1437 607 intellexisset,
1464 550 1678 596 animun]

44 638 84 683 ei
109 636 295 682 addidit
320 651 372 680 se
396 634 543 680 facile
569 643 903 691 reperturum,
932 631 1009 688 qui
1035 631 1124 676 sibi
1160 644 1484 686 quaecunque
1519 626 1678 684 petiis-

41 724 115 761 set
149 714 393 769 crederet;
434 711 634 757 tandem
669 710 798 767 quod
822 709 1022 765 petebat
1047 707 1271 753 obtinuit.
1300 705 1492 752 Gratus
1516 704 1581 749 illi
1606 712 1680 749 est

42 806 356 848 summopere
382 790 534 835 Pater
560 797 745 843 rector,
773 787 912 831 cuius
937 784 1189 842 presentia
1214 784 1281 829 ita
1307 783 1600 837 delectatur,
1628 790 1682 826 ut

44 870 224 915 multas
263 867 356 913 diei
396 867 548 912 horas
588 873 849 911 consumat
888 863 1090 920 negotia
1129 861 1396 907 Societatis
1440 869 1488 905 et
1532 859 1679 905 etiam

45 946 248 1004 propria
273 961 385 991 cum
410 960 468 989 eo
494 942 772 989 conferens.

104 1024 171 1070 10.
239 1022 481 1068 Decreuit
501 1021 661 1066 denuo
686 1019 885 1065 domum
904 1017 1152 1074 quandam
1173 1016 1371 1073 erigere
1396 1015 1441 1059 in
1462 1014 1680 1071 praediis

44 1101 335 1159 quibusdam
360 1114 515 1156 prope
540 1099 713 1143 urbem
739 1094 1101 1141 amoenissimis
1126 1093 1271 1150 (quae
1296 1092 1514 1138 Sanctae
1539 1098 1555 1118 ³
1578 1091 1679 1136 Ma-

42 1178 288 1236 gdalenae
323 1177 619 1222 dicebantur
654 1176 686 1232 ¹,
728 1183 776 1219 et
810 1173 986 1229 quibus
1025 1172 1122 1216 iam
1161 1170 1379 1228 episcopi
1414 1169 1679 1214 donatione

42 1255 273 1313 fruimur)
299 1271 426 1312 quae
452 1253 681 1299 nimirum
707 1251 870 1297 domui
896 1249 1202 1307 probationis
1227 1248 1496 1300 deseruiat,
1524 1256 1573 1292 et
1607 1263 1680 1292 re·

43 1334 271 1381 creandis
296 1350 325 1379 a
349 1334 524 1378 labore
548 1330 791 1376 fratribus
816 1340 861 1374 et
886 1328 1121 1374 Patribus
1146 1326 1455 1384 placentinis,
1485 1325 1682 1382 quando

42 1413 111 1458 ita
135 1411 371 1469 expedire
396 1409 708 1455 iudicabitur.
736 1407 814 1452 De
837 1406 973 1452 fundi
998 1405 1141 1451 huius
1166 1403 1458 1450 utilitatibus
1488 1402 1681 1448 eximiis

43 1506 139 1536 non
173 1489 339 1535 scribo
374 1489 533 1546 plura,
572 1486 685 1543 quia
718 1485 947 1531 existimo
982 1484 1081 1529 iam
1110 1482 1234 1527 alias
1258 1481 1343 1527 tibi
1369 1497 1471 1526 rem
1499 1481 1680 1526 indica-

43 1579 161 1625 tam,
190 1581 280 1612 nec
304 1567 365 1611 de
389 1566 547 1611 leuius
570 1564 697 1610 noni
729 1562 958 1620 aedificii
989 1560 1367 1607 constructione
1401 1563 1682 1617 antequam

46 1660 128 1691 res
150 1648 328 1691 sumat
349 1643 638 1689 exordium.

108 1723 175 1769 11.
245 1721 583 1767 Comoramur
617 1720 716 1765 hoc⁴
744 1729 969 1775 tempore
1008 1715 1294 1762 Plazentiae
1334 1714 1509 1772 uiginti
1550 1725 1679 1765 octo,

46 1810 234 1857 septem
264 1799 458 1855 Patres,
496 1797 670 1854 reliqui
705 1797 907 1853 fratres,
945 1805 992 1841 et
1027 1794 1271 1841 ualuimus
1304 1794 1542 1839 hactenus
1576 1792 1683 1837 fere

46 1894 232 1935 omneS,
255 1894 369 1923 nam
389 1878 448 1923 de
472 1876 659 1923 morbis
683 1891 807 1932 quos
830 1874 979 1932 aliqui
1003 1882 1382 1929 contraxerant,
1404 1872 1543 1918 breui
1570 1887 1681 1916 con-

48 1957 327 2002 ualuerunt.

109 2033 177 2079 12.
243 2032 510 2078 Lectiones
537 2041 752 2088 quatuor
787 2029 1021 2075 classium
1055 2028 1191 2074 latini
1226 2027 1472 2073 sermonis
1507 2037 1554 2071 et
1589 2026 1682 2070 ari-

46 2112 285 2157 stoteleae
310 2110 603 2156 dialecticae
628 2107 977 2165 interpretatio
1007 2114 1399 2163 perseuerarunt
1435 2119 1587 2160 usque
1621 2103 1682 2148 ad

47 2190 165 2246 dies,
203 2204 324 2246 quos
360 2197 544 2234 uocant
578 2186 911 2242 caniculares,
938 2184 984 2230 in
1010 2184 1184 2241 quibus
1209 2183 1403 2229 omnino
1428 2185 1683 2227 cessatmn

47 2270 123 2312 est
143 2266 178 2323 b,
206 2266 273 2311 ita
299 2266 499 2311 uolente
523 2265 676 2310 Patre
701 2262 1108 2321 uiceprouinciali
1134 2262 1166 2326 23
1193 2260 1363 2306 habita
1396 2259 1590 2305 ratione
1609 2274 1683 2304 sa-

50 2344 164 2390 lutis
187 2353 391 2390 nostrae
415 2353 464 2388 et
489 2343 642 2388 etiarn
665 2341 1099 2388 scholasticorum.

97 2531 113 2550 a
164 2522 375 2560 Praeced.
397 2533 437 2558 v.
459 2521 671 2558 additum
691 2525 832 2567 supra
851 2531 962 2557 vers·
1018 2518 1083 2546 —b
1119 2517 1358 2562 cessabitur,
1380 2527 1467 2553 uon
1484 2515 1687 2554 emenda-

52 2586 91 2620 to
110 2585 255 2630 priore
271 2581 752 2629 verbozperseuerarunt.

100 2754 107 2772 ¹
161 2751 269 2789 Vide
288 2751 489 2799 superius,
521 2762 614 2797 pag.
644 2749 731 2786 458.
766 2747 923 2785 Domus
949 2748 1051 2784 haec
1078 2746 1155 2783 sita
1182 2750 1270 2782 erat
1296 2745 1403 2781 intra
1428 2743 1529 2781 fines
1556 2744 1686 2791 oppidi

46 2811 199 2859 Jaraiz.
226 2810 290 2848 Cf.
313 2810 484 2855 MADOZ,
507 2809 790 2847 Dz‘ccionczrz'o
805 2808 1063 2855 geogm'fico,
1085 2805 1157 2842 sub
1178 2804 1315 2842 verbis
1328 2804 1483 2851 JARAIZ
1501 2809 1542 2841 et
1569 2803 1688 2840 MAG-

50 2882 240 2909 DALENA.
1548 2857 1550 2859 ’

98 2931 111 2950 ²
161 2930 272 2967 Dum
290 2930 335 2967 P.
358 2929 498 2966 Araoz
518 2929 597 2966 iter
623 2929 664 2966 in
692 2928 849 2966 Urbem
877 2926 1163 2970 meditabatur,
1191 2924 1323 2961 factus
1349 2929 1410 2961 est
1437 2923 1689 2970 viceprovin-

51 2990 166 3027 cialis
191 2989 237 3027 P.
269 2989 586 3036 christophorus
602 2988 853 3036 RodrigueZ.
871 2987 1095 3031 ALCAZAR,
1116 2984 1498 3027 Chrouo-lzistoria,
1518 2983 1620 3020 Dec.
1638 2981 1687 3026 H,

53 3054 130 3087 aiio
149 3049 203 3095 X,
224 3062 312 3096 cap.
330 3048 404 3094 III,
426 3052 445 3091 ἓ
464 3048 481 3085 Ι
501 3048 609 3096 (pag.
630 3048 728 3093 397).
