2043 3467
381 250 429 287 82
853 251 1073 288 LITTERAE
1099 252 1454 297 QUADRIMESTRES

336 347 471 393 ribus
496 347 809 405 abhorrens),
836 363 946 393 eam
982 347 1027 393 in
1063 349 1214 393 corde
1248 349 1506 406 percussit,
1546 348 1625 405 qui
1660 348 1764 393 eius
1797 363 1968 394 amore

335 424 481 481 graui
505 425 714 470 vulnere
738 423 907 469 habuit
931 440 1238 481 percussum,
1265 434 1318 469 vt
1342 424 1516 470 deinde
1540 440 1570 470 a
1594 426 1776 481 templo
1802 440 1854 470 se
1887 440 1966 470 ne-

335 511 482 557 garet
500 501 849 556 discessuram,
873 501 1029 546 donec
1048 501 1279 547 confessa
1298 502 1542 557 receperit
1557 501 1964 547 consolationem:

334 578 500 635 itaque
524 594 635 624 eam
661 578 903 634 dimisere,
933 588 984 621 vt
1008 577 1055 622 in
1089 578 1238 623 alium
1271 578 1399 624 diem
1433 593 1543 623 sese
1577 579 1859 634 disponeret
1891 593 1966 624 sa-

335 655 618 712 cramentis,
641 670 768 711 quae
793 669 920 699 nunc
939 654 1008 699 ita
1026 655 1206 712 pergit,
1231 665 1281 700 vt
1301 655 1347 700 in
1366 655 1468 700 dies
1489 655 1702 700 maxime
1720 654 1965 712 proficiat,

335 741 483 788 atque
507 732 580 776 his
605 732 779 787 quibus
803 730 967 777 fuerat
991 740 1140 776 antea
1165 740 1297 787 nota,
1326 732 1568 788 praebeat
1601 732 1848 788 specimen
1884 732 1966 777 ho-

334 797 642 854 nestissimae
666 807 967 853 mutationis,

392 886 435 931 A.
501 886 555 932 In
578 885 761 942 templo
787 884 1003 930 maximo
1029 894 1177 941 atque
1201 885 1310 931 aliis
1344 886 1500 930 nostri
1534 885 1822 931 frecuenter
1855 900 1967 930 con-

333 964 614 1018 cionantur,
641 962 805 1008 multis
830 976 950 1007 sane
975 963 1286 1008 audientibus
1309 972 1358 1008 et
1382 961 1768 1019 proficientibus,
1791 962 1968 1020 quippe

334 1040 414 1097 qui
447 1039 766 1085 libentissime
801 1039 1020 1084 audiunt.
1058 1039 1322 1084 Exaltetur
1356 1039 1401 1084 in
1441 1040 1667 1085 omnibus
1707 1039 1845 1084 Deus
1885 1054 1966 1084 no-

332 1127 451 1172 ster,
479 1117 619 1162 cuius
642 1116 806 1173 gloria
830 1116 1087 1174 quaeritur
1110 1116 1157 1162 in
1181 1117 1423 1162 omnibus.

390 1194 434 1240 5.
502 1194 547 1239 A
582 1193 790 1250 prandio
830 1209 1027 1249 semper
1067 1194 1249 1250 legitur
1288 1193 1560 1239 christiana
1596 1194 1823 1239 doctrina
1857 1209 1967 1239 cum

333 1271 614 1328 frequentia
648 1270 834 1328 ingenti
869 1271 1167 1327 auditorum,
1206 1286 1413 1328 quorum
1438 1286 1673 1316 numerus
1697 1270 1795 1315 iam
1820 1271 1967 1315 modo

333 1357 527 1404 auctus,
554 1348 717 1404 magis
741 1363 801 1393 ac
825 1347 984 1404 magis
1010 1348 1082 1404 (vt
1115 1347 1394 1404 speramus.)
1431 1347 1647 1403 quotidie
1681 1347 1964 1405 augebitur.

333 1424 387 1470 In
420 1424 700 1470 confitendo
735 1439 795 1469 ac
829 1434 1157 1470 sacrosancta
1187 1424 1364 1481 synaxi
1390 1423 1672 1480 recipienda
1697 1424 1833 1468 multi
1857 1436 1968 1469 sunt

332 1501 635 1558 frequentes.
665 1500 743 1546 Ex
766 1500 1160 1546 confessionibus
1183 1512 1232 1545 et
1256 1501 1576 1546 concionibus
1608 1501 1839 1546 videntur
1869 1502 1968 1547 exi-

333 1579 414 1624 mii
437 1578 631 1624 fructus
655 1594 908 1635 emanare,
936 1593 1000 1623 ex
1022 1579 1197 1635 quibus
1222 1577 1500 1634 (breuitatis
1525 1578 1698 1635 causa)
1729 1579 1968 1634 pauculos

335 1656 597 1713 attingam.

427 1732 668 1789 [Missum
677 1732 922 1791 facimus
945 1732 1169 1790 aliquem
1195 1732 1410 1788 celsima]

391 1811 433 1856 6.
484 1810 618 1855 -Alia
642 1809 886 1866 quaedam
912 1809 1078 1865 vidua,
1106 1809 1183 1854 cui
1209 1809 1622 1866 perabundabant
1651 1809 1859 1865 pecandi
1889 1824 1968 1854 oc-

333 1887 579 1944 casiones,
616 1887 820 1932 veniens
854 1887 917 1931 ad
950 1902 1038 1931 nos
1074 1887 1142 1931 ita
1176 1896 1250 1931 est
1285 1896 1492 1936 mutata,
1526 1895 1580 1931 vt
1611 1902 1673 1931 ex
1697 1886 1968 1932 mutatione

333 1964 485 2021 ipsius
508 1963 672 2021 gloria
695 1963 815 2021 Jesu
840 1962 1059 2020 Christo,
1097 1964 1334 2020 gaudium
1369 1964 1589 2009 honestis
1622 1973 1671 2008 et
1704 1963 1967 2009 admiratio

333 2040 461 2086 notis
495 2040 599 2085 eius
629 2040 907 2097 oboriatur;
942 2049 990 2086 et
1012 2041 1211 2085 tandem
1238 2056 1348 2085 cum
1378 2050 1493 2085 voto
1516 2040 1760 2085 castitatis
1784 2041 1832 2085 in
1856 2056 1966 2086 con-

333 2117 566 2174 fessione,
608 2118 953 2163 communione
992 2133 1054 2162 ac
1097 2118 1274 2162 mentis
1318 2118 1546 2163 oratione
1591 2118 1770 2175 pergit:
1818 2129 1968 2175 atque

335 2196 462 2241 adeo
502 2195 724 2252 firmiter,
767 2205 821 2240 vt
859 2195 990 2240 dicat
1025 2196 1209 2251 (diuina
1247 2196 1607 2241 interueniente
1646 2196 1831 2253 gratia)
1870 2212 1968 2242 non

334 2273 443 2318 fore
477 2272 779 2318 sufficientes
813 2287 985 2317 omnes
1009 2273 1243 2317 demones
1267 2273 1329 2317 ad
1353 2288 1464 2318 eam
1489 2273 1827 2330 deiiciendam,
1855 2274 1968 2319 dum

332 2350 410 2395 hic
433 2350 616 2395 habeat
640 2349 919 2406 collegium.

392 2427 434 2472 7.
502 2427 631 2472 Tres
654 2426 865 2483 puellae,
892 2441 1014 2483 prae
1034 2426 1249 2471 caeteris
1268 2427 1484 2472 eiusdem
1506 2427 1698 2472 farinae
1717 2428 1898 2485 multis,
1920 2428 1967 2473 in
2018 2454 2019 2458 =

331 2504 496 2549 mundi
520 2512 806 2560 contemptu
830 2503 1121 2559 enitescunt,
1149 2520 1259 2548 cum
1284 2504 1387 2549 eius
1411 2503 1595 2549 fuerint
1618 2514 1767 2549 antea
1797 2520 1966 2550 aman-

332 2582 569 2637 tissimae;
597 2590 646 2626 et
670 2597 733 2626 ex
755 2581 828 2626 his
852 2581 980 2626 duae
1003 2596 1056 2626 se
1080 2580 1175 2626 iam
1200 2581 1472 2637 alligarunt
1496 2582 1641 2635 votis,
1669 2581 1818 2626 tertia
1844 2597 1965 2627 vero

334 2657 596 2713 detinetur,
634 2673 730 2714 quo
764 2657 939 2722 melius
977 2657 1290 2713 adimplenda
1330 2657 1617 2703 necessario
1666 2658 1963 2714 consideret,

334 2733 531 2779 tametsi
555 2734 709 2779 inuita
734 2734 999 2779 detinetur.

391 2810 434 2855 8.
502 2811 775 2856 Praetereo
796 2811 992 2861 .multas
1027 2810 1364 2856 confessiones
1401 2811 1697 2856 veterrimas
1732 2827 1792 2856 ac
1824 2810 1965 2856 inuti-

333 2889 419 2944 les,
461 2903 520 2932 eo
560 2889 689 2945 quod
733 2889 779 2933 in
823 2889 892 2934 eis
931 2889 1096 2945 aliqua
1135 2889 1362 2933 scaelera
1406 2890 1725 2934 caelarentur
1763 2890 1825 2934 ob
1864 2889 1964 2934 ina-

333 2980 443 3009 nem
470 2974 517 3009 et
542 2965 832 3010 mendacem
858 2965 1227 3021 verecundiam,
1255 2976 1339 3010 aut
1370 2965 1479 3010 aliis
1512 2966 1803 3022 rationibus,
1842 2980 1964 3022 quas

332 3039 549 3097 perfidus
583 3041 661 3085 ille
695 3057 900 3098 serpens
929 3057 1210 3098 proponere
1242 3041 1515 3097 consueuit,
1543 3057 1638 3098 quo
1662 3057 1748 3087 eos
1770 3041 1964 3087 facilius

1987 3228 2033 3467 &35325423
2008 3208 2010 3210 ⁴
2014 3173 2025 3186 ‘i
2006 3092 2020 3130 '‘v‘
2003 3039 2022 3074 ⁴-A—
2022 3007 2025 3010 i
2010 2960 2011 2965 Α
2007 2864 2027 2946 ῑῖ’;“·““
2021 2771 2024 2783 -
2007 2715 2011 2733 ‘⁴
2022 2695 2023 2698 „
