1900 3380
482 280 807 317 204.--B1LL0310
837 280 878 316 12
905 280 1115 317 Oc'rOBRis
1145 280 1234 316 1558
1558 277 1618 313 831

49 377 370 430 confessario,
407 378 627 422 eundem
662 377 899 422 accersiri
936 376 1088 432 iussit,
1126 375 1274 421 cuins
1299 375 1320 395 ²¹
1346 374 1575 430 precibus
1620 389 1671 417 se

49 454 399 501 commendans
425 454 603 512 foffCslf
627 454 645 480 b
672 463 722 499 ut
747 463 943 499 mortua
970 469 1061 499 non
1090 454 1153 499 ab
1177 452 1274 498 alio
1299 468 1446 509 quam
1472 468 1501 496 a
1525 451 1673 496 Patre

47 541 216 579 nostro
251 532 296 577 in
331 531 594 588 sepulchro
629 531 944 577 conderetur.
974 530 1126 576 Cuius
1163 539 1389 575 mortuae
1426 529 1582 585 pietas
1614 544 1672 573 ac

49 608 219 667 religio
244 608 326 654 uix
350 608 442 653 dici
470 617 630 665 potest
664 618 972 665 quantopere
1007 608 1136 664 apud
1172 623 1341 653 omnes
1367 605 1672 651 commende-

47 700 140 732 tur.
178 684 262 731 Sic
301 700 420 731 uero
468 695 753 731 nostrorum
794 685 997 731 Pati-um
1031 683 1351 729 concionibus
1392 682 1677 728 afficiuntur

47 777 232 819 omnes,
261 772 311 807 ut
334 762 424 819 piis
448 778 619 808 eorum
647 762 770 807 uotis
795 778 854 807 ac
880 761 1134 807 desideriis
1158 760 1454 806 satisfacere
1489 758 1675 804 diffieil-

50 840 211 885 limum
246 839 321 884 sit.
350 838 495 895 Quod
531 839 639 884 hinc
675 850 907 884 constare
944 838 1064 883 satis
1100 847 1277 894 potest,
1311 837 1438 893 quod
1475 836 1678 881 alterius

49 915 287 962 dioecesis
312 915 602 962 briodenses
628 916 692 960 M.
720 916 994 961 Robertum
1031 914 1378 971 Clayssonium
1410 913 1506 958 iam
1531 913 1677 958 tertio

48 1009 176 1039 anno
212 992 490 1047 sollicitent,
519 1003 570 1039 ut
594 984 839 1039 aduentus
873 1002 921 1037 et
955 992 1341 1049 quadragenarii
1370 991 1528 1036 ieiunii
1561 1001 1678 1036 tem-

49 1087 168 1129 pore
193 1078 207 1098 0
236 1071 575 1117 concionetur.
612 1070 834 1116 Eundem
872 1086 1065 1126 quoque
1102 1068 1507 1115 Montisferrandi
1545 1067 1678 1113 ciues

49 1149 143 1195 iam
182 1148 399 1194 secundo
440 1148 734 1205 efflagitant.
778 1147 973 1193 Verum
1015 1147 1074 1192 R.
1113 1147 1371 1203 episcopus
1411 1159 1681 1191 mecoenas

49 1240 95 1271 n.
128 1225 147 1253 ‘¹
171 1234 244 1271 est
268 1226 372 1271 eius
397 1225 560 1281 animi,
588 1225 624 1271 si
651 1241 738 1282 per
763 1224 1097 1270 ualetudinem
1125 1223 1286 1280 liceat,
1308 1239 1368 1267 ne
1393 1222 1507 1267 alibi
1533 1237 1678 1278 quam

51 1302 290 1348 Marlinch
335 1314 436 1348 tum
478 1303 714 1360 temporis
754 1302 1093 1355 concionetur,
1135 1317 1231 1359 quo
1260 1307 1276 1327 Ε
1307 1300 1545 1346 zizaniam
1587 1299 1681 1344 illic

48 1380 383 1438 pullulantem,
411 1380 625 1426 Domino
661 1389 984 1437 cooperante,
1013 1379 1270 1436 extirpare
1306 1378 1474 1434 possit.
1513 1376 1681 1422 Taceo

49 1473 244 1504 sacram
279 1458 631 1504 eucharistiam
667 1457 872 1515 singulis
909 1456 1165 1503 dominicis
1190 1456 1362 1501 diebus
1387 1454 1680 1500 sumentium

50 1535 341 1594 profectum,
378 1552 438 1582 ne
475 1536 601 1582 idem
639 1551 834 1593 semper
868 1535 1088 1581 scribere
1124 1534 1399 1580 uideamur.
1430 1532 1503 1578 Eo
1539 1531 1681 1588 siqui-

51 1615 158 1659 dem
182 1614 395 1660 crebrae
420 1613 473 1659 P.
502 1622 787 1659 nostrorum
823 1613 1091 1659 conciones
1127 1611 1433 1669 potissimum
1459 1609 1683 1669 tendunt,

51 1707 109 1737 ne
131 1691 308 1737 horum
343 1691 517 1737 feruor
551 1691 870 1745 diminuatur,
898 1700 1081 1747 tanque
1118 1689 1233 1735 utile
1270 1704 1329 1734 ac
1364 1689 1584 1733 salutare
1612 1702 1682 1731 re-

12 1766 15 1768 ’
52 1768 259 1814 medium
296 1778 645 1826 aspernentur,
687 1767 798 1825 quin
835 1767 998 1824 potius
1032 1767 1227 1812 illorum
1270 1765 1496 1821 exemplo
1536 1773 1683 1820 atque

52 1845 251 1891 hortatu
284 1845 450 1902 plures
485 1846 530 1891 in
566 1845 670 1890 dies
704 1845 1000 1891 excitentur.
1029 1844 1176 1901 Quod
1211 1859 1356 1900 quam
1391 1841 1590 1887 difficile
1614 1839 1683 1885 fa-

54 1933 134 1968 ctu
168 1923 245 1977 sit,
274 1924 379 1969 z‘czm
409 1924 625 1980 saepius
659 1938 804 1969 nemo
839 1932 912 1968 est
947 1933 1169 1969 nostrum
1205 1921 1284 1978 qui
1320 1936 1414 1965 non
1450 1927 1684 1975 expertus

53 2000 127 2057 sit;
157 2016 326 2046 omnes
358 2001 484 2046 enim
509 2000 553 2045 id
579 2016 760 2046 nouum
796 2010 844 2047 et
878 2001 1023 2057 plane
1055 1999 1340 2045 inusitatum
1366 2009 1478 2042 ante
1504 1996 1683 2041 aduen-

54 2086 153 2122 tum
177 2087 402 2124 nostrum
427 2078 749 2124 clamitabant
784 2077 951 2124 fuisse.
980 2077 1141 2122 Faxst
1179 2076 1320 2121 Deus
1355 2079 1409 2120 ut
1441 2074 1588 2119 toties
1622 2075 1685 2118 2ch

53 2158 292 2200 sanctam
315 2169 529 2200 coenam
553 2155 778 2212 inuitati,
807 2155 965 2201 lulius
988 2154 1159 2199 seruis
1195 2151 1477 2211 aliquando
1501 2151 1684 2196 obtem-

54 2236 266 2288 perasse
295 2232 561 2278 nobiscum
591 2232 883 2290 gaudeant,
911 2236 1005 2277 (lut
1034 2232 1082 2277 si
1115 2245 1199 2276 eos
1234 2230 1418 2275 andire
1445 2242 1686 2274 recusare

53 2313 296 2367 pergant,
324 2310 455 2355 altos
475 2315 573 2367 per
601 2310 844 2367 compita,
874 2309 1083 2367 plateas
1107 2313 1155 2353 et
1189 2308 1344 2353 uillas
1378 2307 1689 2352 (zdzcocatm‘i

56 2387 149 2432 (zliz'
184 2388 460 2433 mittantur
498 2390 527 2443 ¹,
566 2401 785 2445 quorum
825 2392 873 2432 et
906 2401 998 2432 nos
1023 2387 1246 2445 fwsztore
1287 2385 1516 2441 amplius
1555 2384 1685 2428 exci-

58 2467 240 2510 temur.
1637 2477 1640 2478 ⁷

106 2540 146 2587 2.
204 2541 346 2588 Nunc
370 2551 421 2588 ut
441 2542 501 2587 de
521 2542 701 2588 scholis
720 2542 902 2588 nostris
921 2541 1104 2598 aliquid
1124 2541 1364 2595 dicamus,
1384 2539 1685 2596 propositus

58 2633 88 2663 (z
112 2619 257 2666 nobis
274 2619 399 2665 ordo
418 2624 718 2666 commonet.
743 2619 862 2678 Qua
886 2620 938 2665 7‘12
965 2634 1018 2664 re
1039 2619 1243 2676 prolixe
1267 2618 1397 2663 milei
1420 2616 1685 2673 agendum

57 2698 268 2742 minime
293 2697 530 2754 arbitror,
557 2698 695 2755 quod
707 2697 948 2754 pluribus
968 2697 1040 2741 aa?
1058 2710 1150 2740 nos
1168 2695 1330 2739 literis
1353 2695 1543 2739 harum
1563 2694 1686 2739 ordo

104 2878 123 2896 Ἀ
172 2891 291 2925 aquo
311 2878 449 2915 adiuta
464 2879 645 2926 eiusque.
699 2879 765 2906 --b
799 2878 983 2915 obtinuit.
1040 2885 1099 2904 —C
1133 2877 1238 2924 apud
1257 2889 1314 2914 se.
1369 2876 1435 2904 -d
1467 2878 1688 2914 claromon-

30 2952 33 2954 ·
59 2941 188 2975 tanus.
243 2945 306 2966 ——e
338 2938 624 2976 hereticorum.

108 3101 116 3118 ¹
171 3099 234 3137 Cf.
256 3099 441 3143 MATTi-1.,
464 3099 598 3145 XXII,
624 3101 638 3136 1
661 3113 747 3146 sqq.
