1909 3328
270 242 339 279 402
732 238 953 275 LITTERAE
980 235 1336 281 QUADRIMESTRES

226 339 364 397 pueri
389 353 483 384 non
507 336 627 382 satis
651 336 773 381 bene
804 349 947 391 posse
982 332 1168 377 habere
1202 329 1424 385 hyberno
1460 336 1682 382 tempore
1717 324 1846 369 uide-

225 425 412 462 rentur.
461 414 721 459 Refectum
769 422 841 456 est
886 410 1053 467 igitur,
1100 422 1160 452 ac
1205 405 1451 451 sublatum
1496 402 1845 459 pauimentum,

176 525 185 537 κ
225 493 352 551 quod
379 508 441 537 ex
463 490 657 545 tabulis,
698 499 747 534 ut
781 488 921 533 huius
957 484 1175 542 regionis
1210 482 1422 538 frigidae
1458 488 1637 525 natura
1671 478 1844 535 poscit,

226 578 564 615 constructum
605 576 731 624 erat,
774 565 999 621 iniicique
1033 570 1223 607 tantum
1257 569 1426 604 terrae
1460 566 1655 613 ceptum
1689 555 1849 611 quoad

228 649 589 704 hypocaustum
614 644 782 689 schola
807 649 1061 697 assurgat.

285 726 328 771 4.
394 724 505 784 Jam
549 722 710 768 studia
754 719 1038 774 theologica
1084 717 1211 773 (laus
1260 714 1387 770 Deo)
1438 711 1621 757 rectius
1670 709 1852 754 habent

230 818 373 860 quam
399 810 562 854 antea3
590 799 871 844 excitantur
895 796 1021 841 enim
1047 792 1284 851 paulatim
1316 790 1651 836 studiosorum
1686 786 1851 843 animi,

230 895 339 925 curn
365 877 617 934 diligentia
641 875 998 933 professorum,
1036 881 1137 916 tum
1173 870 1416 914 honorum
1451 865 1714 911 delatione.
1754 862 1856 909 Ma-

230 958 395 1003 theum
420 955 539 1012 legit
563 953 885 1009 Couillonius;
914 960 1145 1007 quartum
1169 945 1526 992 sententiarum
1547 943 1643 988 iam
1668 941 1775 986 fere
1794 940 1855 986 ad

232 1034 374 1079 finem
401 1032 630 1090 perduxit
654 1031 806 1076 Pater
831 1026 1148 1074 Hermandus
1173 1026 1203 1070 ¹.
1231 1023 1453 1069 Audi-unt
1472 1037 1532 1066 ex
1556 1019 1741 1065 nostris
1760 1017 1856 1063 fra-

232 1112 388 1158 tribus
414 1111 625 1168 quinque
650 1107 983 1163 theologicam
1008 1103 1287 1152 lectionem3
1321 1099 1523 1146 totidem
1558 1113 1621 1143 ex
1655 1112 1750 1153 quo
1784 1096 1859 1141 hic

234 1204 400 1234 sumus
434 1185 739 1233 baccalaurii
773 1188 794 1209 a
829 1181 1109 1237 theologiae
1145 1178 1300 1224 creati
1335 1184 1463 1233 sunt,
1492 1192 1517 1221 e
1541 1174 1714 1231 quibus
1739 1188 1859 1218 unus

235 1277 309 1312 est
334 1266 481 1312 etiam
508 1264 803 1309 Theodorus
827 1269 996 1305 noster
1021 1260 1051 1303 ²:
1081 1256 1432 1302 authoritatem
1453 1269 1513 1298 ea
1534 1268 1614 1297 res
1633 1251 1675 1296 ei
1695 1250 1857 1307 addet,

236 1353 284 1389 et
317 1343 421 1388 eius
456 1340 773 1387 concionibus
813 1337 992 1393 latinis,
1035 1349 1157 1391 quas
1197 1333 1368 1378 diebus
1407 1328 1661 1375 dominicis
1694 1327 1856 1385 habet,

235 1432 282 1466 et
315 1418 610 1477 professioni
646 1415 948 1461 haebraicae
989 1428 1078 1457 nec
1112 1427 1207 1455 non
1247 1418 1295 1455 et
1329 1421 1565 1464 graecae;
1604 1405 1861 1450 lectionem

237 1498 363 1543 enim
388 1496 649 1553 publicam,
677 1502 729 1539 ut
752 1492 915 1543 audio,
954 1505 1082 1535 nunc
1116 1496 1381 1534 uacantem
1415 1485 1644 1542 princeps
1678 1481 1825 1526 Ill.¹¹¹¹¹S
1847 1480 1861 1504 ³

238 1574 303 1620 illi
336 1572 559 1629 iniungit.

297 1653 340 1697 5.
408 1650 487 1695 Ad
511 1648 780 1706 principem
805 1645 965 1700 uenio,
992 1644 1086 1699 cui,
1124 1642 1217 1688 Dei
1254 1640 1438 1699 gratia,
1474 1639 1543 1684 ita
1577 1638 1816 1683 hactenus
1837 1651 1865 1681 a

241 1728 494 1774 Societate
524 1727 635 1772 Iesu
664 1723 977 1770 satisfactum
1002 1731 1092 1777 est,
1121 1730 1173 1765 ut
1196 1735 1292 1764 non
1317 1717 1463 1763 modo
1489 1715 1752 1772 collegium
1776 1714 1866 1758 hoc

241 1814 462 1851 nostrum
486 1803 653 1860 cupiat
677 1817 786 1847 esse
810 1798 1229 1853 florentissimum,
1267 1807 1314 1842 et
1349 1796 1498 1840 rebus
1532 1792 1758 1838 omnibus
1790 1805 1865 1835 ne-

241 1882 448 1929 cesariis
472 1879 920 1933 instructissiimim,
948 1875 1033 1922 sed
1056 1874 1205 1920 etiam
1230 1873 1275 1918 in
1300 1871 1406 1918 aliis
1427 1870 1652 1916 omnibus
1676 1867 1865 1925 prouin-

243 1961 350 2006 ciae
376 1974 495 2005 suae
521 1957 804 2004 ciuitatibus
837 1953 1084 2012 precipuis
1119 1952 1216 1997 iarn
1252 1950 1460 2007 primum
1501 1947 1618 1993 uelit
1652 1945 1870 1991 instituta

244 2038 383 2084 nobis
407 2036 620 2093 collegia
645 2049 769 2089 esse,
799 2042 846 2078 et
879 2030 1142 2089 presertim
1179 2027 1442 2084 Monachii‚
1479 2040 1607 2083 quae
1642 2033 1715 2070 est
1748 2023 1870 2068 inter

244 2115 369 2160 alias
392 2113 662 2171 praecipua
687 2111 723 2169 b,
745 2110 901 2167 primo
925 2123 1115 2166 quoque
1136 2116 1360 2163 tempore
1379 2112 1577 2149 nostros
1601 2101 1776 2147 adesse
1795 2114 1869 2144 cu-

246 2193 329 2250 pit.
358 2191 593 2238 Orandus
618 2205 737 2235 sane
762 2187 1107 2234 ardentissime
1130 2183 1374 2230 Dominus
1398 2191 1451 2228 ut
1476 2179 1739 2238 negocium
1762 2177 1868 2234 hoc,

247 2271 309 2316 ad
334 2269 548 2326 gloriam
584 2266 793 2312 nominis
828 2265 900 2310 sui
934 2263 1092 2309 sancti
1133 2269 1445 2319 promoujat,
1482 2254 1872 2315 quandoquidem

249 2348 446 2393 dubium
485 2346 671 2391 nullum
711 2352 785 2389 est
823 2342 938 2399 quin
977 2341 1058 2398 ibi,
1096 2355 1242 2397 quam
1283 2338 1361 2384 hic
1395 2346 1485 2393 est,
1522 2334 1696 2381 messis
1730 2333 1872 2388 longe

248 2424 535 2481 proueniret
558 2421 820 2478 copiosior,
848 2429 951 2464 tum
976 2419 1038 2463 ob
1062 2416 1296 2474 principis
1320 2415 1500 2469 aulam,
1528 2422 1631 2458 tum
1666 2409 1873 2456 maxime

250 2504 312 2547 ob
336 2502 657 2557 iuuentutem,
686 2513 813 2555 quae
839 2497 901 2542 ibi
936 2496 1148 2552 plurima
1172 2501 1187 2521 ⁰
1212 2503 1303 2550 est,
1330 2502 1378 2538 et
1403 2507 1500 2537 non
1524 2490 1674 2536 habet
1709 2486 1875 2545 quales

252 2579 456 2625 deberet
480 2577 802 2623 institutores.

300 2735 318 2753 ²²
368 2732 586 2770 baecalarii
606 2742 686 2769 ms.
742 2729 806 2756 —b
846 2727 1024 2776 precipia
1045 2737 1124 2764 ms.
1181 2733 1243 2753 —c
1276 2724 1494 2773 pluraima
1513 2733 1594 2760 ms.

303 2873 311 2891 ¹
364 2870 625 2907 Hermannus
643 2868 869 2915 Thyraeus.
892 2865 1047 2902 Lainz'i
1064 2863 1280 2909 Monam„
1301 2861 1350 2907 II,
1372 2860 1431 2897 39.

302 2932 314 2950 2
364 2929 601 2966 Theodorus
631 2928 840 2969 Peltanus,
875 2924 1070 2972 epistolae
1103 2927 1256 2959 auctor.
1290 2920 1653 2962 BRAUNSBERGER,
1690 2917 1763 2954 loc.
1800 2914 1878 2963 cit.,

255 2990 325 3027 382
343 3002 415 3036 sqq

304 3051 316 3070 ³
370 3048 567 3085 Albertus
587 3046 640 3091 V,
663 3045 866 3082 Bavariae
887 3044 979 3081 dux.

1901 166 1906 246 -η,
1898 90 1905 122 ⁴-
1895 30 1905 56 *x
