1909 3328
228 251 297 284 <³20
690 251 908 287 LirrifflAE
935 251 1289 296 QUADRIMESTRES

179 345 406 401 rat),nz'si
429 345 720 401 plzm'mmn
749 347 1011 404 grauibus
1044 349 1221 394 causis
1260 350 1515 406 impedita
1535 350 1738 408 fuisset
1769 358 1803 397 ².

237 422 302 467 13.
371 420 639 478 Postquam
664 422 838 468 deinde
864 423 924 469 R.
952 424 1005 469 P.
1033 424 1266 470 Victoria
1290 425 1424 471 iussu
1449 425 1506 472 C.
1534 426 1619 482 M.‚
1647 436 1695 472 et
1732 443 1804 473 re-

179 499 265 542 bus
299 498 481 543 nostris
516 498 582 543 ita
621 500 999 556 postulantibus,
1046 501 1098 546 16
1136 501 1437 548 Nouembris
1478 502 1678 548 Vienna
1712 503 1806 549 huc

178 574 394 629 Pragam
428 574 561 619 uenit
592 574 658 631 (et
689 574 1022 622 Wenceslaus
1053 579 1063 601 ¹
1099 587 1249 635 atque
1280 594 1374 636 ego
1406 594 1518 624 cum
1549 578 1654 636 ipso
1690 580 1803 637 una)

178 667 289 695 mox
309 650 471 696 inuisit
490 651 856 710 imperatorem,
879 653 1164 712 principem,
1187 655 1471 712 episcopum
1491 656 1590 713 (qui
1610 657 1688 702 hic
1707 657 1807 702 uni-

175 744 261 773 cus
285 729 411 785 erat)
437 730 667 784 barones,
695 739 935 787 patronos
960 747 1020 778 ac
1044 733 1222 779 multos
1252 733 1376 779 alios
1406 734 1611 791 amicos,
1649 750 1678 780 a
1709 735 1806 792 qui-

178 807 266 850 bus
290 806 514 851 omnibus
536 805 625 852 fuit
649 808 933 864 gratissime
960 810 1190 866 affectus
1208 810 1242 867 ¹³,
1266 811 1549 856 obtulerunt
1566 827 1620 857 se
1639 827 1809 858 omnes

178 882 535 941 paratissimos,
563 899 654 929 nec
677 885 802 930 ullus
833 885 927 932 fuit
959 887 1039 943 qui
1074 903 1169 933 non
1204 887 1610 944 splendidissimis
1643 890 1811 935 uerbis

177 960 221 1004 in
256 961 459 1006 auribus
494 961 676 1007 nostris
708 962 1051 1020 triumpharet.
1088 964 1369 1022 Imperator
1402 981 1523 1012 sane
1558 966 1691 1012 illum
1726 967 1809 1012 ali-

179 1037 373 1094 quando
398 1037 457 1083 ad
495 1038 670 1084 horam
704 1050 790 1086 aut
823 1040 1033 1098 amplius
1068 1040 1386 1088 libentissime
1421 1043 1624 1100 audiuit,
1661 1043 1730 1089 ita
1761 1053 1812 1090 ut

178 1114 321 1160 aulici
356 1115 572 1161 maxima
606 1116 936 1164 admiratione
970 1120 1378 1177 percellerentur,
1417 1120 1548 1177 quod
1582 1120 1809 1166 nimirum

176 1191 386 1249 jesuitae
410 1201 510 1238 tam
535 1202 700 1239 essent
725 1193 776 1241 S.
805 1194 861 1241 C.
887 1196 951 1241 M.
980 1197 1114 1253 grati
1140 1212 1200 1242 ac
1224 1196 1379 1243 chari.

241 1270 308 1315 14.
374 1270 481 1316 Non
519 1271 716 1317 decreui
751 1288 846 1329 ego
881 1273 1025 1319 modo
1064 1274 1472 1320 humanissimam
1507 1272 1559 1320 S.
1587 1274 1652 1320 M.
1687 1290 1812 1332 erga

180 1362 268 1392 nos
292 1348 597 1394 uoluntatem
624 1348 766 1406 (quos
790 1365 905 1396 suos
930 1360 1079 1397 uocat
1107 1351 1388 1409 theologos)
1424 1367 1485 1397 ac
1518 1352 1812 1398 beneuolen-

180 1425 297 1470 tiam
330 1425 522 1482 prolixe
556 1441 969 1486 commemorare,
1008 1443 1125 1474 cnm
1147 1435 1162 1456 ’²
1192 1429 1239 1475 id
1262 1430 1408 1475 unico
1431 1430 1587 1476 uerbo
1612 1430 1810 1488 possim,

180 1517 291 1548 nam
317 1503 529 1559 quodam
554 1503 630 1549 die
654 1520 716 1550 ex
741 1505 902 1551 media
926 1506 1040 1552 aula
1065 1515 1113 1552 et
1136 1508 1285 1553 turba
1309 1507 1554 1553 baronum
1585 1522 1646 1553 ac
1679 1507 1811 1553 nobi-

182 1580 311 1638 lium,
339 1596 450 1626 cum
474 1581 634 1627 obiter
658 1582 861 1629 uidisset
879 1584 939 1629 R.
962 1583 1016 1630 P.
1044 1584 1346 1644 Victoriam,
1368 1585 1656 1642 simpliciter
1675 1586 1814 1643 quasi

182 1674 244 1703 ex
277 1673 435 1704 cauea
467 1659 866 1716 prospicientem,
904 1661 1045 1707 clara
1080 1677 1203 1708 uoce
1236 1662 1373 1708 illum
1409 1662 1473 1708 ad
1505 1677 1558 1708 se
1592 1662 1810 1708 uocauit:

183 1735 331 1791 Veni,
357 1736 608 1793 Victoria,
636 1737 692 1783 ui
713 1737 843 1783 medo
868 1739 923 1784 de·
945 1738 1116 1785 lutona
1140 1740 1321 1798 uoglz'cz
1344 1739 1379 1797 d,
1408 1755 1534 1798 quae
1568 1740 1726 1786 uerba
1741 1731 1814 1786 ‘di-

184 1812 253 1858 xit
276 1813 543 1871 hispanice3
572 1814 746 1871 quibus
771 1815 951 1861 auditis
976 1832 1147 1862 omnes
1180 1816 1226 1862 in
1251 1817 1453 1863 Patrem
1477 1825 1703 1863 nostrum
1728 1817 1814 1862 (zd-

184 1890 436 1936 mirantes
469 1891 640 1937 oculos
675 1891 939 1938 coniiciunt
972 1902 1020 1939 et
1055 1909 1166 1940 eum
1200 1894 1311 1940 hinc
1346 1894 1458 1941 inde
1498 1903 1811 1941 contuentur.

186 1966 365 2014 Omnia
389 1969 452 2014 ad
477 1969 689 2026 gloriam
715 1968 917 2016 Christi.

248 2046 316 2092 15.
377 2046 454 2092 De
473 2046 709 2104 negociis,
733 2062 860 2105 quae
879 2048 1024 2105 plane
1044 2049 1196 2095 multa
1215 2058 1345 2106 sunt,
1370 2065 1497 2107 quae
1517 2049 1645 2096 idem
1663 2049 1815 2096 Rdus.

189 2122 268 2172 Pr.
295 2139 384 2180 per
407 2139 701 2170 caesaream
727 2124 1039 2171 maiestatem
1063 2127 1245 2183 partim
1264 2127 1530 2185 expediuit,
1554 2142 1617 2173 ac
1635 2137 1686 2172 ut
1706 2142 1815 2184 par-

187 2200 270 2246 tim
296 2200 468 2247 deinde
492 2202 859 2259 expedirentur,
886 2217 1079 2249 summa
1113 2204 1354 2250 industria
1387 2213 1436 2250 et
1468 2205 1641 2250 labore
1674 2220 1814 2251 cura-

189 2277 273 2334 uit,
299 2278 402 2324 scio
426 2278 483 2324 T.
512 2278 602 2325 P.¹¹¹
629 2280 692 2325 ab
716 2279 925 2337 ipsomet
958 2281 1223 2327 certiorem
1257 2297 1366 2327 esse
1400 2282 1486 2327 uel
1515 2282 1702 2327 factum
1736 2282 1820 2327 uel

184 2354 505 2410 faciendum.
542 2356 652 2402 Hoc
674 2356 844 2413 paucis
869 2357 1094 2415 dixerim,
1122 2373 1234 2404 eum
1258 2374 1355 2405 non
1378 2369 1671 2416 expectasse
1697 2359 1816 2404 mul-

188 2440 353 2478 torum
393 2433 788 2493 pollicitationes;
832 2434 918 2480 sed
956 2450 1044 2492 per
1083 2436 1294 2481 medium
1338 2436 1557 2493 ipsorum
1602 2436 1817 2482 omnium

190 2510 443 2555 transisse
469 2517 485 2538 e
507 2511 637 2567 (ibat
660 2516 834 2558 autem
857 2512 1031 2569 noctu)
1065 2512 1075 2540 f
1098 2513 1161 2558 ad
1185 2513 1552 2571 imperatorem,
1578 2522 1627 2559 et
1645 2529 1814 2560 coram

237 2650 256 2670 a
305 2652 454 2690 Postea
472 2654 595 2691 etiam
614 2667 657 2691 se
677 2667 727 2692 ex
745 2667 839 2692 arce
859 2655 909 2692 ad
927 2667 998 2692 nos
1014 2655 1304 2692 descensurum
1318 2654 1577 2702 significauit,
1594 2655 1665 2693 sed
1679 2655 1813 2703 graui-

190 2712 263 2748 bus
281 2712 496 2759 impeditus
513 2714 708 2761 negociis,
730 2715 768 2751 id
784 2720 992 2762 praestare
1008 2727 1088 2752 non
1106 2715 1249 2762 potuit.
1303 2715 1368 2743 —b
1389 2720 1595 2762 exceptus.
1649 2723 1712 2744 —c
1732 2715 1814 2754 sed.

192 2770 257 2798 —d
289 2771 465 2809 libenter
481 2778 522 2810 te
541 2773 670 2812 video.
722 2782 787 2803 -e
819 2775 957 2812 Prius
975 2774 1146 2822 ipsemet
1169 2775 1344 2812 transire
1369 2774 1541 2812 solebat.
1593 2774 1651 2803 -f
1676 2775 1817 2812 solitus

192 2835 327 2867 autem
346 2836 434 2868 erat
453 2832 510 2869 ire
529 2838 662 2871 noctu.

242 2977 252 2995 ¹
304 2976 578 3014 Wenceslaus
612 2977 815 3016 Sturmius
850 2977 1096 3025 (Ssturem),
1131 2979 1317 3016 boemus.
1351 2977 1421 3017 Cf.
1458 2978 1814 3022 BRAUNSBERGER‚

196 3034 246 3071 Β.
268 3035 319 3072 Ρ.
346 3035 513 3074 Cam'siz‘
529 3039 666 3083 epist„
688 3038 736 3084 II,
757 3038 839 3083 307,
860 3038 944 3082 3493
965 3038 1121 3076 Laz’m'z'
1135 3038 1346 3083 Monam„
1366 3037 1436 3085 III,
1456 3037 1539 3081 647;
1558 3036 1633 3083 IV,
1652 3037 1711 3075 91.
