1910 3431
463 274 802 312 21.—FERRA1,1A
830 285 1010 312 INEUNTE
1037 286 1143 312 ANNo
1173 277 1262 312 1557
1590 277 1636 313 89

41 601 153 656 sita,
179 600 259 646 alii
284 600 412 656 quod
437 617 463 646 e
488 601 695 647 uinculis
719 616 837 646 suos
861 601 1138 658 eduxerint,
1172 601 1253 646 alii
1280 610 1533 658 postremo
1575 602 1678 659 (mi-

10 728 13 738 2
41 693 150 723 rum
174 677 326 734 dictu)
361 678 489 735 quod
527 686 736 723 mortem
777 677 934 734 ipsam
974 678 1313 734 turpissimam
1337 678 1676 735 eculeumque,

9 752 13 818 ξ
42 754 246 800 Patrum
271 764 555 799 nostrorum
581 755 811 811 consilio,
831 754 1119 811 effugerint.

10 818 13 842 ³
98 834 141 876 ὅ.
209 831 414 885 Eorum,
444 831 523 887 qui
548 841 771 876 nostrum
798 832 1118 887 frequentant
1152 832 1387 888 templum
1422 832 1596 877 feruor
1630 832 1675 876 in

10 907 142 953 dies
165 906 453 952 efferuescit
488 907 649 964 magis
683 908 745 953 ad
779 908 1154 953 misericordiae
1186 924 1394 954 munera
1428 909 1675 966 obeunda,

10 979 13 1036 ἶ
41 984 305 1042 praecipue
329 994 495 1030 tamen
531 985 593 1030 ad
628 985 920 1030 meretrices
945 1002 973 1030 a
998 986 1101 1031 uita
1125 985 1403 1042 deprauata
1437 1001 1676 1032 reuocan-

10 1060 13 1092 ἶ
39 1060 144 1118 das,
170 1070 320 1118 atque
344 1061 406 1106 ad
431 1061 757 1107 confessionis
791 1072 1164 1108 sacramentum
1197 1062 1575 1119 pertrahendas.
1605 1062 1676 1108 ln-

37 1146 114 1184 ter
151 1139 241 1184 has
288 1138 306 1165 ¹³
354 1155 451 1184 una
491 1149 581 1195 est,
625 1155 752 1196 quae
795 1141 964 1185 uolens
1005 1140 1252 1196 quoddam
1293 1140 1670 1185 misericordiae

37 1231 159 1272 opus
198 1232 455 1271 exercere,
497 1216 769 1262 festinabat
812 1217 856 1261 in
899 1217 996 1262 uia.
1040 1217 1238 1262 Accidit
1282 1226 1449 1262 autem
1489 1227 1540 1262 ut
1583 1232 1676 1262 uas

10 1285 284 1350 quoddam
320 1293 465 1338 ualde
498 1308 663 1349 capax
696 1304 834 1339 terra
869 1295 1065 1351 plenum
1100 1309 1251 1350 super
1289 1304 1440 1349 caput
1474 1293 1578 1338 eius
1612 1309 1676 1338 ex

6 1368 249 1426 quadam
284 1369 512 1426 praealta
546 1370 841 1415 aromatarii
875 1370 1100 1415 fenestra
1135 1369 1403 1426 decideret,
1433 1385 1526 1427 quo
1557 1369 1673 1414 nihil

9 1444 14 1471 ⁵
36 1446 188 1503 laesa,
216 1461 307 1491 nec
332 1446 585 1491 minimum
620 1447 814 1503 quidem
838 1447 1063 1492 dolorem
1089 1447 1322 1502 sentiens,
1349 1446 1575 1503 gaudens
1609 1446 1672 1492 ad

35 1533 258 1568 nostrum
297 1524 587 1580 properauit
625 1525 877 1581 templum,
906 1524 1078 1570 laudes
1113 1523 1222 1569 Deo
1258 1524 1530 1569 redditura.
1559 1522 1672 1580 Quo

10 1599 186 1655 facto,
212 1601 350 1646 multi
375 1601 437 1645 ad
462 1601 614 1646 uitam
638 1601 999 1646 emendandam
1026 1601 1296 1658 redierunt,
1324 1610 1554 1658 apertum
1589 1601 1672 1646 mi-

2 1735 3 1740 1
35 1678 260 1723 raculum
284 1678 660 1734 conspicientes

2 1804 3 1809 ,
90 1753 133 1799 9.
198 1753 327 1800 Hinc
362 1755 512 1812 uulgo
547 1755 661 1800 illae
695 1771 847 1800 uoces
882 1764 1163 1812 erumpunt:
1191 1770 1303 1800 cum
1343 1754 1523 1800 Patres
1562 1755 1671 1800 illos

34 1831 291 1887 conuenio,
333 1840 466 1877 totus
508 1848 629 1889 prae
674 1833 862 1878 laetitia
905 1833 1085 1890 gestio,
1134 1833 1413 1889 donumque
1456 1831 1670 1889 Spiritus

12 1906 202 1954 Sancti
227 1924 304 1954 me
329 1909 511 1954 sentire
530 1908 787 1954 confiteor.
810 1909 954 1955 Alius
973 1910 1141 1967 inquit:
1166 1910 1243 1955 hic
1263 1909 1538 1965 confessor,
1561 1925 1670 1955 cor-

32 2001 151 2042 pore
169 1986 381 2043 humilis,
403 1986 567 2032 animo
587 1987 869 2044 submisior,
891 1987 1326 2043 sanctissimusque
1347 1997 1437 2033 est.
1459 1987 1670 2032 Vtinam

12 2062 144 2112 mihi
183 2078 293 2108 cum
336 2079 394 2108 eo
434 2064 649 2120 colloqui
687 2079 884 2121 semper
922 2065 1301 2110 concederetur!
1345 2065 1423 2109 uel
1458 2079 1667 2109 coenam

13 2139 186 2198 ipsam
210 2141 686 2198 praetermitterem.
712 2142 856 2187 Alius
879 2143 1058 2188 subdit:
1083 2142 1224 2187 Vere
1248 2142 1295 2187 hi
1319 2151 1433 2187 sunt
1453 2142 1533 2198 qui
1553 2157 1668 2187 one-

12 2232 88 2274 ra
112 2227 283 2264 nostra
307 2218 610 2275 grauissima
643 2220 828 2271 leuant,
855 2229 904 2265 et
928 2235 1057 2276 quae
1087 2219 1333 2265 sustinere
1356 2220 1491 2264 nulla
1516 2219 1666 2264 ratio-

10 2308 90 2340 ne
113 2311 385 2353 possemus,
412 2312 503 2342 sua
527 2297 790 2354 charitate,
819 2297 1039 2352 consilio,
1068 2297 1358 2354 blandisque
1383 2297 1549 2342 uerbis
1583 2296 1666 2342 rni-

9 2382 198 2423 nuunt.
230 2372 374 2431 Hinc,
402 2373 727 2419 incommodis
767 2374 931 2419 multis
970 2374 1180 2432 onerati,
1215 2384 1264 2420 et
1297 2373 1667 2420 calamitatibus

10 2436 194 2505 lfracti,
221 2449 284 2494 ad
308 2466 397 2495 nos
422 2459 660 2506 tanquam
684 2450 955 2496 subsidium
997 2459 1045 2496 et
1084 2451 1384 2496 leuationem
1415 2466 1564 2496 unam
1590 2465 1665 2496 re-

8 2486 237 2583 lfugiunt.
263 2527 402 2572 Ηίηε
426 2532 661 2573 nostrum
686 2529 903 2587 afflictis
936 2530 1188 2593 templum
1212 2529 1414 2587 affluit:
1436 2529 1556 2573 hinc
1579 2541 1665 2573 no-

9 2577 153 2660 stra,
195 2604 620 2650 calamitosorum
658 2606 1072 2664 miserorumque
1119 2606 1272 2652 turba
1317 2605 1660 2662 imzzmdante,

12 2738 13 2742 Ἰ
30 2678 213 2725 domus
235 2695 504 2727 murmure
522 2687 788 2739 personat.
813 2682 921 2728 Sed
948 2683 1081 2729 nihil
1112 2684 1249 2729 dico:
1282 2683 1384 2728 imo
1416 2686 1541 2727 sunt
1571 2682 1663 2740 qui

8 2792 10 2797 .
29 2768 144 2802 cum
168 2757 240 2802 ad
259 2772 353 2804 izos
377 2760 610 2817 ueniunt,
631 2764 842 2806 sanctos
862 2774 918 2805 se
941 2761 1254 2817 existiment,
1277 2773 1338 2805 ac
1360 2759 1409 2805 si
1425 2760 1563 2815 sOrte
1587 2759 1660 2805 in-

28 2834 356 2890 terrogentur
385 2836 524 2893 quod
544 2836 686 2882 uitae
709 2837 1004 2882 institutam
1026 2837 1175 2894 sequi
1197 2836 1372 2893 uelint,
1401 2837 1557 2882 aedes
1575 2850 1660 2882 no-

28 2911 166 2954 stras
177 2909 232 2955 Se
234 2911 583 2969 frequentare
599 2913 728 2959 uelle
743 2914 1073 2971 respondent.
1090 2913 1163 2959 Vt
1179 2913 1462 2959 summatim
1478 2914 1659 2973 dicam,

19 3130 21 3134 Α
72 3073 93 3093 ²³·
138 3075 302 3114 Attrita
321 3077 489 3116 charta.
545 3079 609 3106 —b
630 3079 702 3116 hos
722 3090 802 3116 ms.
