1910 3380
576 328 866 364 6‡.—PAR18115
893 329 912 363 4
939 338 1041 374 JUNH
1072 328 1161 363 1537
1565 328 1635 364 257

52 423 151 480 ptui
187 423 386 467 habere.
424 422 565 468 Initio
600 439 695 467 non
732 423 1059 475 assentiebar,
1102 439 1161 467 ne
1202 438 1381 467 exosos
1422 424 1680 469 redderem

51 514 140 544 nos
164 499 351 544 curioni
375 511 458 544 aut
489 499 593 544 eius
631 499 833 550 vicario:
872 500 1065 544 demum
1101 499 1436 544 insistentibus
1470 501 1566 545 dixi
1604 517 1680 546 me

50 591 145 623 non
169 575 379 621 libenter
403 576 447 621 id
472 576 723 622 facturum
757 577 860 621 sine
897 576 1091 621 licentia
1128 575 1360 621 curionis.
1399 575 1575 621 Statim
1616 578 1680 622 vi-

51 651 216 697 carius
241 653 304 697 ab
328 652 419 697 illis
443 668 729 709 persuasus,
756 652 819 697 ad
844 668 921 697 me
946 653 1175 705 accessit,
1214 652 1380 700 dicens
1416 653 1527 697 mihi
1562 654 1676 699 inte-

49 743 194 785 grum
229 743 338 773 esse
374 729 602 785 quicquid
637 729 832 774 vellem.
871 729 1012 774 Tunc
1048 729 1214 774 audiui
1249 738 1491 786 quotquot
1525 731 1677 787 potui,

50 807 279 862 quamdiu
304 807 437 852 licuit
461 822 547 863 per
572 817 782 863 tempus;
811 806 1002 863 quibus,
1035 823 1128 851 non
1166 822 1278 863 ego,
1317 807 1400 851 sed
1436 806 1679 853 Dominus

47 883 286 928 satisfecit
326 884 536 929 abunde.
580 883 947 929 Tantummodo
988 883 1076 929 fuit
1115 883 1291 939 ingens
1330 885 1580 929 contentio
1619 885 1678 930 de

46 975 142 1006 non
167 961 449 1017 recipienda
475 961 702 1018 pecunia.

106 1038 144 1082 7.
210 1037 300 1082 Est
324 1038 473 1082 etiam
499 1037 640 1082 nobis
664 1037 917 1094 negotium
943 1038 1078 1083 circa
1109 1037 1345 1083 infirmos.
1384 1038 1484 1083 Vbi
1519 1039 1678 1083 nouis-

45 1115 166 1161 sime
191 1115 421 1160 occubuit
451 1114 756 1160 nobilissima
791 1115 999 1171 quedam
1033 1126 1280 1170 matrona,
1319 1115 1677 1161 studiosissima

45 1202 246 1237 nostrae
271 1189 552 1246 Societatis,
580 1206 609 1236 a
640 1207 737 1247 qua
771 1191 1027 1236 discedere
1064 1191 1149 1235 vix
1183 1200 1293 1236 erat
1327 1191 1443 1236 mihi
1478 1207 1677 1238 conces-

44 1285 168 1325 sum,
195 1268 351 1313 donec
375 1268 597 1313 exalauit
631 1269 848 1313 animam
884 1268 1010 1313 adeo
1044 1267 1172 1313 felici
1210 1277 1385 1325 morte,
1428 1279 1477 1312 vt
1515 1269 1676 1314 nullus

42 1361 134 1391 non
159 1354 326 1401 speret
352 1344 483 1389 illam
508 1345 605 1390 iam
631 1360 740 1390 esse
766 1361 852 1401 per
877 1343 1272 1389 misericordiam
1296 1344 1389 1389 Dei
1410 1345 1538 1390 inter
1556 1360 1670 1391 con-

43 1422 175 1468 ciues
199 1421 432 1478 paradisi,
461 1421 590 1466 omni
615 1422 776 1467 soluto
800 1421 1081 1478 purgatorii
1106 1421 1296 1466 dolore.

97 1498 140 1545 S.
207 1498 459 1554 Quantum
484 1498 545 1543 ad
570 1499 668 1543 alia
692 1498 951 1555 exercitia,
979 1498 1162 1554 triceps
1187 1499 1265 1543 ille
1300 1498 1501 1543 rabidus
1533 1499 1671 1544 canis

39 1592 285 1633 nunquam
310 1592 406 1620 non
431 1576 674 1632 mussitat,
701 1575 792 1621 fuit
816 1577 944 1621 enim
967 1576 1095 1621 inter
1119 1576 1412 1621 scolasticos
1437 1585 1486 1621 et
1507 1575 1537 1621 8
1569 1592 1669 1621 ma-

41 1653 280 1710 gistratus
304 1652 445 1698 huius
473 1652 608 1698 vrbis
632 1653 909 1698 concitatus
935 1653 1028 1697 hoc
1052 1653 1277 1709 proxime
1307 1653 1477 1709 elapso
1502 1669 1671 1698 mense

41 1730 290 1787 tumultus,
318 1738 371 1775 vt
394 1745 534 1775 mare
559 1730 665 1775 celo
685 1730 950 1775 miscerent
969 1730 1032 1775 ob
1052 1730 1262 1786 litigium
1283 1729 1539 1774 cuiusdam
1561 1745 1671 1786 pra-

41 1807 75 1852 ti
98 1807 226 1864 quod
250 1806 446 1864 Vtrique
471 1807 708 1852 ambiunt.
736 1807 842 1852 Nec
867 1806 1130 1852 defuerunt
1148 1807 1368 1851 nonnulli
1388 1808 1451 1852 ab
1471 1807 1673 1864 antiquo

39 1884 178 1930 hoste
203 1884 441 1941 suscitati,
469 1884 548 1940 qui
572 1884 795 1929 dicerent
819 1900 909 1929 nos
933 1893 1125 1929 tantam
1149 1899 1319 1929 rerum
1338 1884 1674 1940 perturbatio-

40 1977 148 2007 nem
172 1961 475 2018 reipublicae
494 1962 734 2007 attulisse.
762 1961 952 2007 Diebus
977 1962 1140 2007 multis
1159 1961 1359 2007 durauit
1377 1962 1559 2008 bellum
1581 1978 1672 2018 pro

39 2037 226 2083 foribus
250 2038 393 2083 huius
417 2037 608 2083 domus:
636 2038 834 2094 quidam
858 2037 1105 2093 dicebant,
1143 2047 1394 2083 tentantes
1427 2039 1568 2084 nobis
1603 2039 1668 2083 in-

40 2113 215 2160 uidiam
253 2114 426 2160 facere
467 2114 676 2171 cohorti,
713 2113 917 2172 jesuiste
958 2130 1047 2159 nos
1086 2124 1258 2171 petunt
1296 2115 1539 2171 lapidibus
1581 2114 1670 2171 (sic

17 2191 162 2254 *enim
185 2207 273 2236 nos
298 2191 519 2248 vocant),
547 2200 595 2236 et
620 2201 757 2236 certe
787 2192 967 2236 mirum
1001 2201 1076 2237 est
1110 2200 1263 2236 totam
1301 2191 1432 2236 illam
1469 2192 1667 2237 turbam

37 2280 125 2313 nos
147 2284 243 2313 non
267 2268 510 2314 inuasisse
534 2269 595 2313 ad
621 2268 754 2313 illam
780 2284 955 2313 vocem
982 2279 1029 2313 et
1049 2269 1112 2313 ob
1132 2283 1384 2313 rumorem
1406 2284 1549 2325 quem
1570 2268 1668 2313 iam

39 2354 342 2401 sparserant;
370 2345 455 2390 sed
481 2345 539 2390 de
564 2345 788 2390 omnibus
812 2345 885 2390 his
910 2345 1052 2390 malis
1082 2354 1130 2390 et
1159 2345 1324 2390 multis
1359 2345 1466 2390 aliis
1503 2359 1664 2402 prece—

40 2419 261 2467 dentibus
283 2422 460 2478 eripuit
484 2437 574 2466 nos
597 2421 855 2467 Dominus.
881 2421 955 2467 Illi
979 2422 1068 2467 soli
1099 2422 1257 2467 honor
1291 2431 1339 2467 et
1372 2421 1551 2479 gloria,
1589 2422 1669 2477 qui

37 2495 271 2543 hactenus
316 2499 545 2544 militauit
584 2514 675 2555 pro
725 2499 882 2552 nobiS,
931 2509 979 2544 et
1023 2497 1245 2544 seruauit
1285 2499 1410 2543 hunc
1456 2511 1668 2555 gregem

34 2564 175 2620 'suum
205 2575 518 2632 incolumem,
552 2575 665 2621 licet
699 2575 834 2621 multi
869 2575 951 2620 alii
987 2575 1274 2621 ceciderunt
1308 2574 1491 2631 gladio,
1526 2573 1668 2619 Haec

20 2652 214 2708 scribo,
240 2652 301 2698 R.
329 2652 402 2710 R,
431 2662 484 2697 vt
507 2668 603 2698 non
627 2653 858 2709 graueris
882 2653 1076 2710 gratias
1108 2668 1265 2711 agere
1290 2652 1504 2697 Domino
1536 2651 1663 2710 Deo,

40 2727 117 2784 qui
139 2744 228 2774 nos
251 2729 482 2774 liberauit
507 2730 569 2775 ab
594 2730 734 2775 hoste
759 2729 996 2787 maligno,
1020 2730 1099 2787 qui
1134 2730 1179 2774 in
1213 2730 1308 2774 hoc
1331 2729 1543 2773 tumultu
1578 2744 1666 2774 nos

37 2801 288 2851 inuoluere
313 2807 554 2851 tentabat.

92 2881 135 2928 9.
200 2881 470 2929 Caeterum
495 2893 570 2929 est
600 2884 762 2929 adhuc
785 2885 915 2930 bona
947 2899 1060 2941 spes
1092 2897 1332 2939 prospere
1364 2882 1667 2928 valetudinis

37 2955 214 3004 domini
259 2961 474 3018 episcopi
518 2962 883 3007 claromontani
936 2963 967 3006 1.
1022 2959 1280 3006 Concedat
1322 2959 1567 3005 Dominus
1612 2971 1665 3005 vt

83 3064 94 3083 ¹
143 3063 374 3102 Gulielmus
394 3079 417 3102 a
442 3065 579 3102 Prato.
611 3065 726 3102 Vixit
752 3078 882 3112 usque
915 3066 965 3102 ad
991 3077 1141 3101 annum
1171 3065 1278 3101 1560.
1313 3064 1377 3102 Cf.
1409 3065 1564 3102 Laz‘niz'
1590 3064 1658 3102 Mo

36 3132 172 3166 num..
193 3123 248 3166 V.
269 3124 339 3161 322
356 3138 442 3172 sqq.

175 3205 340 3236 LITTERAE
361 3208 657 3241 QUADRIMESTRES.
679 3208 770 3236 ΤΟΜ.
791 3207 827 3236 V.
1491 3208 1521 3235 17
