1971 3369
320 299 390 335 238
809 298 1026 334 LITTERAE
1053 297 1409 342 thofflmes'mes

1057 520 1129 570 59

750 638 1180 685 FRANCISCUS
1215 637 1432 684 SCIPIO

810 745 1005 770 LAURE‘ro
1031 734 1077 770 29
1103 744 1197 780 MAJI
1226 733 1317 770 1557
1346 735 1368 770 ¹.

271 818 306 855 1.
338 817 450 855 Cm‘a
471 819 667 863 inopum!
688 821 784 853 tum
803 819 848 853 in
869 818 1119 863 emporibus
1138 817 1454 859 sustentandis,
1478 819 1570 853 tum
1591 818 1819 852 inanimis
1838 818 1906 861 pie

345 876 739 913 instituendis.—2.
786 876 1013 913 Exercitus
1050 878 1275 922 gallormn
1313 876 1559 912 Lauretum
1598 877 1906 921 pertransit.—

343 935 428 971 3-9.
461 936 700 972 Mnltormn
719 937 809 972 vita
836 937 881 972 in
909 937 1066 972 melius
1094 936 1278 972 chltt'eli
1304 938 1477 971 mutata
1502 938 1752 971 nostratum
1780 936 1907 971 mini-

344 994 597 1031 steria—10.
627 994 782 1031 Bonus
801 994 908 1031 odor
933 999 972 1031 et
999 996 1262 1032 existimatio
1292 994 1565 1031 Soctetatatis
1592 994 1778 1030 Lauren·
1795 997 1831 1030 el
1859 995 1904 1030 in

346 1053 520 1099 oppidis
555 1054 713 1089 vicinis
744 1054 1097 1090 meseia—1142.
1142 1053 1391 1090 Vocatz'ones
1425 1053 1485 1088 ad
1522 1052 1776 1089 Societatem
1809 1053 1905 1098 plit-

347 1123 499 1149 millae.

330 1203 367 1247 1.
419 1209 446 1256 †
470 1201 594 1248 IHS.
623 1202 739 1248 MA.
763 1203 869 1247 Pax
884 1211 933 1248 et
951 1202 1119 1259 gratia
1137 1201 1319 1247 Christi
1341 1202 1450 1246 Iesu
1470 1201 1532 1246 sit
1551 1201 1861 1246 nobiscum...
1884 1201 1907 1221 a

277 1279 357 1324 Ad
381 1279 471 1324 hec
505 1288 644 1323 tanta
678 1278 984 1324 immodestia
1019 1279 1063 1324 in
1099 1294 1345 1335 pauperes
1379 1279 1689 1333 obrepserat,
1729 1286 1780 1322 ut
1802 1286 1905 1322 tum

280 1355 592 1412 [per]egrinis
632 1355 666 1412 b,
709 1364 813 1400 tum
857 1357 1036 1412 populo
1080 1355 1352 1400 molestiam
1398 1344 1770 1411 importunitate
1815 1370 1905 1399 sua

278 1432 538 1489 afferrent;
576 1440 741 1489 atque,
779 1433 907 1488 quod
942 1432 1158 1477 deterius
1191 1441 1281 1488 est,
1318 1432 1365 1476 in
1399 1441 1589 1477 tantum
1624 1431 1902 1487 cupiditatis

275 1518 538 1565 uenerant,
586 1518 637 1554 ut
687 1510 841 1555 multa
885 1510 1202 1566 conciperent
1247 1509 1460 1566 flagitia,
1507 1518 1555 1554 et
1604 1509 1675 1554 rei
1719 1509 1896 1565 diuine,

277 1586 502 1642 quamuis
519 1601 704 1642 magna
724 1596 854 1632 esset
874 1586 1156 1643 celebritas,
1184 1595 1390 1642 propter
1414 1587 1605 1631 lucrum
1623 1585 1904 1631 faciendum

278 1678 397 1707 raro
423 1663 730 1708 interessent.
760 1663 1011 1720 Quocirca
1037 1663 1152 1708 data
1188 1674 1259 1708 est
1293 1679 1447 1718 opera
1480 1671 1533 1708 ut
1562 1663 1665 1719 ipse
1699 1663 1903 1708 antistes

278 1739 501 1784 efficeret
536 1741 809 1785 claustrum
840 1740 1087 1797 quoddam
1121 1741 1249 1796 apud
1284 1739 1486 1797 januam
1522 1740 1689 1797 templi
1723 1740 1804 1785 ubi
1837 1740 1901 1784 illi

277 1817 682 1873 cohercerentur‚
710 1818 885 1874 quibus
908 1819 1057 1863 etiam
1083 1819 1281 1874 quidam
1307 1818 1384 1863 uir
1409 1828 1482 1863 est
1517 1818 1817 1874 praefectus,
1855 1828 1901 1862 et

276 1908 339 1938 ex
364 1894 665 1950 pauperibus
689 1896 784 1939 duo
807 1904 919 1940 sunt
943 1895 1086 1940 electi
1113 1895 1191 1951 qui
1217 1895 1407 1940 duabus
1431 1895 1614 1940 arculis
1647 1895 1901 1952 conquire-

276 1980 402 2023 rent,
430 1981 765 2027 pararentque
791 1972 1086 2017 elemosinas
1110 1972 1334 2017 omnibus
1358 1971 1736 2017 distribuendas.
1774 1972 1900 2017 Tum

278 2061 415 2103 uero,
444 2056 494 2092 ut
518 2047 713 2092 illorum
738 2049 1081 2093 consuleretur
1112 2048 1394 2104 ignorantie
1425 2058 1573 2104 atque
1604 2049 1765 2106 saluti,
1803 2049 1901 2105 qui-

277 2124 388 2169 dam
422 2139 484 2168 ex
518 2125 701 2170 nostris
737 2126 983 2182 praelegit
1013 2126 1227 2182 aliquam
1262 2135 1455 2182 partem
1490 2126 1745 2171 doctrinae
1779 2127 1903 2171 chri-

277 2201 470 2246 stianae
500 2217 643 2247 manc·
669 2211 717 2247 et
750 2197 963 2260 uesperi,
1001 2203 1294 2259 instruitque
1328 2203 1548 2248 moribus
1582 2212 1630 2248 et
1665 2204 1903 2260 religione

277 2278 563 2324 christiana.
591 2278 694 2323 Iam
719 2280 1091 2325 commemorati
1115 2295 1377 2336 pauperes,
1415 2289 1463 2326 et
1497 2289 1609 2325 sunt
1642 2280 1900 2325 modestio-

276 2370 374 2412 res,
414 2364 463 2400 et
501 2355 560 2400 de
600 2371 738 2400 more
778 2357 926 2401 rebus
971 2356 1147 2401 diuinis
1186 2357 1429 2401 intersunt
1468 2357 1693 2402 omnibus
1732 2357 1902 2402 diebus

277 2432 435 2478 festis.

336 2509 378 2555 2.
445 2509 554 2554 Non
579 2510 840 2555 mediocris
864 2510 1055 2556 fructus
1080 2511 1170 2555 fuit
1195 2519 1458 2567 perceptus
1488 2520 1591 2556 tum
1616 2526 1679 2556 ex
1713 2511 1904 2556 confes-

323 2666 340 2686 a
396 2657 673 2695 Omz'ttmztur
688 2658 767 2694 hoc
787 2659 887 2702 loco,
910 2669 960 2695 ea
978 2669 1091 2704 quae
1107 2662 1211 2695 sunt
1230 2661 1275 2695 in
1296 2671 1369 2696 πη.
1392 2659 1460 2696 1-6
1478 2661 1599 2705 epist.
1620 2659 1685 2696 34.

325 2718 344 2743 b
389 2717 592 2754 Abscissa
612 2718 777 2754 charta.

325 2848 334 2872 ¹
389 2847 453 2884 Ex
471 2848 706 2894 apographo
724 2848 765 2884 in
784 2848 868 2885 cod.
889 2848 1017 2885 Rom.
1048 2848 1127 2886 126
1155 2849 1203 2892 A,
1225 2850 1248 2886 3
1265 2849 1322 2895 ff,
1344 2862 1409 2886 nn.
1428 2849 1502 2894 3-5;
1524 2849 1633 2896 prius
1660 2849 1781 2893 434&
1809 2849 1904 2886 olim

274 2906 397 2944 56-61.
417 2906 543 2943 Plura
560 2907 601 2943 in
620 2908 695 2943 hac
715 2907 884 2954 epistola
902 2912 1143 2954 repetuntur
1162 2921 1212 2944 ex
1230 2908 1291 2945 his
1310 2921 1414 2955 quae
1435 2908 1623 2944 dicuntur
1640 2908 1680 2944 in
1700 2909 1815 2955 epist.
1836 2908 1900 2953 34;

276 2979 380 3012 quae
399 2979 470 3002 nos
489 2966 732 3012 omittemus,
754 2967 976 3003 indicantes
995 2972 1132 3003 tamen
1150 2967 1260 3005 illius
1280 2968 1476 3015 epistolae
1496 2968 1597 3012 loca,
1619 2967 1687 3005 ubi
1705 2968 1768 3005 hic
1787 2968 1903 3005 omis-
1932 2970 1935 3006 ἶ

276 3037 321 3061 sa
335 3025 607 3062 inveniantur.
632 3026 783 3062 Menda
809 3026 1121 3073 orthographica
1147 3027 1292 3073 quibus
1310 3027 1532 3074 apograph.
1565 3027 1755 3071 abundat,
1784 3018 1954 3066 facile-'⁴4⁵

277 3084 453 3129 corriget
471 3085 647 3131 prudens
666 3086 805 3122 lector.
824 3085 907 3122 Nos
924 3097 1054 3133 pauca
1072 3090 1229 3122 tantum
1248 3091 1446 3123 notamus.
1934 3080 1936 3082 ’
