1909 3328
296 324 364 359 854
759 320 983 357 LITTERAE
1010 319 1362 365 QUADRIMESTRES

241 422 512 469 Germania
536 422 721 467 habere
746 429 1046 466 momentum
1070 419 1176 476 ipsa
1211 428 1424 466 testatur
1462 419 1784 479 experientia,
1816 431 1863 468 et

241 516 303 545 ex
322 498 655 545 confitentium
679 507 728 543 et
746 496 1216 543 communicantium
1235 497 1379 543 solito
1397 496 1728 543 numerosiori
1747 499 1861 543 mul-

241 576 443 622 titudine
468 575 633 632 colligi
658 591 754 620 non
779 575 992 620 obscure
1017 583 1194 631 potest.

301 653 546 698 Effectum
571 661 645 698 est
669 652 799 709 apud
824 651 1143 697 Rdissimum.
1171 651 1488 697 viennensem
1513 652 1524 676 ¹
1561 650 1700 697 nobis
1734 651 1862 698 addi-

242 730 529 786 ctissimum,
551 738 605 775 vt
628 729 753 774 hora
778 728 1031 774 concionis
1050 744 1079 773 a
1098 728 1279 774 nostris
1301 728 1481 774 mutari
1500 728 1669 785 possit,
1691 743 1862 786 nempe

241 817 293 853 vt
318 816 433 853 ante
458 822 701 852 summum
726 821 943 862 sacrum,
966 805 1096 862 quod
1115 805 1344 863 deinceps
1362 806 1407 851 in
1427 806 1644 863 gratiam
1663 814 1763 851 tum
1783 821 1862 863 po-

242 884 339 942 puli
363 883 644 930 viennensis
668 892 769 929 tum
794 883 1130 940 hispanorum,
1165 882 1244 940 qui
1275 882 1623 929 instantissime
1653 883 1700 928 id
1728 883 1862 929 effla-

241 962 482 1019 gitarunt,
510 960 813 1018 cantabitur,
840 960 1014 1006 concio
1033 960 1295 1006 habeatur.
1330 960 1443 1017 Qua
1467 960 1729 1006 occasione
1762 976 1862 1017 spe-

242 1054 413 1085 ramus
453 1038 562 1084 fore
586 1047 640 1084 vt
678 1054 775 1083 non
815 1038 1078 1083 mediocris
1115 1037 1177 1083 ad
1216 1037 1451 1095 pietatem
1491 1047 1539 1084 et
1577 1037 1863 1094 religionem

242 1116 563 1163 christianam
588 1115 672 1162 fiat
695 1116 933 1162 accessio.
963 1115 1287 1172 Compei-turn
1317 1115 1444 1162 enim
1474 1116 1712 1162 habemus
1735 1115 1864 1162 hisce

241 1195 391 1240 rebus
410 1194 540 1240 trahi
560 1194 810 1252 populum,
830 1209 974 1251 quem
994 1193 1057 1239 ad
1073 1193 1269 1239 litanias
1285 1194 1349 1239 ab
1368 1193 1749 1240 adolescentulis
1768 1193 1863 1250 qui-

242 1272 466 1329 busdam,
490 1271 570 1328 qui
589 1271 719 1328 apud
737 1287 827 1317 nos
846 1280 973 1325 sunt,
997 1271 1254 1317 decantari
1273 1271 1461 1327 solitaS‚
1482 1270 1733 1317 turmatim
1754 1285 1862 1316 con-

242 1349 397 1395 fluere
421 1349 683 1395 cernimus.

300 1426 340 1472 2.
408 1425 796 1472 Proficiscuntur
827 1425 975 1471 etiam
1000 1440 1351 1482 nonnunquam
1374 1424 1546 1482 nostri,
1579 1425 1642 1471 ab
1666 1424 1863 1482 optima-

242 1503 372 1549 tibus
395 1503 537 1549 huius
561 1502 698 1548 vrbis
723 1502 905 1559 rogati,
933 1503 995 1547 ad
1018 1503 1129 1548 loca
1154 1502 1335 1560 vicina,
1362 1511 1416 1548 vt
1439 1517 1580 1548 suam
1604 1501 1666 1548 ibi
1686 1502 1733 1547 in
1755 1517 1864 1548 con-

243 1580 487 1627 cionando
512 1589 770 1637 praestent
794 1595 1016 1637 operam.
1043 1579 1095 1625 In
1120 1579 1396 1625 cathedrali
1420 1595 1615 1636 quoque
1638 1579 1861 1635 ecclesia,

242 1658 356 1704 dum
390 1658 579 1703 Rdiss.⁰
614 1673 703 1714 per
737 1657 1090 1714 occupationes
1125 1658 1204 1703 vel
1236 1657 1501 1703 aduersam
1535 1657 1864 1703 valetudinem

242 1752 338 1782 non
362 1735 492 1792 licet,
519 1735 674 1781 nostri
693 1735 843 1792 ipsius
862 1736 909 1780 in
929 1751 1133 1781 munere
1164 1734 1489 1781 concionandi
1525 1734 1660 1781 vices
1689 1749 1864 1792 gerere

242 1822 557 1870 expetuntur.

301 1890 343 1937 3.
412 1889 675 1947 Plaerique
699 1889 793 1935 Dei
817 1890 1000 1947 gratia,
1023 1898 1307 1936 nostrorum
1326 1905 1481 1947 opera
1500 1890 1563 1935 ab
1581 1888 1775 1935 haeresi
1793 1903 1863 1934 re·
1908 1914 1909 1917 =

244 1968 515 2024 sipuerunt,
551 1980 772 2025 quorum
804 1980 939 2012 vnus
972 1968 1078 2012 iam
1110 1980 1165 2012 se
1199 1966 1343 2012 nobis
1382 1966 1626 2012 adiunxit
1651 1965 1866 2012 sartoris
1907 1984 1909 1991 ¹

241 2045 476 2103 fungens
513 2044 712 2103 officio,
754 2044 854 2090 Alii
884 2043 930 2089 in
973 2043 1066 2090 fide
1095 2053 1208 2089 sunt
1244 2043 1534 2090 confirmati.
1577 2043 1677 2090 Alii
1710 2042 1862 2101 perfe-
1908 2083 1909 2087 ,

244 2122 405 2169 ctiora
429 2121 578 2168 etiam
602 2120 796 2178 sectati,
821 2136 1030 2178 quorum
1059 2121 1292 2178 nonnulli,
1324 2121 1504 2178 spretis
1534 2120 1698 2166 mundi
1727 2119 1865 2166 huius

245 2198 506 2256 illecebris,
533 2198 716 2244 nostris
744 2213 798 2244 se
829 2197 927 2243 iam
956 2197 1304 2253 adiunxerunt3
1337 2190 1554 2244 nonnulli
1583 2213 1721 2255 uero,
1754 2196 1864 2242 dum
1907 2214 1909 2236 2

244 2284 564 2322 sacramenta
587 2275 909 2332 frequentare
933 2284 981 2321 et
1004 2290 1114 2321 cum
1138 2276 1320 2321 nostris
1337 2275 1605 2322 familiaria
1623 2272 1864 2332 colloquia
1907 2300 1909 2334 !

246 2353 457 2399 miscere
481 2362 711 2409 pergunt,
738 2352 924 2398 dabunt
947 2360 995 2397 et
1025 2352 1114 2408 ipsi
1143 2361 1366 2410 tempore
1396 2363 1640 2413 oportuno
1670 2351 1863 2397 nomina
1904 2371 1909 2383 -·

245 2445 336 2476 sua
355 2431 445 2476 sub
469 2428 829 2487 gloriosissimo
853 2429 1096 2486 pauperis
1113 2439 1159 2474 et
1183 2428 1406 2475 crucifixi
1426 2428 1625 2475 Domini
1642 2428 1760 2489 Jesu
1784 2442 1862 2473 ve·

245 2507 377 2552 xillo.
399 2506 760 2553 Adolescentes
779 2506 945 2563 plures
965 2515 1076 2552 sunt
1096 2506 1175 2563 qui
1195 2506 1430 2563 proximis
1451 2506 1622 2552 diebus
1641 2505 1754 2550 dum
1784 2503 1862 2550 ad·
1902 2520 1909 2570 ξ

247 2593 376 2629 esset
394 2583 472 2629 hic
494 2583 650 2629 Rdus.
678 2583 732 2629 P.
751 2583 1068 2641 prouincialis
1084 2584 1116 2638 ²,
1138 2584 1302 2629 multis
1321 2583 1589 2640 lachrymis
1605 2591 1859 2640 oportune,
1905 2574 1909 2626 l

247 2660 522 2717 importune
540 2661 792 2707 instabant
810 2669 865 2707 vt
881 2661 929 2706 in
944 2659 1243 2706 Societatem
1264 2660 1415 2718 recipi
1434 2668 1650 2718 possent.
1669 2657 1861 2705 Potissi-

247 2753 328 2782 ma
352 2746 519 2783 autem
544 2753 691 2794 quam
717 2739 981 2796 vrgebant‚
1008 2753 1162 2784 causa
1188 2738 1311 2783 haec
1336 2746 1461 2794 erat,
1490 2737 1618 2794 quod
1641 2752 1671 2782 a
1693 2750 1862 2793 paren-

247 2813 374 2859 tibus
398 2823 446 2860 et
469 2815 639 2861 amicis
662 2815 942 2872 haereticis,
970 2815 1049 2861 vel
1072 2814 1208 2861 inuiti
1231 2823 1535 2872 cogerentur
1563 2829 1672 2860 esse
1695 2814 1861 2859 haere·
1904 2862 1909 2874 ¹

246 2889 344 2947 tici;
371 2890 576 2947 proinde
598 2901 804 2949 paratos
826 2907 880 2938 se
913 2907 1022 2938 esse
1057 2892 1233 2949 quouis
1269 2891 1468 2938 tandem
1501 2891 1573 2938 ire
1610 2899 1659 2938 et
1697 2889 1862 2937 officia

295 3072 306 3091 ¹
358 3070 564 3109 Antonius
582 3072 687 3110 Brus
706 3073 755 3111 de
773 3073 960 3122 Muglitz.

296 3130 309 3151 2
359 3130 407 3169 B.
427 3130 575 3169 Petrus
594 3130 797 3171 Canisius.
