1900 3380
438 288 805 323 215—-FERRAR1A
836 289 879 323 13
905 288 1151 324 Novfflissizls
1181 288 1270 322 1523&
1560 286 1621 321 ὅδ’]

99 385 142 429 5.
208 383 260 427 In
295 398 504 428 carcere
540 400 659 428 uero
694 392 837 447 erant
862 383 940 439 qui
966 392 1080 427 octo
1104 398 1259 427 annos
1294 382 1504 427 diuersis
1528 382 1674 426 homi-

42 460 179 506 cidiis
222 459 521 515 flagitiisque
572 459 889 505 conficiendis
940 460 1328 516 euigilauerant,
1377 458 1473 503 iam
1523 458 1677 503 uariis

41 539 163 584 bene
188 536 382 581 uiuendi
402 537 671 592 generibus
698 537 891 593 uigilias
916 537 1024 581 illas
1050 540 1168 581 suas
1198 537 1522 581 collocarunt.
1550 536 1675 580 Aliis

41 629 135 660 non
160 613 280 658 satis
314 613 406 658 fuit
440 622 586 659 extra
616 623 984 659 sacramentum
1010 613 1243 669 capitalia
1268 622 1488 669 patrare,
1516 614 1603 657 sed
1628 613 1674 657 in

39 692 143 748 ipsa
183 690 507 736 confessionis
546 691 733 736 exedra
778 691 957 736 amotis
1001 690 1205 736 arbitris
1250 691 1347 735 tria
1390 690 1676 736 foedissime

39 769 342 814 commisere.
372 766 469 812 Sed
505 783 801 813 concursum
837 769 984 812 totius
1018 768 1465 824 quadragesimalis
1489 776 1674 823 temposs

39 845 122 901 ris,
148 860 319 889 eorum
355 844 432 899 qui
469 845 688 889 sitientes
727 845 954 889 diuinam
977 845 1196 900 gratiam
1231 861 1294 888 ex
1329 845 1565 889 immenso
1589 845 1672 889 illo

40 921 163 966 mari
208 921 403 966 diuinae
449 921 679 966 bonitatis
724 910 924 966 ebibere.
969 922 1228 976 ardebant,
1271 922 1672 977 praetermittere

38 1013 132 1043 non
156 1013 369 1054 possum.
397 998 526 1043 Nam
550 1008 751 1054 praeter
785 998 883 1043 alia
917 999 1136 1043 inaudita
1172 999 1488 1055 ingentiaque
1513 999 1674 1043 crimi-

37 1091 116 1131 na,
150 1076 244 1120 duo
279 1076 502 1131 (proprio
537 1075 778 1132 sanguine
812 1076 1148 1131 chirographo
1183 1076 1431 1131 descripto
1466 1075 1512 1120 in
1547 1076 1675 1121 hanc

37 1152 319 1197 formulam:
362 1152 471 1197 Tibi
514 1169 605 1203 me,
654 1168 682 1197 o
723 1152 933 1207 diabole,
971 1153 1167 1197 omnino
1213 1153 1355 1205 dedo,
1399 1153 1672 1210 committo,

39 1230 199 1284 trado,
247 1230 525 1285 consecro),
569 1246 621 1274 se
671 1230 869 1275 diabolo
924 1230 1183 1285 dederant,
1231 1241 1378 1285 atque
1433 1230 1574 1286 adeo,
1622 1239 1675 1275 ut

42 1307 140 1352 cito
184 1308 248 1352 ab
286 1323 344 1352 eo
379 1309 443 1352 ab
476 1307 569 1352 hac
606 1308 706 1353 uita
737 1307 896 1364 abripi
931 1307 1234 1363 flagitarent,
1265 1308 1358 1352 imo
1398 1324 1520 1352 uero
1556 1308 1674 1353 diris

36 1384 203 1430 uerbis
242 1385 372 1429 illum
413 1394 702 1440 arguerent,
745 1385 874 1442 quod
910 1394 1012 1429 tam
1046 1384 1128 1428 diu
1162 1400 1248 1429 eos
1282 1394 1545 1440 asportare
1585 1385 1672 1430 dif-

37 1461 230 1506 ferrent
272 1461 396 1518 [Sz'c];
440 1477 562 1518 quos
600 1462 799 1507 tandem
836 1461 1104 1507 incredibili
1146 1462 1294 1506 animi
1335 1462 1506 1506 dolore
1550 1462 1673 1507 affe·

37 1548 158 1593 ctOS‚
192 1539 516 1585 acerbissime
540 1539 798 1596 poenituit.
825 1539 957 1584 Ecce
983 1540 1080 1585 iam
1105 1539 1480 1596 desperationes
1506 1539 1672 1584 mulie-

37 1631 161 1661 rum:
201 1617 325 1661 haec
364 1617 662 1661 decreuerat
696 1618 889 1673 laqueo,
928 1616 1010 1661 illa
1048 1616 1211 1673 aquiS,
1249 1617 1346 1661 alia
1386 1632 1498 1662 cum
1538 1632 1671 1661 soro-

37 1708 92 1738 re
140 1708 330 1738 ueneno
377 1692 524 1749 (quod
578 1709 607 1737 a
652 1693 1043 1750 pharmacopola
1087 1709 1261 1738 amore
1313 1692 1407 1738 Dei
1454 1694 1674 1750 petebat)

11 1757 124 1815 'sibi
165 1770 264 1815 uim
304 1771 510 1819 afferre.
553 1770 807 1827 uitamque
845 1770 1163 1828 profundere,
1207 1782 1253 1816 et
1291 1786 1416 1826 pene
1452 1770 1672 1827 perfece-

35 1858 163 1905 rant;
206 1849 292 1894 sed
340 1849 477 1894 Deus
512 1849 620 1893 illas
669 1848 772 1893 orci
818 1864 844 1893 e
889 1848 1118 1894 faucibus
1159 1849 1354 1905 eripuit.
1409 1847 1675 1893 Crudelior

33 1941 153 1970 sane
183 1932 200 1951 ³
230 1935 392 1971 mater
422 1925 503 1971 illa
539 1925 573 1977 b,
612 1941 739 1982 quae
773 1926 1028 1982 proprium
1070 1926 1258 1971 foetum
1300 1941 1476 1971 recens
1512 1926 1556 1970 in
1605 1926 1673 1970 lu-

35 2017 142 2047 cem
166 2003 350 2048 editum
375 2004 478 2048 uita
502 2003 703 2059 priuare
726 2018 821 2048 non
859 2004 1147 2060 uei-ebatur:
1184 2013 1233 2049 et
1266 2004 1483 2055 fecisset,
1516 2003 1562 2047 ni
1598 2019 1671 2048 re-

37 2096 146 2125 rum
179 2080 508 2126 humanarum
543 2081 833 2126 moderator
868 2081 1004 2126 Deus
1044 2081 1323 2137 quempiam
1362 2097 1427 2126 ex
1460 2081 1669 2126 familia-

38 2157 175 2203 ribus
198 2158 301 2203 eius
326 2159 541 2204 dedisset
566 2158 645 2214 qui
671 2159 801 2204 illam
823 2175 852 2204 a
876 2169 978 2204 tam
1015 2159 1275 2215 nephando
1311 2160 1501 2204 scelere
1525 2175 1670 2204 auer-

37 2243 166 2280 teret
190 2244 337 2292 atque
361 2236 593 2291 eriperet.

92 2311 135 2357 6.
202 2312 359 2357 Multa
383 2313 482 2357 alia
505 2313 781 2358 huiusmodi
807 2326 1002 2370 possem
1028 2328 1327 2358 enumerare
1352 2328 1481 2369 quae
1506 2313 1668 2369 lacry-

36 2389 126 2435 mis
151 2389 318 2446 digna,
345 2405 406 2435 ac
429 2390 663 2435 diuturno
688 2400 800 2436 sunt
834 2392 984 2436 luctu.
1010 2389 1364 2446 Orphanarum
1401 2400 1668 2446 praeterea

34 2475 83 2512 et
121 2468 272 2512 totius
310 2468 605 2513 xenodochii
650 2468 796 2514 divae
840 2469 986 2513 Anne
1025 2475 1039 2495 ς
1086 2469 1470 2524 exomologeses
1513 2483 1671 2524 usque

33 2542 167 2589 fiunt.
195 2544 335 2589 Haec
359 2544 508 2590 habui
547 2545 606 2590 R.
648 2545 703 2591 P.
746 2562 872 2602 quae
897 2561 1045 2602 quam
1071 2545 1361 2590 breuissime
1380 2546 1533 2601 potui
1553 2561 1669 2591 enu-

34 2635 301 2666 merarem.
339 2621 441 2666 Nos
475 2637 646 2668 omnes
682 2623 742 2668 R.
780 2623 833 2668 P.
877 2623 934 2668 T.
973 2623 1203 2679 precibus
1242 2623 1666 2669 commendamus.

33 2696 166 2742 Vale
191 2698 236 2742 in
261 2698 491 2744 Domino.
518 2699 788 2746 Ferrariae
808 2701 965 2746 idibus
990 2699 1291 2745 Nouembris
1314 2700 1378 2744 M.
1398 2700 1460 2745 D.
1483 2700 1665 2746 LVIII.

65 2989 98 3009 ⁴³
144 2983 281 3020 Prius
300 2995 474 3030 quoque.
527 2984 595 3011 —b
640 2984 777 3021 Prius
795 2987 1011 3030 scriptum
1031 2988 1125 3021 erat
1155 2985 1284 3021 aliud
1313 2997 1352 3022 v.
1386 2985 1503 3031 quod
1534 2987 1672 3031 legere

0 3061 3 3065 ·
36 3043 283 3088 nequimus.
338 3049 402 3070 ——c
432 3042 533 3079 Duo
551 3054 620 3080 vv.
639 3043 841 3089 praeced.
864 3043 1023 3080 addita
1053 3048 1190 3090 supra
1216 3055 1393 3082 versum
1425 3045 1593 3088 eadem,
1620 3048 1672 3081 ut

35 3102 224 3146 videtur,
250 3112 401 3138 mauu.

144 3184 312 3212 LITTERAE
333 3184 630 3218 QUADRIMESTRES.
652 3190 739 3214 TOM.
761 3187 798 3214 V.
1529 3188 1563 3215 56
