1900 3380
456 230 791 266 80.——FERRAR1A
822 230 865 266 13
892 230 1083 266 AUGUSTI
1113 231 1202 266 1557
1537 231 1606 267 <27

17 327 234 384 ingenio,
262 341 314 371 se
339 327 467 371 intra
492 327 690 372 biduum
716 326 1078 383 confessurum,
1107 328 1233 382 quod
1259 336 1307 371 et
1331 326 1513 382 effecit,
1536 343 1650 372 nam

25 406 134 450 dum
160 403 520 448 confessionem
546 403 888 457 meditaretur,
916 404 1042 448 adeo
1066 402 1225 447 facilis
1251 404 1410 448 euasit
1434 414 1482 449 et
1506 420 1650 460 paca-

22 490 114 536 tus,
152 490 203 524 ut
238 495 407 525 omnes
443 480 853 536 obstupescerent
892 489 1041 535 atque
1081 479 1450 525 admirarentur
1489 481 1650 525 subito

23 566 210 603 tantam
236 557 280 601 in
307 556 502 601 homine
528 556 964 612 metamorphosin,
1003 571 1212 612 cumque
1248 565 1445 600 uentum
1481 567 1554 600 est
1589 557 1650 601 ad

6 633 397 689 confessionem,
425 633 521 677 iam
548 634 757 689 quinque
782 644 867 678 aut
891 649 980 678 sex
1004 633 1221 678 eiusdem
1250 632 1442 677 farinae
1464 640 1479 659 ³
1501 633 1648 677 homi

23 726 107 756 nes
136 710 180 755 in
216 725 358 754 suam
393 710 688 755 sententiam
723 719 1047 766 pertraxerat
1081 719 1132 754 ut
1163 708 1535 766 confiterentur,
1573 710 1650 765 qui

22 788 156 844 prius
179 786 385 832 Patrum
409 796 696 831 nostrorum
722 787 952 842 precibus
971 787 1015 831 id
1036 787 1232 832 omnino
1257 786 1646 842 denegauerant.

22 864 115 910 Hic
138 863 257 921 ipse,
284 863 499 919 inquam,
527 863 786 908 confessus
810 874 899 918 est,
929 873 976 908 et
1001 879 1060 908 ea
1080 879 1271 908 morum
1291 864 1576 919 mutatione,
1602 874 1652 908 ut

21 955 268 997 nunquam
292 940 525 996 deinceps
549 956 578 984 a
603 956 848 996 quoquam
875 941 1009 985 uisus
1039 940 1100 985 sit
1135 956 1193 985 ne
1228 940 1420 985 hiscere
1456 940 1649 996 quidem

8 1027 196 1063 -contra
227 1033 286 1062 ea
321 1032 447 1073 quae
482 1018 543 1062 ad
580 1017 739 1062 Deum
775 1027 860 1062 aut
894 1018 1206 1062 honestatem
1239 1018 1500 1074 pertinent:
1539 1018 1651 1074 quin

6 1094 169 1140 “etiam
194 1094 297 1150 ipse
320 1094 565 1140 suadebat
589 1111 699 1140 cum
735 1095 916 1139 nostris
951 1104 1003 1139 ut
1037 1095 1118 1140 alii
1153 1110 1325 1139 omnes
1359 1094 1651 1140 confiteren-

21 1181 116 1228 tur,
154 1171 282 1228 quod
316 1170 559 1216 foeliciter
593 1171 781 1216 factum
821 1181 910 1229 est,
953 1188 1164 1228 namque
1206 1172 1445 1217 rarissimi
1481 1172 1652 1217 extite-

23 1259 135 1294 runt
159 1248 194 1306 ¹³,
222 1249 301 1304 qui
326 1264 422 1293 non
454 1248 828 1305 confiterentur;
867 1258 915 1295 et
949 1264 1120 1294 eorum
1157 1248 1235 1305 qui
1269 1249 1486 1294 confessi
1520 1259 1649 1306 sunt,

21 1341 115 1371 non
147 1325 292 1381 pauci
326 1335 435 1382 post
469 1326 830 1371 confessionem
864 1336 976 1371 sunt
1000 1325 1212 1381 liberati,
1248 1328 1374 1383 quod
1406 1336 1520 1371 ante
1546 1343 1575 1371 a
1599 1342 1652 1372 se

13 1402 253 1459 consequi
272 1417 418 1459 posse
438 1402 850 1458 desperauerant.
879 1402 1027 1448 Iidem
1048 1402 1226 1448 Patres
1245 1403 1399 1447 nostri
1420 1403 1650 1459 impetra-

17 1490 134 1526 ·runt
157 1495 185 1524 a
210 1479 416 1534 vicario,
455 1489 506 1525 ut
541 1480 711 1525 iisdem
746 1480 791 1525 in
828 1481 1003 1526 eodem
1039 1496 1246 1525 carcere
1281 1496 1480 1525 sacrum
1520 1481 1652 1525 face-

23 1566 144 1603 rent.
175 1556 412 1615 [Alz'qnas
435 1558 794 1606 conversiones
817 1557 1141 1615 omittinms]

77 1634 120 1680 4.
186 1633 258 1679 Vt
291 1634 555 1690 plurimum
591 1634 740 1680 etiam
780 1634 851 1691 fit,
893 1645 945 1680 ut
981 1635 1058 1691 qui
1094 1634 1444 1691 asperitatibus
1480 1651 1648 1680 rerum

10 1719 108 1756 ,aut
136 1711 278 1756 malis
313 1722 619 1769 premuntur,
657 1712 719 1756 ad
754 1728 843 1756 nos
878 1727 987 1757 cum
1024 1711 1211 1757 consilii
1245 1721 1331 1756 aut
1365 1711 1649 1769 adiumenti,

25 1796 124 1833 turn
149 1787 514 1833 confessionum
539 1788 706 1845 gratia
731 1789 988 1843 accedant,
1012 1789 1298 1845 pollicentes
1323 1788 1413 1834 sibi
1448 1804 1477 1833 a
1512 1789 1653 1834 nobis

11 1879 162 1922 *opem
188 1874 236 1910 et
259 1865 488 1911 solatium
511 1865 558 1910 in
581 1874 655 1911 tot
677 1866 827 1911 rebus
851 1866 1094 1923 aduersis,
1132 1881 1193 1911 ac
1227 1866 1337 1911 Deo
1363 1866 1647 1921 adiuuante,

14 1955 113 1986 ..sua
135 1957 222 1998 spe
245 1941 440 1986 minime
476 1941 790 1988 fraudantur.

80 2018 123 2063 5.
189 2015 524 2063 Studiosiores
548 2028 836 2064 nostrarum
873 2034 1058 2075 rerum,
1096 2034 1217 2076 quos
1251 2019 1457 2064 deuotos
1488 2020 1651 2075 appel-

24 2094 195 2152 lamus,
222 2105 270 2140 et
293 2094 555 2152 proficiunt
578 2096 667 2152 ipsi
703 2105 751 2141 et
784 2096 908 2141 alios
943 2096 1165 2142 alliciunt
1199 2098 1554 2153 attrahuntque
1588 2096 1651 2141 ad

4 2171 216 2227 pietatis
239 2171 472 2226 studium;
497 2173 635 2240 multi
660 2189 855 2229 nanque
879 2173 1094 2218 confessi
1119 2183 1231 2219 sunt
1254 2174 1447 2218 illorum
1484 2174 1650 2229 ductU,

14 2248 104 2305 nqui
127 2248 249 2294 alias
274 2249 336 2294 ad
360 2264 450 2294 nos
474 2259 576 2294 tam
599 2249 746 2295 facile
771 2250 994 2307 perducti
1018 2267 1115 2296 non
1138 2250 1362 2296 fuissent.
1397 2250 1653 2308 Quantum

27 2339 144 2370 uero
168 2326 256 2382 ipsi
280 2325 557 2382 proficiant,
586 2328 664 2372 uel
689 2327 804 2372 illud
828 2327 1027 2385 indicat,
1056 2328 1185 2385 quod
1208 2344 1305 2373 non
1329 2328 1486 2373 desint
1510 2344 1572 2372 ex
1595 2327 1653 2373 iis

15 2401 197 2458 -quibus
246 2403 411 2459 aliqua
461 2420 612 2460 super
661 2404 907 2451 humanae
951 2405 1243 2450 conditionis
1286 2415 1468 2450 statum
1513 2405 1653 2450 Deus

15 2479 390 2526 communicare
425 2480 673 2538 dignetur.
712 2481 859 2539 Quod
891 2482 938 2527 id
971 2498 1129 2539 genus
1163 2482 1388 2538 proxime
1427 2482 1648 2539 contigit,

20 2570 152 2601 ,nunc
175 2557 353 2603 dicam.

82 2633 125 2680 6.
193 2634 286 2680 Vir
310 2646 398 2691 est,
427 2636 565 2681 cuius
589 2635 714 2682 filius
748 2637 876 2682 inter
908 2635 1096 2682 fratres
1130 2635 1392 2682 Societatis
1428 2645 1650 2693 nostrae,

27 2710 219 2756 nomine
241 2711 488 2757 Hercules
512 2713 557 2757 in
582 2711 832 2771 colle[gio]
860 2713 1078 2771 uiuebat,
1117 2713 1155 2757 is
1190 2712 1308 2758 obiit
1337 2712 1465 2757 diem
1489 2728 1648 2771 suum,

27 2786 221 2833 uolente
244 2787 370 2845 Deo,
397 2797 541 2845 pater
570 2789 766 2835 nescius
800 2789 998 2835 omnino
1033 2790 1265 2847 (nondum
1302 2789 1430 2834 enim
1465 2790 1653 2836 certior

0 2887 2 2910 'r
27 2859 130 2908 fieri
152 2874 349 2920 poterat
371 2865 431 2910 de
457 2865 593 2911 obitu
617 2865 699 2911 fil’ii
723 2866 798 2911 sui
833 2867 1010 2924 quippe
1044 2867 1122 2924 qui
1159 2865 1400 2920 Ferraria
1434 2867 1648 2924 aberat),

73 3035 91 3056 ἃ
132 3029 286 3069 farinae
305 3031 461 3070 farinae
483 3045 563 3071 ms.
630 3033 695 3062 —b
729 3036 907 3071 extirunt
928 3045 1011 3071 ms.
