2043 3467
363 266 409 302 54
829 264 1047 301 errERAE
1073 263 1427 309 QUADRIMESTRES

319 361 662 419 transegisset,
706 361 982 418 multosque
1021 361 1230 406 miseros
1269 360 1330 405 ad
1370 368 1578 416 peccata
1619 368 1945 416 prouocasset

319 439 553 495 homines,
582 439 627 484 in
652 448 824 484 nostra
849 438 1060 484 ecclesia
1079 438 1323 493 confessa,
1346 446 1538 483 tantum
1562 437 1705 483 abest
1728 445 1780 482 ut
1803 436 1849 482 in
1873 436 1946 482 his

321 517 500 563 diutius
535 515 876 574 perseuerarit
910 516 1055 572 uitiis,
1092 525 1143 562 ut
1177 515 1324 562 etiam
1357 514 1554 571 pietatis
1579 530 1731 572 opera
1755 530 1946 560 summo

319 594 479 640 studio
504 594 773 651 incoeperit
796 609 1052 639 exercere.

410 671 674 729 [Sequitur
696 671 843 717 aliud
864 670 1213 716 conversz'mm
1236 669 1569 727 exemplum]

379 749 421 794 8.
490 749 583 794 Hic
607 749 828 806 relinquo
854 747 1050 805 pietatis
1074 747 1254 804 officia,
1277 762 1405 804 quae
1424 762 1454 792 a
1472 747 1715 792 nonnullis
1734 746 1948 803 quotidie

322 837 370 873 et
408 829 451 873 in
494 827 667 872 uiduas
707 836 754 872 et
793 826 839 871 in
873 826 1099 871 custodia
1136 825 1331 882 publica
1366 824 1606 881 detentos,
1643 825 1863 880 aliosque
1902 823 1948 868 id

323 921 480 963 genus
504 905 683 951 multos
708 913 1023 957 exercentur;
1051 919 1161 949 cum
1194 903 1330 948 multi
1363 918 1390 948 e
1423 902 1712 948 carceribus
1745 901 1950 958 publicis

322 983 396 1028 his
415 983 587 1029 diebus
610 991 897 1028 nostrorum
923 997 1075 1038 opera
1101 980 1376 1038 (pecuniam
1396 989 1561 1026 tamen
1580 979 1812 1025 nobilium
1833 995 1949 1024 non-

324 1061 467 1106 nullis
509 1059 853 1117 largientibus)
893 1059 1075 1105 fuerint
1114 1058 1323 1114 liberati;
1364 1058 1669 1115 paupercula
1707 1057 1951 1113 quaedam

323 1139 474 1196 uirgo
499 1137 841 1183 eleaemosinis
866 1136 1036 1182 adiuta
1059 1136 1413 1182 monasterium
1437 1135 1498 1180 sit
1521 1134 1766 1192 ingressa,
1793 1134 1874 1180 ubi
1899 1149 1950 1179 se

325 1224 481 1261 totam
506 1214 670 1260 diuino
695 1213 844 1260 cultui
869 1212 1224 1259 studiosissime
1253 1212 1420 1269 tradit;
1458 1211 1664 1268 aliisque
1693 1211 1950 1268 compluri-

324 1294 418 1339 bus
444 1292 613 1350 egenis
638 1293 932 1337 subuentum
958 1291 1130 1337 eadem
1155 1290 1347 1336 ratione
1370 1290 1533 1336 fuerit.

383 1371 425 1416 9.
493 1369 704 1415 Accedit
728 1369 875 1415 etiam
906 1369 1035 1424 quod
1069 1377 1354 1413 nostrorum
1389 1382 1582 1424 quoque
1612 1366 1815 1412 Patrum
1849 1382 1952 1412 cre-
2016 1375 2019 1379 ’

326 1448 430 1493 bris
454 1446 867 1493 admonitionibus
892 1445 1088 1502 quidam
1112 1444 1350 1490 ducentos
1373 1443 1616 1501 elargitus
1646 1451 1720 1488 est
1754 1458 1950 1499 aureos,

327 1525 501 1582 quibus
535 1524 698 1581 puella
732 1523 974 1581 quaedam
1009 1522 1171 1579 uirgo,
1208 1537 1335 1579 quae
1368 1521 1415 1566 in
1450 1520 1666 1567 maximo
1690 1520 1954 1577 pudicitiae

327 1617 446 1647 suae
470 1602 773 1647 uersabatur
797 1600 1091 1655 discrimine,
1119 1600 1197 1645 uel
1221 1598 1574 1644 monasterium
1605 1597 1954 1655 ingrederetur

327 1679 542 1736 aliquod,
570 1678 647 1724 uel
672 1678 816 1724 alicui
841 1678 1046 1723 honesto
1072 1676 1179 1722 uiro
1204 1676 1517 1722 matrimonio
1541 1675 1846 1731 iungeretur.

417 1756 515 1803 Sed
542 1757 665 1801 haec
688 1756 810 1802 satis
833 1755 944 1811 sint,
971 1754 1111 1800 nimis
1134 1753 1262 1800 enim
1286 1753 1507 1810 prolixus
1533 1767 1707 1810 essem,
1729 1752 1769 1798 si
1792 1752 1957 1798 omnia

331 1836 392 1881 ad
417 1850 566 1880 unum
592 1848 855 1879 recensere
879 1831 1071 1878 uellem.

392 1913 459 1959 10.
527 1910 873 1957 Studiosorum
899 1925 1092 1967 quoque
1122 1909 1314 1955 fructus
1348 1907 1628 1954 uberrimus
1662 1915 1752 1963 est;
1785 1907 1831 1952 in
1865 1907 1955 1952 sin-

330 1989 459 2048 gulis
482 1988 662 2035 scholis
686 1987 901 2045 quotidie
925 1995 1225 2032 exercentur
1249 1984 1486 2042 discipuli,
1513 1999 1781 2042 eorumque
1805 1984 1958 2030 uariis

330 2067 486 2113 modis
509 2066 803 2112 excoluntur
827 2064 990 2121 animi3
1017 2064 1063 2109 hi
1098 2063 1225 2109 enim
1258 2062 1477 2120 epistolis
1508 2061 1874 2118 componendiS,
1910 2061 1957 2107 hi

331 2143 641 2191 orationibus
684 2141 1018 2199 lucubrandis,
1064 2141 1111 2186 hi
1154 2140 1455 2186 carminibus
1499 2139 1753 2196 aedendis;
1800 2154 1958 2196 neque

332 2222 478 2268 modo
518 2220 852 2276 conscribere,
894 2218 979 2264 sed
1019 2217 1350 2275 pronunciare
1389 2217 1514 2262 haec
1557 2216 1751 2273 eadem,
1798 2215 1959 2273 quoad

331 2299 436 2345 fieri
480 2297 655 2355 possit,
703 2304 908 2342 uenuste
951 2295 1273 2341 contendunt:
1321 2309 1435 2340 nam
1479 2293 1629 2339 certis
1669 2292 1959 2350 quibusdam

334 2376 504 2422 diebus
528 2376 599 2431 (ut
623 2382 854 2420 coeteros
889 2372 1084 2418 interim
1119 2372 1311 2418 silentio
1345 2370 1696 2428 praeteream),
1733 2370 1959 2427 eloquen-

333 2453 431 2499 tiae
466 2451 714 2498 candidati
749 2450 1017 2508 orationes,
1054 2449 1343 2496 conuocatis
1377 2448 1671 2506 quibusdam
1699 2448 1778 2493 uel
1807 2447 1960 2494 affini-

334 2532 424 2576 bus
448 2531 524 2576 uel
551 2528 723 2575 amicis
747 2528 819 2585 (ut
844 2527 930 2585 fit),
958 2527 1150 2584 publice
1174 2527 1221 2572 in
1244 2527 1425 2584 templo
1449 2534 1590 2572 tanta
1619 2534 1880 2572 uenustate
1913 2535 1962 2572 et

335 2607 461 2653 adeo
485 2606 770 2664 compositis
794 2605 1018 2662 corporis
1043 2605 1265 2662 gestibus
1287 2604 1486 2661 habent,
1508 2612 1560 2650 ut
1578 2612 1627 2650 et
1651 2612 1892 2661 cognatos
1915 2603 1961 2649 in

336 2685 604 2730 maximam
623 2699 761 2741 spem
781 2692 829 2729 et
853 2682 1069 2740 reliquos
1093 2682 1139 2727 in
1157 2697 1399 2727 summam
1423 2681 1655 2727 inducant
1677 2680 1960 2727 admiratio-

336 2777 461 2819 nem;
489 2770 537 2807 et
561 2777 623 2807 ex
647 2760 830 2807 nostris
854 2759 1102 2817 discipulis
1126 2759 1321 2816 quidam
1347 2774 1457 2805 cum
1487 2758 1533 2804 in
1567 2758 1696 2804 festo
1729 2757 1960 2803 Innocen-

339 2848 440 2884 tum
474 2838 533 2883 de
568 2837 879 2884 innocentiae
909 2836 1136 2882 laudibus
1159 2836 1205 2881 in
1230 2836 1413 2892 templo
1436 2835 1642 2881 haberet
1665 2834 1959 2888 orationem,

336 2923 593 2972 spectante
616 2923 759 2971 patre
783 2923 831 2960 et
853 2929 949 2959 non
973 2912 1142 2970 paucis
1166 2913 1384 2959 eiusdem
1408 2911 1692 2970 propinquis
1716 2926 1776 2957 ac
1800 2910 1961 2957 dome·
2029 2946 2034 2948 -

338 2991 488 3048 sticiS,
520 2991 588 3037 ita
618 3006 670 3037 se
694 2991 865 3048 gessit,
892 2999 944 3036 ut
968 2989 1183 3036 oratoris
1206 2990 1458 3047 proprium
1481 3003 1657 3034 munus
1680 2988 1744 3034 ab
1767 2987 1876 3033 aliis
1898 2987 1961 3033 di-

345 3077 543 3114 ceretur
567 3076 859 3125 exequutus,
886 3075 1078 3125 patrem
1101 3066 1228 3113 enim
1250 3067 1296 3113 in
1320 3066 1605 3123 lachrymas
1628 3063 1832 3111 induxit.
