1909 3328
279 283 347 320 422
750 284 966 321 LITTERAE
995 284 1087 330 QUA
1094 295 1353 322 DR1MEsTREs

232 379 344 423 dum
369 379 555 424 fratres
579 379 732 424 nostri
758 379 803 425 in
830 396 987 437 parua
1013 396 1182 425 mensa
1217 381 1496 437 comedunt,
1534 382 1703 427 facere
1739 398 1849 428 con-

234 456 409 501 sueuit.

288 532 330 577 5.
397 532 566 588 Neque
602 532 705 578 istis
738 533 1154 589 scandalizantur,
1181 533 1260 590 qui
1295 548 1382 578 eos
1416 533 1477 578 ad
1512 549 1600 579 nos
1634 533 1847 580 adduxe-

232 618 360 665 runt,
388 618 435 654 et
468 608 670 654 iuuenes
706 609 1081 665 mortificantur,
1118 609 1323 655 humiles
1358 609 1491 666 fiunt,
1519 615 1564 656 et
1598 610 1644 656 in
1678 611 1850 668 spiritu

231 684 491 741 proficiunt
516 686 793 742 plurimum.
821 686 1089 743 Coepimus
1113 686 1169 732 iis
1193 686 1341 732 etiam
1373 688 1613 743 quasdam
1650 689 1851 745 regulas

231 761 590 817 praescribere.
625 762 831 808 Vtinam
865 763 932 808 ita
965 763 1306 808 conuictorum
1345 774 1664 810 excresceret
1688 781 1850 811 nume—

232 853 332 893 rus,
367 848 416 883 ut
450 838 506 882 iis
541 838 789 895 peculiare
824 840 1209 885 constitueretur
1241 839 1522 897 collegium,
1559 841 1604 886 in
1639 856 1734 899 quo
1773 842 1853 888 100

230 923 315 959 aut
339 914 425 960 200
447 914 638 971 egregii
673 915 902 962 uiuerent
925 916 1268 962 adolescentes
1301 917 1392 962 sub
1427 916 1633 963 Patrum
1657 927 1849 964 nostro-

231 1008 337 1037 rum
372 1008 509 1038 cura.
546 992 597 1037 Id
638 993 767 1049 quod
801 993 931 1039 intra
965 1009 1146 1038 annum
1180 993 1389 1039 medium
1414 994 1609 1040 omnino
1633 994 1850 1041 futurum

230 1068 437 1115 confido.
477 1069 539 1115 Et
574 1070 728 1115 nostri
762 1071 850 1116 soli
882 1070 1190 1127 habitabunt,
1217 1086 1313 1116 non
1347 1070 1565 1126 admixti,
1604 1080 1654 1117 ut
1688 1071 1848 1129 modo,

230 1147 615 1192 conuictoribus.
643 1147 784 1193 Tunc
807 1147 956 1193 etiam
981 1157 1183 1194 senatus
1206 1147 1295 1193 toti
1320 1146 1557 1194 Societati
1589 1149 1852 1206 collegium

231 1223 382 1279 dabit,
411 1240 504 1269 non
530 1224 609 1269 uni
634 1240 878 1280 personae
909 1234 1114 1282 tantum,
1142 1233 1195 1270 ut
1228 1224 1483 1271 hactenus,
1511 1226 1705 1272 Verum
1739 1227 1850 1273 huc-

231 1317 384 1357 usque
415 1301 460 1346 in
492 1302 662 1347 eadem
692 1317 803 1347 cum
833 1303 1203 1349 conuictoribus
1227 1303 1373 1350 domo
1402 1304 1688 1350 necessario
1719 1304 1850 1350 habi-

229 1379 431 1424 tandum
476 1377 558 1424 fui.
609 1379 671 1424 Et
714 1396 810 1425 non
855 1380 1082 1426 existimo
1127 1381 1275 1426 ullum
1319 1381 1657 1427 conuictorem
1701 1381 1852 1428 fuisse

229 1456 367 1501 cuius
391 1449 710 1502 conuersatio
735 1457 975 1504 fratribus
999 1458 1181 1503 nostris
1201 1459 1279 1504 uel
1298 1458 1498 1504 minima
1517 1474 1579 1504 ex
1604 1468 1746 1516 parte
1770 1475 1850 1505 no-

229 1534 402 1589 cuerit;
430 1534 525 1580 imo
549 1534 689 1580 cuius
712 1550 807 1580 non
840 1535 1043 1580 multum
1078 1535 1334 1591 profuerit.
1372 1535 1499 1581 Nam
1540 1536 1851 1582 conuictores

229 1612 385 1657 nostri
410 1628 504 1657 non
529 1627 673 1657 secus
696 1627 749 1658 se
774 1612 971 1668 habent,
999 1628 1144 1669 quam
1178 1612 1217 1658 si
1252 1621 1456 1670 tyrones
1488 1611 1756 1659 Societatis
1780 1628 1850 1659 es-

229 1697 351 1734 sent.
394 1688 489 1745 Qui
524 1689 813 1746 plerumque
846 1688 1021 1735 feruidi
1057 1705 1165 1735 esse
1199 1698 1587 1748 consueuerunt,
1629 1705 1723 1747 quo
1757 1690 1850 1736 fer-

230 1781 352 1811 uore
386 1765 605 1811 excitant
639 1781 833 1822 quoque
868 1775 1111 1812 caeteros.
1145 1766 1274 1812 Nihil
1304 1766 1443 1812 nobis
1476 1766 1735 1813 molestiae
1768 1775 1851 1812 aut

229 1843 395 1888 oneris
418 1842 655 1899 afferunt,
681 1843 767 1889 sed
793 1843 996 1889 multum
1031 1843 1316 1901 uoluptatis,
1343 1844 1456 1889 dum
1481 1859 1566 1890 eos
1599 1844 1645 1889 in
1679 1843 1850 1890 litteris

229 1929 276 1965 et
310 1920 492 1977 pietate
526 1920 761 1978 progredi
800 1920 1144 1977 conspicimus.
1182 1920 1284 1967 Nos
1323 1937 1409 1967 eos
1443 1921 1697 1967 uenientes
1730 1931 1848 1968 tam-

228 2012 375 2054 quam
399 2013 428 2042 a
452 1997 561 2043 Deo
587 1996 763 2043 missos
785 1997 1092 2055 suscipimus,
1114 1997 1300 2055 ipsique
1319 2013 1405 2044 eos
1429 1998 1847 2057 commendamus,

228 2083 281 2120 ut
304 2074 457 2120 faciat
481 2075 611 2131 quod
629 2075 810 2120 bonum
835 2084 924 2132 est,
947 2084 995 2121 et
1014 2074 1219 2121 Patrum
1244 2091 1399 2132 opera
1423 2084 1592 2121 utatur
1615 2084 1849 2134 tanquam

227 2152 568 2197 instrumento,
596 2151 647 2197 ld
682 2151 810 2208 quod
845 2152 1084 2197 hactenus
1118 2160 1219 2198 tam
1243 2152 1399 2209 probe
1434 2151 1564 2209 fecit,
1592 2152 1721 2209 quod
1750 2151 1848 2198 nul-

226 2229 324 2273 lum
358 2230 539 2275 malum
574 2228 912 2274 conuictorem
946 2229 1222 2285 habuimus,
1249 2238 1297 2275 et
1330 2244 1500 2275 omnes
1532 2229 1709 2275 Patres
1743 2245 1850 2275 esse

229 2314 403 2363 putant
446 2306 492 2351 in
537 2314 669 2351 statu
713 2306 925 2362 gratiae.
973 2305 1113 2351 Haec
1158 2306 1322 2352 multis
1365 2306 1495 2351 forte
1545 2305 1850 2353 incredibilia

228 2391 386 2428 erunt.
424 2382 529 2428 Nec
567 2382 758 2428 mirum:
796 2398 909 2428 nam
950 2392 998 2429 et
1036 2382 1176 2429 nobis
1208 2383 1513 2429 incredibilia
1546 2392 1725 2441 essent,
1761 2383 1849 2430 nisi

229 2459 383 2505 oculis
421 2458 632 2516 propriis
671 2460 1088 2516 conspiceremus.
1125 2460 1251 2505 Puto
1285 2459 1413 2505 istud
1446 2459 1704 2517 singulare
1743 2475 1849 2506 esse

229 2537 321 2582 Dei
347 2537 636 2583 beneficium
661 2545 709 2582 et
733 2536 1097 2593 quodammodo
1127 2536 1438 2582 miraculum.
1466 2536 1635 2582 Nostri
1659 2552 1756 2582 non
1780 2537 1847 2583 fa-

228 2614 361 2659 ciunt
386 2614 513 2670 quod
538 2622 639 2659 tam
665 2613 779 2659 boni
803 2622 930 2670 sunt3
958 2613 1054 2658 imo
1078 2613 1169 2658 nisi
1199 2612 1336 2659 Deus
1365 2612 1604 2670 peculiari
1638 2613 1848 2670 quodam

229 2690 375 2736 modo
399 2690 445 2735 in
470 2690 701 2741 cordibus
734 2690 952 2747 ipsorum
986 2698 1301 2746 operaretur,
1327 2705 1423 2735 non
1453 2689 1597 2736 uideo
1631 2690 1711 2747 qui
1745 2690 1847 2737 fieri

228 2767 379 2823 possit
404 2776 457 2812 vt
480 2767 885 2813 mortificationes
908 2766 1089 2813 ferant.

287 2844 328 2889 6.
397 2842 496 2889 Sed
522 2845 624 2890 uult
647 2846 740 2891 hoc
773 2844 925 2901 Deus,
953 2843 1120 2901 credo,
1155 2843 1433 2890 ostendere:
1471 2843 1517 2890 in
1551 2853 1726 2890 sancta
1757 2845 1848 2890 hac

228 2920 444 2973 ciuitate,
474 2937 600 2977 quae
634 2937 727 2967 non
764 2921 1008 2967 immerito
1044 2921 1328 2977 metropolis
1363 2920 1512 2966 totius
1546 2919 1848 2967 Germaniae

228 3006 276 3042 et
309 2996 517 3042 medium
553 2998 748 3052 dicitur,
776 2999 871 3043 duo
905 3012 1090 3054 magna
1124 2997 1364 3054 erigenda
1399 3011 1508 3042 esse
1543 2997 1756 3054 collegia
1788 3012 1848 3043 ex

228 3073 402 3131 quibus
426 3082 532 3131 tota
557 3074 750 3120 iuuetur
769 3073 1056 3130 Germania3
1080 3089 1290 3130 quorum
1310 3089 1456 3119 unum
1479 3072 1541 3119 sit
1565 3071 1844 3135 SocietatiS,
