1909 3328
279 247 350 282 513
759 246 977 281 Lxri-ERAE
1005 246 1366 291 QUADRIMESTRES

228 355 460 399 parentes
515 341 837 385 vehementer
888 342 1221 386 abhorrentes
1271 343 1333 387 ab
1384 343 1511 388 illius
1563 344 1866 390 institutione

226 419 349 463 lilios
373 434 489 462 suos
515 428 729 462 auocent
765 434 825 463 ae
859 418 1000 463 nobis
1041 419 1368 464 instituendos
1403 421 1731 477 committant,
1770 438 1866 467 non

224 496 328 540 sine
354 495 571 551 querelis
596 510 656 540 ac
691 495 1003 552 improperiis
1038 497 1213 552 quibus
1248 497 1380 541 illum
1417 497 1669 543 incessunt
1693 505 1709 524 ³
1738 500 1866 554 quod

227 572 348 617 filios
374 582 474 616 tam
502 572 774 628 nephandis
794 572 1052 618 heresibus
1088 574 1336 619 imbuerit.
1375 575 1477 619 Nec
1515 585 1652 619 certe
1692 574 1866 621 fallun-

224 662 318 694 tur.
358 648 486 694 Nam
523 650 635 693 dum
662 650 722 694 ad
750 666 838 694 nos
867 650 1083 707 veniunt,
1113 668 1141 695 a
1165 650 1494 704 confessione.
1520 653 1867 699 communione

226 738 272 772 et
319 727 560 783 religione
602 728 885 773 orthodoxa
922 728 1154 772 videntur
1193 729 1492 774 alienissimi.
1538 729 1602 774 Et
1643 746 1722 775 res
1762 730 1866 786 ipsa

226 805 385 849 docet.
409 804 536 848 Nam
563 804 677 849 dum
704 804 903 861 quidam
928 821 955 849 a
982 806 1135 850 multo
1161 815 1385 861 tempore
1412 822 1507 850 non
1536 806 1867 852 interfuerunt

225 882 407 926 missae
432 880 688 933 sacrifitio,
718 881 1034 927 mirabantur
1059 883 1418 928 celeberrimos
1459 883 1683 929 Eclesiae
1726 885 1864 941 ritus;

224 959 491 1015 stupebant
526 974 615 1003 cur
653 958 826 1015 reliqui
867 959 1212 1004 adolescentes
1247 971 1452 1016 pectora
1487 961 1751 1006 tunderent
1785 978 1866 1018 pu-

223 1036 351 1094 gnis3
372 1036 486 1080 item
504 1051 593 1080 cur
612 1036 858 1081 rosarium
877 1036 1263 1082 circumferrent
1279 1053 1338 1082 ac
1356 1037 1399 1082 in
1416 1053 1583 1094 genua
1603 1039 1866 1095 prouolue-

225 1123 415 1158 rentur.
455 1113 579 1158 Tum
603 1113 913 1169 suppliciter
943 1114 1232 1171 rogitantes
1266 1114 1626 1160 edocebantur.
1664 1115 1894 1172 Aliquot·

224 1190 309 1235 vix
329 1207 357 1235 a
383 1190 713 1247 quinquennio
733 1192 882 1235 semel
906 1191 1121 1235 confessi
1146 1201 1305 1248 erant:
1334 1191 1575 1248 intrepide
1596 1208 1691 1237 non
1711 1193 1867 1238 solum

223 1267 283 1313 de
308 1279 511 1313 nostrae
538 1267 791 1323 religionis
816 1268 1065 1324 mysteriis
1086 1269 1385 1325 dubitantes,
1408 1270 1493 1314 sed
1511 1270 1709 1326 singula
1728 1271 1868 1328 quasi

226 1345 435 1390 ridicula
461 1354 545 1389 aut
581 1344 730 1401 impia
765 1345 1106 1401 suggillabant
1141 1346 1469 1402 impudenter.
1508 1346 1610 1391 Iam
1648 1363 1772 1392 vero
1807 1363 1869 1393 ex

223 1421 528 1467 institutione
556 1421 850 1467 confessarii
876 1432 924 1466 et
965 1422 1175 1467 aliorum
1212 1423 1450 1479 exemplis
1486 1425 1552 1469 ita
1577 1425 1868 1470 commutati

223 1508 353 1556 sunt,
383 1509 434 1544 ut
458 1515 520 1544 ex
546 1499 704 1555 impiis
730 1500 809 1556 pii,
838 1515 900 1544 ex
935 1500 1226 1545 demonibus
1261 1501 1424 1556 angeli
1461 1501 1629 1546 effecti
1655 1517 1764 1547 esse
1801 1502 1866 1547 vi-

224 1577 453 1623 deantur.
498 1577 642 1622 Adde
683 1578 811 1633 quod
854 1577 1001 1622 etiam
1043 1578 1167 1623 alios
1194 1578 1377 1635 pictate
1401 1595 1644 1636 superare
1669 1589 1867 1626 conten-

224 1654 345 1699 dant
378 1655 411 1699 Ι).
442 1654 587 1712 Quid
609 1668 888 1700 memorem
909 1669 1006 1712 quo
1027 1659 1182 1711 pacto
1206 1655 1581 1701 haereticorum
1607 1657 1778 1714 libros,
1806 1673 1869 1703 ex

223 1747 437 1788 quorum
462 1731 671 1777 lectione
692 1732 1144 1788 pestilentissimum
1165 1732 1280 1777 illud
1306 1733 1503 1778 animae
1532 1733 1668 1779 virus
1693 1735 1865 1780 hause-

225 1819 339 1854 runt
362 1809 513 1855 etiam
539 1809 770 1866 prompti,
810 1826 904 1854 non
939 1810 1044 1854 sine
1080 1810 1355 1855 haereseon
1391 1811 1778 1867 abominatione,
1805 1812 1868 1857 ad

224 1896 483 1943 regentem
509 1896 734 1931 nostrum
756 1895 808 1931 ut
832 1887 1197 1932 comburantur
1221 1887 1597 1944 adportabant?
1618 1895 1634 1915 ⁰
1662 1887 1762 1934 Sed
1794 1897 1869 1934 est

225 1964 349 2009 haec
374 1963 584 2009 mutatio
609 1964 848 2009 dexterae
883 1963 1068 2009 excelsi
1095 1963 1130 2009 d.
1158 1964 1263 2010 Nec
1283 1965 1378 2010 hoc
1401 1965 1594 2011 silentio
1616 1965 1868 2012 inuoluen-

226 2042 342 2087 dum
367 2052 458 2098 est,
487 2041 617 2098 quod
652 2041 803 2087 etiam
829 2042 1123 2087 sacerdotes
1147 2044 1388 2089 extranei
1408 2049 1424 2069 e
1453 2054 1501 2089 et
1525 2043 1869 2089 adolescentes

226 2118 591 2165 confessionem
616 2120 909 2176 generalem
928 2119 1139 2165 fecerint
1164 2136 1259 2165 non
1284 2121 1388 2166 sine
1412 2121 1682 2179 singularis
1706 2137 1868 2167 emen-

226 2197 319 2242 dae
343 2195 399 2254 [?]
442 2195 453 2223 f
477 2196 783 2242 coniectura.
811 2196 1106 2255 Egregium
1131 2203 1348 2254 operam
1373 2212 1468 2244 nos
1497 2213 1727 2244 uauasse
1766 2199 1867 2244 exi-

224 2274 574 2331 stimabimur,
609 2275 658 2319 si
691 2274 831 2319 illius
858 2275 1308 2333 giamasyarclzae
1345 2276 1484 2321 vires
1524 2277 1869 2322 retundamus

227 2355 320 2397 alit
352 2351 615 2408 improbos
649 2355 867 2397 conatus
889 2352 1283 2410 labefactemus,
1309 2353 1359 2398 si
1379 2354 1590 2399 omnino
1615 2367 1869 2399 eueruare

226 2442 328 2474 non
345 2429 648 2486 poterimus.
678 2428 789 2474 Nos
813 2429 1021 2474 iuterim
1059 2430 1247 2475 vestris
1280 2444 1341 2475 ac
1360 2430 1606 2488 fratrum
1625 2430 1870 2488 precibus
1903 2441 1907 2444 ’

229 2506 401 2552 adiuti
423 2520 525 2552 uon
540 2511 826 2563 parcemus
850 2506 1142 2552 industriae
1165 2521 1324 2565 quam
1347 2508 1604 2554 sentimus
1632 2509 1685 2554 in
1723 2508 1868 2555 nobis

226 2597 338 2630 esse
361 2584 673 2642 exiguamg.
708 2584 978 2629 Postremo
1009 2599 1190 2649 regens
1229 2594 1399 2631 noster
1434 2587 1446 2609 ¹
1485 2585 1529 2630 in
1564 2586 1866 2644 quodlibeta·

273 2747 291 2767 a
325 2740 531 2777 incessant
550 2740 604 2777 H.
652 2760 682 2764 ——
697 2740 717 2768 b
749 2740 786 2777 A
805 2751 874 2777 vv.
896 2739 983 2776 Nec
1001 2744 1114 2776 certe
1132 2739 1450 2778 desiderantur
1466 2741 1592 2787 apud
1604 2741 1660 2779 H.
1708 2748 1768 2769 -c
1800 2740 1868 2778 ad-
1895 2734 1909 2770 “3

226 2804 402 2846 portant.
451 2799 517 2826 —d
553 2800 580 2837 6
596 2811 663 2837 vv.
689 2799 894 2846 praeced.
922 2799 1084 2836 desunt
1108 2799 1234 2846 apud
1258 2799 1309 2839 H.
1368 2807 1432 2828 -Ε
1465 2800 1642 2837 externi.
1705 2800 1762 2828 ——f
1789 2800 1868 2838 Ob·
1893 2809 1909 2855 ’,ᾗ

226 2870 354 2896 scure
371 2863 626 2903 exaratum,·
643 2859 812 2897 curandi
830 2859 888 2896 H.
948 2867 1014 2894 —g
1049 2860 1084 2896 A
1104 2871 1172 2897 vv.
1189 2859 1417 2906 Egregiam
1432 2872 1599 2907 operam
1613 2860 1868 2898 desiderem·
1900 2863 1909 2905 :ij

231 2921 305 2956 tur
321 2919 448 2964 apud
466 2919 519 2956 H.
1894 2927 1909 2967 ς

276 3062 286 3081 ¹
339 3061 384 3099 P.
402 3061 581 3108 joannes
603 3062 792 3099 Rethius.
