<?xml version="1.0" encoding="UTF-8"?>
<!DOCTYPE html PUBLIC "-//W3C//DTD XHTML 1.0 Transitional//EN"
    "http://www.w3.org/TR/xhtml1/DTD/xhtml1-transitional.dtd">
<html xmlns="http://www.w3.org/1999/xhtml" xml:lang="en" lang="en">
 <head>
  <title>
</title>
<meta http-equiv="Content-Type" content="text/html;charset=utf-8" />
  <meta name='ocr-system' content='tesseract 3.04.00' />
  <meta name='ocr-capabilities' content='ocr_page ocr_carea ocr_par ocr_line ocrx_word'/>
</head>
<body>
  <div class='ocr_page' id='page_1' title='image "./litteraequadrime1705lain_0672.png"; bbox 0 0 1909 3328; ppageno 0'>
   <div class='ocr_carea' id='block_1_1' title="bbox 267 287 1344 332">
    <p class='ocr_par' dir='ltr' id='par_1_1' title="bbox 267 287 1344 332">
     <span class='ocr_line' id='line_1_1' title="bbox 267 287 1344 332; baseline 0 -9"><span class='ocrx_word' id='word_1_1' title='bbox 267 287 337 323; x_wconf 69' lang='lat'>640</span> <span class='ocrx_word' id='word_1_2' title='bbox 735 287 957 324; x_wconf 71' lang='lat' dir='ltr'>Li‘r&#39;sERAE</span> <span class='ocrx_word' id='word_1_3' title='bbox 984 287 1344 332; x_wconf 73' lang='lat' dir='ltr'>QUADfflMEsrREs</span> 
     </span>
    </p>
   </div>
   <div class='ocr_carea' id='block_1_2' title="bbox 221 381 1874 2680">
    <p class='ocr_par' dir='ltr' id='par_1_2' title="bbox 221 381 1857 659">
     <span class='ocr_line' id='line_1_2' title="bbox 222 381 1856 440; baseline 0.001 -12"><span class='ocrx_word' id='word_1_4' title='bbox 222 399 314 428; x_wconf 91' lang='lat' dir='ltr'>nus</span> <span class='ocrx_word' id='word_1_5' title='bbox 341 390 357 409; x_wconf 74' lang='lat'><strong>³</strong></span> <span class='ocrx_word' id='word_1_6' title='bbox 388 382 655 436; x_wconf 85' lang='lat' dir='ltr'>Francisci,</span> <span class='ocrx_word' id='word_1_7' title='bbox 695 383 957 439; x_wconf 84' lang='lat' dir='ltr'>episcopus</span> <span class='ocrx_word' id='word_1_8' title='bbox 991 381 1224 429; x_wconf 86' lang='lat' dir='ltr'>Galissae</span> <span class='ocrx_word' id='word_1_9' title='bbox 1259 386 1270 408; x_wconf 84' lang='lat'>¹</span> <span class='ocrx_word' id='word_1_10' title='bbox 1311 384 1435 440; x_wconf 76' lang='lat' dir='ltr'>[Sic],</span> <span class='ocrx_word' id='word_1_11' title='bbox 1471 384 1551 440; x_wconf 92' lang='lat' dir='ltr'>qui</span> <span class='ocrx_word' id='word_1_12' title='bbox 1582 399 1676 429; x_wconf 89' lang='lat' dir='ltr'>non</span> <span class='ocrx_word' id='word_1_13' title='bbox 1701 384 1856 430; x_wconf 88' lang='lat' dir='ltr'>solum</span> 
     </span>
     <span class='ocr_line' id='line_1_3' title="bbox 221 461 1857 517; baseline 0.001 -12"><span class='ocrx_word' id='word_1_14' title='bbox 221 475 415 505; x_wconf 90' lang='lat' dir='ltr'>omnem</span> <span class='ocrx_word' id='word_1_15' title='bbox 440 475 647 516; x_wconf 80' lang='lat' dir='ltr'>operam</span> <span class='ocrx_word' id='word_1_16' title='bbox 681 475 839 517; x_wconf 88' lang='lat' dir='ltr'>suam,</span> <span class='ocrx_word' id='word_1_17' title='bbox 878 476 1004 516; x_wconf 88' lang='lat' dir='ltr'>quae</span> <span class='ocrx_word' id='word_1_18' title='bbox 1039 461 1179 505; x_wconf 87' lang='lat' dir='ltr'>nobis</span> <span class='ocrx_word' id='word_1_19' title='bbox 1214 461 1324 506; x_wconf 89' lang='lat' dir='ltr'>vsui</span> <span class='ocrx_word' id='word_1_20' title='bbox 1357 471 1489 506; x_wconf 88' lang='lat' dir='ltr'>esset</span> <span class='ocrx_word' id='word_1_21' title='bbox 1523 461 1653 517; x_wconf 91' lang='lat' dir='ltr'>apud</span> <span class='ocrx_word' id='word_1_22' title='bbox 1687 477 1857 507; x_wconf 88' lang='lat' dir='ltr'>caesa-</span> 
     </span>
     <span class='ocr_line' id='line_1_4' title="bbox 224 537 1856 594; baseline 0.001 -12"><span class='ocrx_word' id='word_1_23' title='bbox 224 553 344 592; x_wconf 89' lang='lat' dir='ltr'>rem,</span> <span class='ocrx_word' id='word_1_24' title='bbox 372 537 458 582; x_wconf 85' lang='lat' dir='ltr'>sed</span> <span class='ocrx_word' id='word_1_25' title='bbox 483 546 531 582; x_wconf 91' lang='lat' dir='ltr'>et</span> <span class='ocrx_word' id='word_1_26' title='bbox 556 539 799 583; x_wconf 89' lang='lat' dir='ltr'>bonorum</span> <span class='ocrx_word' id='word_1_27' title='bbox 824 553 1028 583; x_wconf 88' lang='lat' dir='ltr'>suorum</span> <span class='ocrx_word' id='word_1_28' title='bbox 1053 538 1482 594; x_wconf 75' lang='lat' dir='ltr'>participationem</span> <span class='ocrx_word' id='word_1_29' title='bbox 1509 538 1649 583; x_wconf 92' lang='lat' dir='ltr'>nobis</span> <span class='ocrx_word' id='word_1_30' title='bbox 1674 554 1736 584; x_wconf 85' lang='lat' dir='ltr'>ex</span> <span class='ocrx_word' id='word_1_31' title='bbox 1759 540 1856 585; x_wconf 89' lang='lat' dir='ltr'>ani-</span> 
     </span>
     <span class='ocr_line' id='line_1_5' title="bbox 224 615 523 659; baseline 0.003 -1"><span class='ocrx_word' id='word_1_32' title='bbox 224 630 303 659; x_wconf 92' lang='lat' dir='ltr'>mo</span> <span class='ocrx_word' id='word_1_33' title='bbox 329 615 523 659; x_wconf 91' lang='lat' dir='ltr'>obtulit.</span> 
     </span>
    </p>

    <p class='ocr_par' dir='ltr' id='par_1_3' title="bbox 222 690 1869 1056">
     <span class='ocr_line' id='line_1_6' title="bbox 279 690 1869 751; baseline 0.002 -15"><span class='ocrx_word' id='word_1_34' title='bbox 279 690 321 736; x_wconf 82' lang='lat'>8.</span> <span class='ocrx_word' id='word_1_35' title='bbox 386 691 517 747; x_wconf 83' lang='lat' dir='ltr'>Quid</span> <span class='ocrx_word' id='word_1_36' title='bbox 558 692 718 737; x_wconf 90' lang='lat' dir='ltr'>dicam</span> <span class='ocrx_word' id='word_1_37' title='bbox 757 693 817 738; x_wconf 93' lang='lat' dir='ltr'>de</span> <span class='ocrx_word' id='word_1_38' title='bbox 852 693 994 737; x_wconf 89' lang='lat' dir='ltr'>huius</span> <span class='ocrx_word' id='word_1_39' title='bbox 1031 692 1166 738; x_wconf 89' lang='lat' dir='ltr'>vrbis</span> <span class='ocrx_word' id='word_1_40' title='bbox 1201 693 1396 738; x_wconf 82' lang='lat' dir='ltr'>incolis?</span> <span class='ocrx_word' id='word_1_41' title='bbox 1428 693 1640 751; x_wconf 86' lang='lat' dir='ltr'>Paucos,</span> <span class='ocrx_word' id='word_1_42' title='bbox 1677 694 1869 751; x_wconf 82' lang='lat' dir='ltr'>fateor„</span> 
     </span>
     <span class='ocr_line' id='line_1_7' title="bbox 222 767 1858 827; baseline 0.002 -15"><span class='ocrx_word' id='word_1_43' title='bbox 222 767 449 813; x_wconf 75' lang='lat' dir='ltr'>fautores</span> <span class='ocrx_word' id='word_1_44' title='bbox 474 768 601 814; x_wconf 89' lang='lat' dir='ltr'>inter</span> <span class='ocrx_word' id='word_1_45' title='bbox 625 769 714 814; x_wconf 91' lang='lat' dir='ltr'>hos</span> <span class='ocrx_word' id='word_1_46' title='bbox 737 770 992 826; x_wconf 87' lang='lat' dir='ltr'>habemus,</span> <span class='ocrx_word' id='word_1_47' title='bbox 1020 768 1329 815; x_wconf 88' lang='lat' dir='ltr'>fidelissimos</span> <span class='ocrx_word' id='word_1_48' title='bbox 1359 778 1525 815; x_wconf 90' lang='lat' dir='ltr'>tamen</span> <span class='ocrx_word' id='word_1_49' title='bbox 1551 770 1674 827; x_wconf 80' lang='lat' dir='ltr'>illos,</span> <span class='ocrx_word' id='word_1_50' title='bbox 1712 787 1772 816; x_wconf 90' lang='lat' dir='ltr'>ac</span> <span class='ocrx_word' id='word_1_51' title='bbox 1796 771 1858 816; x_wconf 90' lang='lat' dir='ltr'>ci-</span> 
     </span>
     <span class='ocr_line' id='line_1_8' title="bbox 222 846 1858 905; baseline 0.001 -14"><span class='ocrx_word' id='word_1_52' title='bbox 222 846 390 891; x_wconf 87' lang='lat' dir='ltr'>uitatis</span> <span class='ocrx_word' id='word_1_53' title='bbox 416 846 729 903; x_wconf 90' lang='lat' dir='ltr'>praecipuos.</span> <span class='ocrx_word' id='word_1_54' title='bbox 757 847 867 891; x_wconf 91' lang='lat' dir='ltr'>Non</span> <span class='ocrx_word' id='word_1_55' title='bbox 888 846 1169 902; x_wconf 81' lang='lat' dir='ltr'>diffidimus,</span> <span class='ocrx_word' id='word_1_56' title='bbox 1193 847 1304 904; x_wconf 88' lang='lat' dir='ltr'>quin</span> <span class='ocrx_word' id='word_1_57' title='bbox 1325 847 1522 892; x_wconf 89' lang='lat' dir='ltr'>tandem</span> <span class='ocrx_word' id='word_1_58' title='bbox 1545 848 1734 893; x_wconf 91' lang='lat' dir='ltr'>veritas</span> <span class='ocrx_word' id='word_1_59' title='bbox 1753 849 1858 905; x_wconf 91' lang='lat' dir='ltr'>ipsa</span> 
     </span>
     <span class='ocr_line' id='line_1_9' title="bbox 226 923 1862 982; baseline 0.002 -15"><span class='ocrx_word' id='word_1_60' title='bbox 226 924 299 978; x_wconf 88' lang='lat' dir='ltr'>(vt</span> <span class='ocrx_word' id='word_1_61' title='bbox 323 923 607 969; x_wconf 92' lang='lat' dir='ltr'>Zorobabel</span> <span class='ocrx_word' id='word_1_62' title='bbox 631 924 720 979; x_wconf 89' lang='lat' dir='ltr'>ait)</span> <span class='ocrx_word' id='word_1_63' title='bbox 744 925 910 969; x_wconf 74' lang='lat' dir='ltr'>vincet</span> <span class='ocrx_word' id='word_1_64' title='bbox 935 925 966 978; x_wconf 69' lang='lat'>2,</span> <span class='ocrx_word' id='word_1_65' title='bbox 995 935 1042 969; x_wconf 88' lang='lat' dir='ltr'>et</span> <span class='ocrx_word' id='word_1_66' title='bbox 1067 925 1329 980; x_wconf 90' lang='lat' dir='ltr'>impiorum</span> <span class='ocrx_word' id='word_1_67' title='bbox 1355 925 1725 980; x_wconf 84' lang='lat' dir='ltr'>improbitatem</span> <span class='ocrx_word' id='word_1_68' title='bbox 1750 941 1862 982; x_wconf 86' lang='lat' dir='ltr'>syn·</span> 
     </span>
     <span class='ocr_line' id='line_1_10' title="bbox 226 1001 542 1056; baseline -0.003 -10"><span class='ocrx_word' id='word_1_69' title='bbox 226 1016 344 1046; x_wconf 87' lang='lat' dir='ltr'>cera</span> <span class='ocrx_word' id='word_1_70' title='bbox 370 1001 542 1056; x_wconf 78' lang='lat' dir='ltr'>pietas</span> 
     </span>
    </p>

    <p class='ocr_par' dir='ltr' id='par_1_4' title="bbox 223 1076 1874 2450">
     <span class='ocr_line' id='line_1_11' title="bbox 281 1076 1859 1135; baseline 0.001 -13"><span class='ocrx_word' id='word_1_71' title='bbox 281 1077 324 1123; x_wconf 80' lang='lat'>9.</span> <span class='ocrx_word' id='word_1_72' title='bbox 394 1076 650 1134; x_wconf 81' lang='lat' dir='ltr'>Superest,</span> <span class='ocrx_word' id='word_1_73' title='bbox 677 1094 738 1123; x_wconf 88' lang='lat' dir='ltr'>ne</span> <span class='ocrx_word' id='word_1_74' title='bbox 762 1079 851 1124; x_wconf 87' lang='lat' dir='ltr'>sim</span> <span class='ocrx_word' id='word_1_75' title='bbox 877 1078 1134 1135; x_wconf 87' lang='lat' dir='ltr'>prolixior,</span> <span class='ocrx_word' id='word_1_76' title='bbox 1163 1088 1215 1123; x_wconf 89' lang='lat' dir='ltr'>vt</span> <span class='ocrx_word' id='word_1_77' title='bbox 1239 1079 1482 1134; x_wconf 84' lang='lat' dir='ltr'>quaedam</span> <span class='ocrx_word' id='word_1_78' title='bbox 1508 1094 1635 1124; x_wconf 91' lang='lat' dir='ltr'>nunc</span> <span class='ocrx_word' id='word_1_79' title='bbox 1663 1079 1859 1124; x_wconf 88' lang='lat' dir='ltr'>subiun-</span> 
     </span>
     <span class='ocr_line' id='line_1_12' title="bbox 223 1154 1861 1212; baseline 0.001 -12"><span class='ocrx_word' id='word_1_80' title='bbox 223 1170 340 1211; x_wconf 88' lang='lat' dir='ltr'>gam</span> <span class='ocrx_word' id='word_1_81' title='bbox 377 1155 437 1200; x_wconf 90' lang='lat' dir='ltr'>de</span> <span class='ocrx_word' id='word_1_82' title='bbox 471 1154 635 1200; x_wconf 88' lang='lat' dir='ltr'>fructu</span> <span class='ocrx_word' id='word_1_83' title='bbox 674 1155 965 1201; x_wconf 80' lang='lat' dir='ltr'>concionum</span> <span class='ocrx_word' id='word_1_84' title='bbox 1001 1165 1308 1211; x_wconf 83' lang='lat' dir='ltr'>nostrarum,</span> <span class='ocrx_word' id='word_1_85' title='bbox 1351 1171 1494 1211; x_wconf 90' lang='lat' dir='ltr'>quem</span> <span class='ocrx_word' id='word_1_86' title='bbox 1530 1156 1761 1212; x_wconf 88' lang='lat' dir='ltr'>precipue</span> <span class='ocrx_word' id='word_1_87' title='bbox 1799 1172 1861 1201; x_wconf 89' lang='lat' dir='ltr'>ex</span> 
     </span>
     <span class='ocr_line' id='line_1_13' title="bbox 225 1233 1861 1289; baseline 0.001 -12"><span class='ocrx_word' id='word_1_88' title='bbox 225 1233 651 1278; x_wconf 83' lang='lat' dir='ltr'>administratione</span> <span class='ocrx_word' id='word_1_89' title='bbox 675 1234 979 1278; x_wconf 87' lang='lat' dir='ltr'>sacramenti</span> <span class='ocrx_word' id='word_1_90' title='bbox 1003 1233 1337 1289; x_wconf 87' lang='lat' dir='ltr'>poenitentiae</span> <span class='ocrx_word' id='word_1_91' title='bbox 1362 1243 1410 1278; x_wconf 89' lang='lat' dir='ltr'>et</span> <span class='ocrx_word' id='word_1_92' title='bbox 1433 1249 1611 1279; x_wconf 89' lang='lat' dir='ltr'>sacrae</span> <span class='ocrx_word' id='word_1_93' title='bbox 1647 1250 1861 1278; x_wconf 88' lang='lat' dir='ltr'>commu-</span> 
     </span>
     <span class='ocr_line' id='line_1_14' title="bbox 224 1309 1861 1368; baseline 0.002 -14"><span class='ocrx_word' id='word_1_94' title='bbox 224 1310 382 1355; x_wconf 90' lang='lat' dir='ltr'>nionis</span> <span class='ocrx_word' id='word_1_95' title='bbox 415 1311 744 1367; x_wconf 85' lang='lat' dir='ltr'>percepimus.</span> <span class='ocrx_word' id='word_1_96' title='bbox 789 1310 938 1367; x_wconf 74' lang='lat' dir='ltr'>Sane,</span> <span class='ocrx_word' id='word_1_97' title='bbox 958 1309 1294 1355; x_wconf 88' lang='lat' dir='ltr'>confitentium</span> <span class='ocrx_word' id='word_1_98' title='bbox 1329 1326 1564 1355; x_wconf 86' lang='lat' dir='ltr'>numerus</span> <span class='ocrx_word' id='word_1_99' title='bbox 1607 1311 1861 1368; x_wconf 82' lang='lat' dir='ltr'>Vtriusque</span> 
     </span>
     <span class='ocr_line' id='line_1_15' title="bbox 224 1387 1861 1445; baseline 0.001 -13"><span class='ocrx_word' id='word_1_100' title='bbox 224 1403 375 1432; x_wconf 85' lang='lat' dir='ltr'>sexus</span> <span class='ocrx_word' id='word_1_101' title='bbox 400 1388 493 1433; x_wconf 89' lang='lat' dir='ltr'>hoc</span> <span class='ocrx_word' id='word_1_102' title='bbox 517 1404 646 1433; x_wconf 87' lang='lat' dir='ltr'>anno</span> <span class='ocrx_word' id='word_1_103' title='bbox 672 1388 816 1433; x_wconf 88' lang='lat' dir='ltr'>solito</span> <span class='ocrx_word' id='word_1_104' title='bbox 842 1387 1002 1433; x_wconf 91' lang='lat' dir='ltr'>maior</span> <span class='ocrx_word' id='word_1_105' title='bbox 1026 1387 1132 1443; x_wconf 82' lang='lat' dir='ltr'>fuit,</span> <span class='ocrx_word' id='word_1_106' title='bbox 1162 1388 1288 1432; x_wconf 91' lang='lat' dir='ltr'>adeo</span> <span class='ocrx_word' id='word_1_107' title='bbox 1315 1399 1365 1433; x_wconf 87' lang='lat' dir='ltr'>vt</span> <span class='ocrx_word' id='word_1_108' title='bbox 1390 1397 1496 1434; x_wconf 91' lang='lat' dir='ltr'>tota</span> <span class='ocrx_word' id='word_1_109' title='bbox 1521 1388 1614 1433; x_wconf 90' lang='lat' dir='ltr'>hac</span> <span class='ocrx_word' id='word_1_110' title='bbox 1649 1388 1861 1445; x_wconf 90' lang='lat' dir='ltr'>quadra-</span> 
     </span>
     <span class='ocr_line' id='line_1_16' title="bbox 225 1464 1864 1523; baseline 0.002 -14"><span class='ocrx_word' id='word_1_111' title='bbox 225 1465 418 1521; x_wconf 87' lang='lat' dir='ltr'>gesima</span> <span class='ocrx_word' id='word_1_112' title='bbox 442 1465 672 1522; x_wconf 87' lang='lat' dir='ltr'>occupati</span> <span class='ocrx_word' id='word_1_113' title='bbox 695 1481 894 1521; x_wconf 86' lang='lat' dir='ltr'>semper</span> <span class='ocrx_word' id='word_1_114' title='bbox 911 1465 1096 1510; x_wconf 84' lang='lat' dir='ltr'>fuerint</span> <span class='ocrx_word' id='word_1_115' title='bbox 1121 1464 1450 1523; x_wconf 85' lang='lat' dir='ltr'>[sacer]dotes</span> <span class='ocrx_word' id='word_1_116' title='bbox 1474 1465 1513 1511; x_wconf 76' lang='lat' dir='ltr'>b.</span> <span class='ocrx_word' id='word_1_117' title='bbox 1542 1465 1779 1511; x_wconf 81' lang='lat' dir='ltr'>Referam</span> <span class='ocrx_word' id='word_1_118' title='bbox 1801 1482 1864 1512; x_wconf 84' lang='lat' dir='ltr'>ex</span> 
     </span>
     <span class='ocr_line' id='line_1_17' title="bbox 225 1542 1862 1600; baseline 0.001 -14"><span class='ocrx_word' id='word_1_119' title='bbox 225 1542 389 1587; x_wconf 89' lang='lat' dir='ltr'>multis</span> <span class='ocrx_word' id='word_1_120' title='bbox 415 1543 643 1599; x_wconf 84' lang='lat' dir='ltr'>exempla</span> <span class='ocrx_word' id='word_1_121' title='bbox 668 1543 854 1599; x_wconf 78' lang='lat' dir='ltr'>aliquot</span> <span class='ocrx_word' id='word_1_122' title='bbox 878 1558 940 1587; x_wconf 85' lang='lat' dir='ltr'>ex</span> <span class='ocrx_word' id='word_1_123' title='bbox 965 1543 1140 1598; x_wconf 91' lang='lat' dir='ltr'>quibus</span> <span class='ocrx_word' id='word_1_124' title='bbox 1164 1542 1256 1587; x_wconf 87' lang='lat' dir='ltr'>Dei</span> <span class='ocrx_word' id='word_1_125' title='bbox 1282 1542 1692 1600; x_wconf 87' lang='lat' dir='ltr'>misericordiam,</span> <span class='ocrx_word' id='word_1_126' title='bbox 1715 1558 1862 1599; x_wconf 92' lang='lat' dir='ltr'>quam</span> 
     </span>
     <span class='ocr_line' id='line_1_18' title="bbox 226 1618 1863 1676; baseline 0.001 -12"><span class='ocrx_word' id='word_1_127' title='bbox 226 1635 351 1675; x_wconf 89' lang='lat' dir='ltr'>erga</span> <span class='ocrx_word' id='word_1_128' title='bbox 386 1618 712 1666; x_wconf 85' lang='lat' dir='ltr'>Germaniam</span> <span class='ocrx_word' id='word_1_129' title='bbox 748 1620 977 1675; x_wconf 83' lang='lat' dir='ltr'>ostendit,</span> <span class='ocrx_word' id='word_1_130' title='bbox 1017 1620 1196 1675; x_wconf 85' lang='lat' dir='ltr'>liquide</span> <span class='ocrx_word' id='word_1_131' title='bbox 1230 1635 1540 1676; x_wconf 82' lang='lat' dir='ltr'>cognoscere</span> <span class='ocrx_word' id='word_1_132' title='bbox 1574 1629 1622 1665; x_wconf 91' lang='lat' dir='ltr'>et</span> <span class='ocrx_word' id='word_1_133' title='bbox 1656 1620 1716 1665; x_wconf 92' lang='lat' dir='ltr'>de</span> <span class='ocrx_word' id='word_1_134' title='bbox 1750 1636 1863 1665; x_wconf 87' lang='lat' dir='ltr'>con-</span> 
     </span>
     <span class='ocr_line' id='line_1_19' title="bbox 226 1696 1863 1753; baseline 0.001 -13"><span class='ocrx_word' id='word_1_135' title='bbox 226 1697 459 1741; x_wconf 90' lang='lat' dir='ltr'>uersione</span> <span class='ocrx_word' id='word_1_136' title='bbox 503 1697 879 1742; x_wconf 87' lang='lat' dir='ltr'>lutheranorum</span> <span class='ocrx_word' id='word_1_137' title='bbox 926 1696 1166 1742; x_wconf 87' lang='lat' dir='ltr'>maiorem</span> <span class='ocrx_word' id='word_1_138' title='bbox 1210 1712 1345 1752; x_wconf 86' lang='lat' dir='ltr'>spem</span> <span class='ocrx_word' id='word_1_139' title='bbox 1390 1697 1653 1753; x_wconf 86' lang='lat' dir='ltr'>concipere</span> <span class='ocrx_word' id='word_1_140' title='bbox 1694 1698 1863 1742; x_wconf 86' lang='lat' dir='ltr'>valeat</span> 
     </span>
     <span class='ocr_line' id='line_1_20' title="bbox 225 1773 1856 1830; baseline 0.001 -12"><span class='ocrx_word' id='word_1_141' title='bbox 225 1773 287 1819; x_wconf 85' lang='lat' dir='ltr'>R.</span> <span class='ocrx_word' id='word_1_142' title='bbox 326 1774 377 1818; x_wconf 82' lang='lat' dir='ltr'>P.</span> <span class='ocrx_word' id='word_1_143' title='bbox 418 1774 477 1819; x_wconf 89' lang='lat' dir='ltr'>T.</span> <span class='ocrx_word' id='word_1_144' title='bbox 515 1774 654 1819; x_wconf 91' lang='lat' dir='ltr'>Multi</span> <span class='ocrx_word' id='word_1_145' title='bbox 690 1776 753 1820; x_wconf 90' lang='lat' dir='ltr'>ab</span> <span class='ocrx_word' id='word_1_146' title='bbox 787 1774 927 1819; x_wconf 87' lang='lat' dir='ltr'>annis</span> <span class='ocrx_word' id='word_1_147' title='bbox 961 1774 1185 1830; x_wconf 85' lang='lat' dir='ltr'>plurimis</span> <span class='ocrx_word' id='word_1_148' title='bbox 1220 1789 1316 1819; x_wconf 91' lang='lat' dir='ltr'>non</span> <span class='ocrx_word' id='word_1_149' title='bbox 1351 1774 1566 1820; x_wconf 80' lang='lat' dir='ltr'>confessi</span> <span class='ocrx_word' id='word_1_150' title='bbox 1599 1790 1715 1820; x_wconf 91' lang='lat' dir='ltr'>suas</span> <span class='ocrx_word' id='word_1_151' title='bbox 1751 1791 1856 1820; x_wconf 89' lang='lat' dir='ltr'>con·</span> 
     </span>
     <span class='ocr_line' id='line_1_21' title="bbox 226 1851 1864 1908; baseline 0.001 -12"><span class='ocrx_word' id='word_1_152' title='bbox 226 1851 461 1896; x_wconf 87' lang='lat' dir='ltr'>scientias</span> <span class='ocrx_word' id='word_1_153' title='bbox 485 1862 827 1897; x_wconf 86' lang='lat' dir='ltr'>exonerarunt</span> <span class='ocrx_word' id='word_1_154' title='bbox 853 1853 1056 1897; x_wconf 88' lang='lat' dir='ltr'>remotis</span> <span class='ocrx_word' id='word_1_155' title='bbox 1079 1852 1366 1908; x_wconf 86' lang='lat' dir='ltr'>obstaculis,</span> <span class='ocrx_word' id='word_1_156' title='bbox 1393 1867 1521 1908; x_wconf 90' lang='lat' dir='ltr'>quae</span> <span class='ocrx_word' id='word_1_157' title='bbox 1545 1852 1653 1897; x_wconf 90' lang='lat' dir='ltr'>illos</span> <span class='ocrx_word' id='word_1_158' title='bbox 1678 1868 1707 1897; x_wconf 93' lang='lat' dir='ltr'>a</span> <span class='ocrx_word' id='word_1_159' title='bbox 1737 1854 1864 1898; x_wconf 87' lang='lat' dir='ltr'>salu-</span> 
     </span>
     <span class='ocr_line' id='line_1_22' title="bbox 227 1928 1868 1986; baseline 0 -13"><span class='ocrx_word' id='word_1_160' title='bbox 227 1929 287 1973; x_wconf 85' lang='lat' dir='ltr'>tis</span> <span class='ocrx_word' id='word_1_161' title='bbox 312 1929 406 1973; x_wconf 89' lang='lat' dir='ltr'>hoc</span> <span class='ocrx_word' id='word_1_162' title='bbox 430 1928 652 1974; x_wconf 90' lang='lat' dir='ltr'>remedio</span> <span class='ocrx_word' id='word_1_163' title='bbox 675 1929 1026 1985; x_wconf 88' lang='lat' dir='ltr'>impediebant.</span> <span class='ocrx_word' id='word_1_164' title='bbox 1054 1928 1286 1985; x_wconf 84' lang='lat' dir='ltr'>Quatuor</span> <span class='ocrx_word' id='word_1_165' title='bbox 1311 1929 1543 1974; x_wconf 90' lang='lat' dir='ltr'>mulieres</span> <span class='ocrx_word' id='word_1_166' title='bbox 1568 1945 1868 1986; x_wconf 75' lang='lat' dir='ltr'>germanae,</span> 
     </span>
     <span class='ocr_line' id='line_1_23' title="bbox 228 2006 1862 2063; baseline -0.001 -11"><span class='ocrx_word' id='word_1_167' title='bbox 228 2022 470 2052; x_wconf 87' lang='lat' dir='ltr'>annorum</span> <span class='ocrx_word' id='word_1_168' title='bbox 495 2006 697 2052; x_wconf 86' lang='lat' dir='ltr'>circiter</span> <span class='ocrx_word' id='word_1_169' title='bbox 727 2006 799 2062; x_wconf 79' lang='lat'>25,</span> <span class='ocrx_word' id='word_1_170' title='bbox 837 2007 1046 2062; x_wconf 89' lang='lat' dir='ltr'>primam</span> <span class='ocrx_word' id='word_1_171' title='bbox 1081 2022 1284 2051; x_wconf 87' lang='lat' dir='ltr'>suorum</span> <span class='ocrx_word' id='word_1_172' title='bbox 1319 2015 1641 2063; x_wconf 84' lang='lat' dir='ltr'>peccatorum</span> <span class='ocrx_word' id='word_1_173' title='bbox 1675 2006 1862 2052; x_wconf 86' lang='lat' dir='ltr'>confes-</span> 
     </span>
     <span class='ocr_line' id='line_1_24' title="bbox 225 2083 1874 2140; baseline 0 -12"><span class='ocrx_word' id='word_1_174' title='bbox 225 2084 415 2128; x_wconf 85' lang='lat' dir='ltr'>sionem</span> <span class='ocrx_word' id='word_1_175' title='bbox 440 2099 552 2128; x_wconf 93' lang='lat' dir='ltr'>cum</span> <span class='ocrx_word' id='word_1_176' title='bbox 577 2083 827 2129; x_wconf 88' lang='lat' dir='ltr'>lachrimis</span> <span class='ocrx_word' id='word_1_177' title='bbox 850 2083 990 2128; x_wconf 89' lang='lat' dir='ltr'>nobis</span> <span class='ocrx_word' id='word_1_178' title='bbox 1015 2083 1260 2140; x_wconf 85' lang='lat' dir='ltr'>fecerunt;</span> <span class='ocrx_word' id='word_1_179' title='bbox 1287 2099 1401 2128; x_wconf 91' lang='lat' dir='ltr'>nam</span> <span class='ocrx_word' id='word_1_180' title='bbox 1427 2084 1490 2129; x_wconf 89' lang='lat' dir='ltr'>ab</span> <span class='ocrx_word' id='word_1_181' title='bbox 1514 2083 1710 2129; x_wconf 89' lang='lat' dir='ltr'>ineunte</span> <span class='ocrx_word' id='word_1_182' title='bbox 1729 2093 1874 2129; x_wconf 89' lang='lat' dir='ltr'>aeta--</span> 
     </span>
     <span class='ocr_line' id='line_1_25' title="bbox 228 2160 1863 2218; baseline 0 -12"><span class='ocrx_word' id='word_1_183' title='bbox 228 2171 275 2206; x_wconf 90' lang='lat' dir='ltr'>te</span> <span class='ocrx_word' id='word_1_184' title='bbox 295 2176 491 2217; x_wconf 89' lang='lat' dir='ltr'>semper</span> <span class='ocrx_word' id='word_1_185' title='bbox 510 2161 639 2217; x_wconf 92' lang='lat' dir='ltr'>apud</span> <span class='ocrx_word' id='word_1_186' title='bbox 659 2161 949 2205; x_wconf 89' lang='lat' dir='ltr'>lutheranos</span> <span class='ocrx_word' id='word_1_187' title='bbox 973 2161 1279 2218; x_wconf 84' lang='lat' dir='ltr'>habitarunt,</span> <span class='ocrx_word' id='word_1_188' title='bbox 1307 2160 1375 2206; x_wconf 91' lang='lat' dir='ltr'>ita</span> <span class='ocrx_word' id='word_1_189' title='bbox 1399 2171 1566 2206; x_wconf 87' lang='lat' dir='ltr'>tamen</span> <span class='ocrx_word' id='word_1_190' title='bbox 1592 2170 1645 2206; x_wconf 89' lang='lat' dir='ltr'>vt</span> <span class='ocrx_word' id='word_1_191' title='bbox 1668 2175 1863 2217; x_wconf 88' lang='lat' dir='ltr'>semper</span> 
     </span>
     <span class='ocr_line' id='line_1_26' title="bbox 229 2236 1864 2283; baseline 0 -1"><span class='ocrx_word' id='word_1_192' title='bbox 229 2238 291 2283; x_wconf 90' lang='lat' dir='ltr'>ad</span> <span class='ocrx_word' id='word_1_193' title='bbox 315 2238 613 2283; x_wconf 89' lang='lat' dir='ltr'>catholicam</span> <span class='ocrx_word' id='word_1_194' title='bbox 637 2236 782 2283; x_wconf 89' lang='lat' dir='ltr'>fidem</span> <span class='ocrx_word' id='word_1_195' title='bbox 806 2236 898 2282; x_wconf 89' lang='lat' dir='ltr'>illis</span> <span class='ocrx_word' id='word_1_196' title='bbox 921 2237 1114 2282; x_wconf 90' lang='lat' dir='ltr'>animus</span> <span class='ocrx_word' id='word_1_197' title='bbox 1139 2247 1282 2283; x_wconf 89' lang='lat' dir='ltr'>esset.</span> <span class='ocrx_word' id='word_1_198' title='bbox 1308 2238 1383 2282; x_wconf 89' lang='lat' dir='ltr'>Ita</span> <span class='ocrx_word' id='word_1_199' title='bbox 1407 2237 1543 2283; x_wconf 88' lang='lat' dir='ltr'>nouit</span> <span class='ocrx_word' id='word_1_200' title='bbox 1561 2237 1698 2283; x_wconf 91' lang='lat' dir='ltr'>Deus</span> <span class='ocrx_word' id='word_1_201' title='bbox 1717 2236 1864 2283; x_wconf 89' lang='lat' dir='ltr'>etiam</span> 
     </span>
     <span class='ocr_line' id='line_1_27' title="bbox 228 2314 1863 2360; baseline 0 -1"><span class='ocrx_word' id='word_1_202' title='bbox 228 2315 275 2359; x_wconf 91' lang='lat' dir='ltr'>in</span> <span class='ocrx_word' id='word_1_203' title='bbox 302 2314 463 2359; x_wconf 89' lang='lat' dir='ltr'>media</span> <span class='ocrx_word' id='word_1_204' title='bbox 487 2315 727 2360; x_wconf 83' lang='lat' dir='ltr'>Babilone</span> <span class='ocrx_word' id='word_1_205' title='bbox 751 2330 866 2360; x_wconf 87' lang='lat' dir='ltr'>suos</span> <span class='ocrx_word' id='word_1_206' title='bbox 891 2330 1197 2360; x_wconf 83' lang='lat' dir='ltr'>conseruare</span> <span class='ocrx_word' id='word_1_207' title='bbox 1222 2325 1269 2360; x_wconf 89' lang='lat' dir='ltr'>et</span> <span class='ocrx_word' id='word_1_208' title='bbox 1294 2315 1356 2360; x_wconf 91' lang='lat' dir='ltr'>ad</span> <span class='ocrx_word' id='word_1_209' title='bbox 1381 2315 1510 2359; x_wconf 89' lang='lat' dir='ltr'>ouile</span> <span class='ocrx_word' id='word_1_210' title='bbox 1545 2330 1685 2360; x_wconf 88' lang='lat' dir='ltr'>suum</span> <span class='ocrx_word' id='word_1_211' title='bbox 1722 2315 1863 2360; x_wconf 90' lang='lat' dir='ltr'>redu-</span> 
     </span>
     <span class='ocr_line' id='line_1_28' title="bbox 229 2391 1300 2450; baseline 0.001 -13"><span class='ocrx_word' id='word_1_212' title='bbox 229 2407 362 2438; x_wconf 86' lang='lat' dir='ltr'>cere.</span> <span class='ocrx_word' id='word_1_213' title='bbox 390 2391 671 2450; x_wconf 74' lang='lat' dir='ltr'>[Exempla</span> <span class='ocrx_word' id='word_1_214' title='bbox 695 2392 956 2449; x_wconf 75' lang='lat' dir='ltr'>quaedam</span> <span class='ocrx_word' id='word_1_215' title='bbox 979 2392 1300 2449; x_wconf 56' lang='lat' dir='ltr'>omittimus]</span> 
     </span>
    </p>

    <p class='ocr_par' dir='ltr' id='par_1_5' title="bbox 229 2468 1871 2680">
     <span class='ocr_line' id='line_1_29' title="bbox 292 2468 1864 2526; baseline -0.001 -11"><span class='ocrx_word' id='word_1_216' title='bbox 292 2470 360 2515; x_wconf 84' lang='lat'>10.</span> <span class='ocrx_word' id='word_1_217' title='bbox 430 2468 802 2515; x_wconf 88' lang='lat' dir='ltr'>Concionamur</span> <span class='ocrx_word' id='word_1_218' title='bbox 826 2469 1038 2514; x_wconf 90' lang='lat' dir='ltr'>diuersis</span> <span class='ocrx_word' id='word_1_219' title='bbox 1071 2469 1118 2514; x_wconf 93' lang='lat' dir='ltr'>in</span> <span class='ocrx_word' id='word_1_220' title='bbox 1153 2468 1289 2526; x_wconf 87' lang='lat' dir='ltr'>locis,</span> <span class='ocrx_word' id='word_1_221' title='bbox 1328 2469 1725 2526; x_wconf 87' lang='lat' dir='ltr'>quandoquidem</span> <span class='ocrx_word' id='word_1_222' title='bbox 1751 2484 1864 2525; x_wconf 90' lang='lat' dir='ltr'>ope-</span> 
     </span>
     <span class='ocr_line' id='line_1_30' title="bbox 229 2545 1871 2603; baseline 0.001 -12"><span class='ocrx_word' id='word_1_223' title='bbox 229 2545 350 2592; x_wconf 89' lang='lat' dir='ltr'>rarii</span> <span class='ocrx_word' id='word_1_224' title='bbox 375 2547 488 2592; x_wconf 93' lang='lat' dir='ltr'>boni</span> <span class='ocrx_word' id='word_1_225' title='bbox 513 2562 573 2591; x_wconf 86' lang='lat' dir='ltr'>ac</span> <span class='ocrx_word' id='word_1_226' title='bbox 597 2545 766 2591; x_wconf 82' lang='lat' dir='ltr'>fideles</span> <span class='ocrx_word' id='word_1_227' title='bbox 790 2545 952 2602; x_wconf 89' lang='lat' dir='ltr'>magis</span> <span class='ocrx_word' id='word_1_228' title='bbox 976 2561 1036 2591; x_wconf 90' lang='lat' dir='ltr'>ac</span> <span class='ocrx_word' id='word_1_229' title='bbox 1056 2546 1216 2603; x_wconf 89' lang='lat' dir='ltr'>magis</span> <span class='ocrx_word' id='word_1_230' title='bbox 1242 2546 1286 2590; x_wconf 92' lang='lat' dir='ltr'>in</span> <span class='ocrx_word' id='word_1_231' title='bbox 1314 2546 1417 2591; x_wconf 92' lang='lat' dir='ltr'>dies</span> <span class='ocrx_word' id='word_1_232' title='bbox 1436 2545 1681 2603; x_wconf 85' lang='lat' dir='ltr'>deficiunt,</span> <span class='ocrx_word' id='word_1_233' title='bbox 1704 2561 1871 2602; x_wconf 23' lang='lat' dir='ltr'>nequer</span> 
     </span>
     <span class='ocr_line' id='line_1_31' title="bbox 230 2622 1863 2680; baseline 0 -12"><span class='ocrx_word' id='word_1_234' title='bbox 230 2623 447 2668; x_wconf 91' lang='lat' dir='ltr'>omnium</span> <span class='ocrx_word' id='word_1_235' title='bbox 473 2623 790 2679; x_wconf 87' lang='lat' dir='ltr'>petitionibus</span> <span class='ocrx_word' id='word_1_236' title='bbox 806 2624 905 2667; x_wconf 59' lang='lat' dir='ltr'>&#39;nos</span> <span class='ocrx_word' id='word_1_237' title='bbox 924 2622 1219 2668; x_wconf 81' lang='lat' dir='ltr'>satisfacere</span> <span class='ocrx_word' id='word_1_238' title='bbox 1238 2639 1514 2680; x_wconf 85' lang='lat' dir='ltr'>possumus.</span> <span class='ocrx_word' id='word_1_239' title='bbox 1539 2623 1718 2668; x_wconf 86' lang='lat' dir='ltr'>Petiuit</span> <span class='ocrx_word' id='word_1_240' title='bbox 1737 2623 1863 2668; x_wconf 85' lang='lat' dir='ltr'>enim</span> 
     </span>
    </p>
   </div>
   <div class='ocr_carea' id='block_1_3' title="bbox 279 2772 1427 2815">
    <p class='ocr_par' dir='ltr' id='par_1_6' title="bbox 279 2772 1427 2815">
     <span class='ocr_line' id='line_1_32' title="bbox 279 2772 1427 2815; baseline 0 -1"><span class='ocrx_word' id='word_1_241' title='bbox 279 2785 296 2804; x_wconf 70' lang='lat' dir='ltr'>a</span> <span class='ocrx_word' id='word_1_242' title='bbox 341 2772 868 2815; x_wconf 66' lang='lat' dir='ltr'>Ettzeztd.exA1ith011ius.</span> <span class='ocrx_word' id='word_1_243' title='bbox 924 2778 989 2805; x_wconf 82' lang='lat' dir='ltr'>—b</span> <span class='ocrx_word' id='word_1_244' title='bbox 1034 2778 1238 2815; x_wconf 73' lang='lat' dir='ltr'>Abscissa</span> <span class='ocrx_word' id='word_1_245' title='bbox 1260 2778 1427 2815; x_wconf 73' lang='lat' dir='ltr'>charta.</span> 
     </span>
    </p>
   </div>
   <div class='ocr_carea' id='block_1_4' title="bbox 235 2877 350 2880">
    <p class='ocr_par' dir='ltr' id='par_1_7' title="bbox 235 2877 350 2880">
     <span class='ocr_line' id='line_1_33' title="bbox 235 2877 350 2880; baseline 0 0"><span class='ocrx_word' id='word_1_246' title='bbox 235 2877 350 2880; x_wconf 95' lang='lat' dir='ltr'> </span> 
     </span>
    </p>
   </div>
   <div class='ocr_carea' id='block_1_5' title="bbox 361 2878 467 2880">
    <p class='ocr_par' dir='ltr' id='par_1_8' title="bbox 361 2878 467 2880">
     <span class='ocr_line' id='line_1_34' title="bbox 361 2878 467 2880; baseline 0 0"><span class='ocrx_word' id='word_1_247' title='bbox 361 2878 467 2880; x_wconf 95' lang='lat' dir='ltr'> </span> 
     </span>
    </p>
   </div>
   <div class='ocr_carea' id='block_1_6' title="bbox 232 2921 1869 3146">
    <p class='ocr_par' dir='ltr' id='par_1_9' title="bbox 232 2921 1869 3088">
     <span class='ocr_line' id='line_1_35' title="bbox 282 2921 1865 2969; baseline 0 -11"><span class='ocrx_word' id='word_1_248' title='bbox 282 2923 291 2941; x_wconf 89' lang='lat'>¹</span> <span class='ocrx_word' id='word_1_249' title='bbox 344 2921 439 2958; x_wconf 87' lang='lat' dir='ltr'>Fuit</span> <span class='ocrx_word' id='word_1_250' title='bbox 466 2922 498 2958; x_wconf 88' lang='lat' dir='ltr'>is</span> <span class='ocrx_word' id='word_1_251' title='bbox 525 2922 732 2959; x_wconf 87' lang='lat' dir='ltr'>Antonius</span> <span class='ocrx_word' id='word_1_252' title='bbox 759 2922 1032 2969; x_wconf 83' lang='lat' dir='ltr'>Augustinus,</span> <span class='ocrx_word' id='word_1_253' title='bbox 1062 2922 1273 2969; x_wconf 89' lang='lat' dir='ltr'>episcopus</span> <span class='ocrx_word' id='word_1_254' title='bbox 1300 2921 1476 2959; x_wconf 86' lang='lat' dir='ltr'>alifanus</span> <span class='ocrx_word' id='word_1_255' title='bbox 1507 2922 1572 2966; x_wconf 84' lang='lat' dir='ltr'>(de</span> <span class='ocrx_word' id='word_1_256' title='bbox 1604 2921 1749 2966; x_wconf 71' lang='lat' dir='ltr'>Alite),</span> <span class='ocrx_word' id='word_1_257' title='bbox 1778 2926 1865 2968; x_wconf 87' lang='lat' dir='ltr'>post</span> 
     </span>
     <span class='ocr_line' id='line_1_36' title="bbox 232 2981 1869 3028; baseline 0 -10"><span class='ocrx_word' id='word_1_258' title='bbox 232 2982 461 3018; x_wconf 80' lang='lat' dir='ltr'>ilerdensis.</span> <span class='ocrx_word' id='word_1_259' title='bbox 484 2981 547 3019; x_wconf 80' lang='lat' dir='ltr'>Cf.</span> <span class='ocrx_word' id='word_1_260' title='bbox 570 2982 731 3028; x_wconf 73' lang='lat' dir='ltr'>EUBEL,</span> <span class='ocrx_word' id='word_1_261' title='bbox 749 2982 1077 3026; x_wconf 74' lang='lat' dir='ltr'>Hz&#39;emrchz’a...,</span> <span class='ocrx_word' id='word_1_262' title='bbox 1097 2981 1167 3026; x_wconf 86' lang='grc' dir='ltr'>ΙΙΙ,</span> <span class='ocrx_word' id='word_1_263' title='bbox 1191 2981 1269 3027; x_wconf 82' lang='lat'>117;</span> <span class='ocrx_word' id='word_1_264' title='bbox 1291 2981 1465 3023; x_wconf 69' lang='lat' dir='ltr'>PffipER,</span> <span class='ocrx_word' id='word_1_265' title='bbox 1487 2981 1572 3019; x_wconf 81' lang='lat' dir='ltr'>Die</span> <span class='ocrx_word' id='word_1_266' title='bbox 1588 2982 1869 3028; x_wconf 55' lang='lat' dir='ltr'>papstlztlzen</span> 
     </span>
     <span class='ocr_line' id='line_1_37' title="bbox 234 3041 920 3088; baseline 0.001 -11"><span class='ocrx_word' id='word_1_267' title='bbox 234 3041 426 3088; x_wconf 75' lang='lat' dir='ltr'>Legaten</span> <span class='ocrx_word' id='word_1_268' title='bbox 447 3042 541 3078; x_wconf 75' lang='lat' dir='ltr'>und</span> <span class='ocrx_word' id='word_1_269' title='bbox 559 3042 817 3086; x_wconf 79' lang='lat' dir='ltr'>Nmetz‘en...,</span> <span class='ocrx_word' id='word_1_270' title='bbox 842 3042 920 3079; x_wconf 78' lang='lat'>115.</span> 
     </span>
    </p>

    <p class='ocr_par' dir='ltr' id='par_1_10' title="bbox 282 3099 948 3146">
     <span class='ocr_line' id='line_1_38' title="bbox 282 3099 948 3146; baseline 0.002 -9"><span class='ocrx_word' id='word_1_271' title='bbox 282 3101 295 3120; x_wconf 79' lang='lat'><strong>²</strong></span> <span class='ocrx_word' id='word_1_272' title='bbox 347 3099 410 3138; x_wconf 79' lang='lat' dir='ltr'>Cf.</span> <span class='ocrx_word' id='word_1_273' title='bbox 431 3101 487 3137; x_wconf 91' lang='lat' dir='ltr'>III</span> <span class='ocrx_word' id='word_1_274' title='bbox 506 3101 696 3146; x_wconf 80' lang='lat' dir='ltr'>ESDRAE,</span> <span class='ocrx_word' id='word_1_275' title='bbox 716 3101 791 3145; x_wconf 89' lang='lat' dir='ltr'>IV,</span> <span class='ocrx_word' id='word_1_276' title='bbox 811 3101 870 3146; x_wconf 78' lang='lat'>38,</span> <span class='ocrx_word' id='word_1_277' title='bbox 891 3102 948 3138; x_wconf 83' lang='grc'>41.</span> 
     </span>
    </p>
   </div>
  </div>
 </body>
</html>
