1900 3380
35 776 38 778 ,
96 731 385 779 auditorum
420 730 611 776 animos

582 251 919 288 69,—Oi,151poxss
949 252 990 287 17
1017 261 1119 298 JUNH
1150 252 1238 286 1357
1608 250 1678 287 277

97 347 327 406 praemiis
362 345 646 403 propositis,
685 354 736 390 vt
769 346 833 391 ab
867 345 1093 390 omnibus
1128 344 1431 400 uiderentur,
1459 355 1507 390 et
1530 345 1722 391 duobus

94 424 261 483 pueris
294 423 508 480 pulchre
542 427 589 467 et
621 423 880 479 eleganter
915 422 1106 467 vestitis
1140 422 1201 466 ad
1235 436 1456 466 mensam
1492 438 1554 467 ex
1588 432 1724 467 vtra-

97 517 189 559 que
228 509 371 557 parte
410 499 672 554 stantibus,
710 500 789 555 qui
826 499 1149 554 interpretum
1185 497 1348 543 officio
1384 498 1723 555 fungebantur

96 579 244 637 (quos
286 578 334 623 sz'
369 577 544 622 mauis
587 590 713 622 voca
753 576 1177 632 pamnimplzos).
1222 574 1311 620 His
1351 575 1418 620 ita
1458 575 1721 631 dispositis,

95 655 304 714 primum
341 654 502 700 oratio
538 670 567 699 a
603 654 815 710 quodam
856 653 1045 709 primae
1079 652 1251 698 classis
1287 651 1455 697 habita
1481 662 1568 707 est,
1597 669 1724 709 quae

645 732 664 751 “³‘'
701 745 1017 785 summopere
1062 729 1351 785 delectauit,
1403 732 1451 773 et
1492 730 1723 774 omnium

93 823 214 854 voce
238 812 286 853 et
308 808 654 853 aclamatz'one
678 806 972 863 approbata
996 810 1084 863 est3
1113 820 1215 863 qua
1239 805 1257 831 b
1286 805 1477 861 habita,
1505 805 1724 851 victores

95 896 198 932 tres
242 885 287 930 in
329 884 566 930 oratione
595 884 758 929 soluta
799 899 860 928 ex
894 883 1052 928 tribus
1096 883 1339 928 classibus
1383 883 1592 939 primum
1638 898 1726 939 per

96 963 393 1019 interpretes
431 960 673 1006 declarati
718 971 845 1005 sunt.
893 959 1075 1004 Postea
1120 959 1247 1004 alter
1291 975 1354 1004 ex
1393 959 1568 1004 eadem
1602 960 1725 1004 clas-

95 1056 146 1086 se
171 1038 462 1085 cathedram
487 1038 708 1083 ascendit
733 1047 781 1082 et
805 1037 1082 1082 orationem
1108 1052 1350 1094 graecam
1385 1036 1571 1094 habuit,
1599 1052 1725 1092 quae

95 1117 243 1163 etiam
280 1116 479 1173 placuit:
523 1116 616 1160 hac
655 1115 840 1171 habita,
886 1114 1143 1171 praedicto
1189 1113 1358 1159 ordine
1402 1113 1726 1159 declarantur

96 1194 311 1241 victores
346 1193 392 1237 in
427 1208 617 1249 graeca
648 1192 892 1238 oratione.
930 1191 1121 1237 Deinde
1156 1191 1329 1236 eodem
1365 1191 1537 1236 ordine
1572 1191 1724 1236 nomi—

95 1279 276 1316 nantur
314 1269 345 1315 ii
385 1269 465 1325 qui
506 1269 693 1325 primas
733 1269 777 1313 in
825 1269 980 1324 ligata
1025 1268 1251 1313 oratione
1297 1268 1630 1323 obtinuerunt;
1679 1277 1727 1313 et

99 1347 430 1403 vnusouisque
455 1347 631 1391 horum
657 1361 769 1391 cum
794 1346 1151 1400 nominaretur,
1175 1361 1204 1390 a
1227 1344 1470 1390 iudicibus
1495 1345 1727 1401 praemiis

99 1441 182 1482 per
215 1425 530 1482 interpretes,
569 1439 692 1480 quos
727 1439 878 1480 supra
914 1423 1143 1480 diximUS,
1177 1423 1439 1479 donantur,
1478 1423 1558 1479 qui
1592 1434 1725 1468 ante-

96 1517 239 1560 quam
272 1501 532 1547 traderent
566 1503 790 1558 praemia
826 1500 1115 1554 uictoribus,
1144 1500 1519 1557 praecipiebant
1544 1500 1727 1546 vnicui-

95 1595 188 1638 que
210 1586 225 1606 ‘³
255 1595 346 1624 sua
370 1579 592 1624 themata
617 1578 849 1635 recitare;
877 1578 1052 1624 deinde
1077 1578 1319 1634 quaedam
1343 1577 1552 1623 disticha
1576 1578 1621 1622 in
1647 1593 1725 1623 eo-

96 1672 201 1702 rum
229 1657 424 1702 laudem
450 1672 635 1714 magna
664 1672 784 1702 voce
808 1655 1196 1712 proferebantur
1227 1656 1290 1701 ab
1325 1655 1415 1700 illis
1450 1655 1728 1712 interpreti-

96 1736 200 1792 bus,
228 1734 309 1790 qui
332 1733 610 1779 victoribus
633 1733 856 1790 praemia
890 1733 1176 1790 tradebant,
1213 1733 1420 1789 illosque
1453 1733 1628 1778 sedere
1658 1732 1727 1777 fa-

96 1811 293 1857 ciebant
331 1810 377 1856 in
417 1810 634 1867 quodam
673 1810 828 1865 sedili,
872 1810 1002 1867 quod
1041 1810 1226 1856 iudices
1269 1810 1315 1855 in
1360 1810 1558 1867 priuato
1598 1811 1724 1860 loco,

95 1897 309 1934 stratum
336 1889 584 1945 tapetibus
610 1887 886 1934 uictoribus
922 1888 1301 1933 constituerunt.
1340 1887 1569 1933 Alterum
1606 1903 1728 1933 vero

96 1966 167 2011 his
191 1966 270 2022 qui
294 1966 505 2023 proximi
530 1967 853 2021 accedebant,
882 1966 928 2010 in
952 1965 1049 2010 alio
1074 1966 1184 2010 loco
1208 1966 1420 2021 positum
1450 1975 1575 2023 erat,
1613 1981 1727 2010 nam

96 2044 270 2089 horum
310 2044 460 2089 etiam
500 2043 629 2088 ratio
663 2043 957 2095 habebatur,
993 2051 1041 2088 et
1074 2058 1162 2099 per
1197 2043 1397 2088 eosdem
1431 2042 1726 2099 interpretes

97 2121 354 2177 declarati,
382 2121 491 2177 pari
514 2120 823 2165 humanitate
848 2129 897 2165 et
921 2120 1213 2176 quibusdam
1240 2120 1389 2165 etiam
1416 2119 1641 2165 versibus
1665 2119 1728 2164 ab

97 2197 279 2243 eisdem
304 2198 699 2254 excipiebantur,
727 2197 902 2253 quibus
925 2196 1275 2254 significabant
1299 2212 1393 2242 non
1426 2196 1727 2242 mediocrem

97 2275 337 2320 honorem
362 2290 471 2320 esse
496 2274 568 2331 iis,
597 2274 677 2332 qui
702 2274 765 2319 ad
790 2274 976 2331 primas
1009 2274 1382 2331 contendentes,
1420 2275 1466 2319 in
1501 2273 1728 2319 secundis

100 2360 148 2397 et
170 2351 328 2396 tertiis
352 2351 696 2397 constiterunt.

158 2428 223 2474 10.
306 2429 548 2474 Vltimum
585 2427 791 2474 dhabita
825 2438 900 2474 est
933 2429 1095 2474 oratio
1130 2429 1351 2474 carmine
1385 2428 1660 2485 composita
1699 2443 1728 2473 a

99 2505 308 2564 quodam
346 2505 567 2550 eiusdem
602 2504 792 2560 classis,
830 2521 927 2562 qua
966 2505 1242 2551 victoribus
1276 2505 1643 2562 gratulabatur,
1681 2513 1730 2550 et

97 2581 254 2628 victos
279 2582 325 2627 in
348 2598 485 2638 spem
509 2582 754 2640 erigebat.
792 2581 881 2628 His
915 2583 1055 2639 actis,
1094 2598 1123 2628 a
1158 2583 1396 2628 iudicibus
1430 2582 1729 2638 imperatum

98 2667 171 2704 est
203 2675 291 2715 per
324 2659 619 2716 interpretes
654 2669 707 2705 vt
741 2660 915 2705 concio
939 2660 1297 2705 demitteretur.
1327 2659 1505 2704 Omnia
1528 2660 1727 2705 tandem

98 2734 306 2781 feliciter
330 2746 377 2781 et
400 2751 640 2793 prospere
675 2746 963 2782 euenerunt.
1001 2737 1220 2782 Dimissa
1253 2736 1506 2793 concione,
1544 2736 1731 2782 iudices

98 2812 268 2868 nostri,
301 2812 383 2858 Pr.
416 2813 619 2858 Marcus
642 2813 907 2859 Prancudo
931 2823 980 2859 et
1002 2822 1300 2870 praeceptor
1324 2813 1512 2869 primae
1536 2813 1728 2868 classis,
1748 2854 1750 2856 ,

145 3001 162 3022 ³
209 2996 460 3033 auditoribus
478 2997 643 3044 placuit,
665 3002 705 3033 et
722 3010 861 3034 eorum
877 2997 1043 3034 animos.
1100 2996 1165 3023 —b
1181 2995 1254 3033 Ea.
1309 3005 1370 3024 -c
1390 2998 1624 3045 uniquique,
1648 3008 1728 3034 ms.

102 3054 164 3080 -d
202 3055 425 3092 Postremo.
