1900 3380
569 249 868 286 73.——COLoxm
902 250 944 285 14
966 249 1074 295 jumi
1108 250 1196 285 1337
1580 251 1646 286 1301

127 345 193 389 15.
260 343 408 401 Apud
433 344 858 401 archiepiscopum
884 354 1225 389 treuerensem
1268 346 1277 367 ¹
1306 344 1453 389 habet
1483 344 1544 389 D.
1574 345 1693 390 Bar-

64 420 397 466 tholomaeum
435 421 719 477 Latomum,
758 421 897 466 cuius
933 421 978 465 in
1015 419 1310 465 Ciceronem
1347 421 1696 467 ammtationes

64 507 112 543 et
135 506 310 542 contra
339 497 621 542 haereticos
655 498 802 543 libelli
837 497 1053 542 nonnulli
1089 505 1276 542 extant.
1316 497 1481 542 Habet
1515 498 1693 543 ibidem

63 574 434 619 carthusianum
473 574 800 631 visitatorem,
838 575 1056 630 priorem
1092 575 1137 619 in
1172 574 1419 619 Heluetia.
1450 574 1544 619 Iste
1570 576 1694 620 alias

62 651 162 708 egit
186 667 298 696 cum
322 651 701 708 archiepiscopo
728 652 786 696 de
809 651 994 696 nostris
1013 651 1252 708 erigendo
1272 651 1485 706 collegio
1511 652 1694 697 Treue-

62 728 144 773 ris:
171 738 379 774 acturus
403 728 517 773 item
542 729 706 774 statim
732 738 880 785 atque
905 728 967 774 ad
988 744 1099 773 eum
1120 728 1340 773 redierit.
1364 728 1594 785 Aliquem
1613 745 1693 774 no-

62 816 215 850 strum
241 821 409 850 secum
434 805 505 850 ire
529 815 751 862 exoptat,
778 805 1132 861 negotiumque
1155 805 1302 850 facile
1336 804 1693 851 conficiendum

62 891 216 939 putat.
243 882 337 927 Hic
371 883 520 928 etiam
555 883 682 927 scire
718 882 849 939 cupit
884 883 997 939 quid
1035 883 1212 938 ubique
1247 892 1500 927 terrarum
1531 883 1696 928 diuina

62 958 255 1004 bonitas
290 975 377 1015 per
410 957 714 1004 Societatem
756 968 895 1016 agat,
938 974 1033 1016 quo
1069 959 1364 1004 uisitationis
1402 959 1569 1016 gratia
1610 975 1697 1016 per

62 1034 386 1081 Germaniam
431 1034 769 1093 proficiscens,
807 1035 1109 1081 Societatem
1146 1044 1351 1092 propter
1390 1035 1568 1093 Deum,
1611 1045 1697 1081 aut

63 1112 222 1157 Deum
246 1112 290 1157 in
318 1110 571 1158 Societate
595 1113 761 1158 multis
784 1114 1134 1158 commendare
1160 1121 1323 1169 queat.
1361 1112 1552 1158 Diebus
1586 1129 1694 1169 pro-

61 1189 204 1235 ximis
228 1189 273 1234 in
298 1190 695 1247 congregatione
719 1190 878 1236 carth.
906 1190 1262 1235 coloniensium
1294 1190 1467 1236 literas
1501 1191 1694 1247 quadri-

61 1277 269 1313 mestres
293 1267 548 1313 uariorum
572 1268 917 1326 collegiorum,
952 1268 1102 1324 longa
1127 1267 1404 1324 praemissa
1429 1266 1696 1313 Societatis

61 1344 506 1401 commendatione,
550 1344 687 1401 legit,
729 1345 1026 1402 prolixaque
1061 1345 1228 1390 addita
1264 1345 1692 1401 interpretatione.

62 1421 267 1467 Multum
291 1422 595 1468 carthusiani
620 1420 926 1468 Societatem
953 1432 1248 1479 promouent
1267 1422 1312 1466 in
1333 1422 1560 1467 omnibus
1581 1422 1690 1468 uici-

63 1500 134 1546 nis
159 1500 440 1557 prouinciis.

121 1577 188 1622 16.
256 1577 403 1633 Apud
427 1577 710 1634 episcopum
736 1577 1040 1623 mindensem
1074 1579 1089 1602 ‘²
1114 1576 1342 1623 Societas
1367 1578 1517 1622 habet
1551 1578 1694 1623 licen-

60 1653 233 1699 tiatum
273 1654 533 1700 Matthiam
572 1655 911 1712 Kirspensem.
958 1655 1056 1700 Iste
1095 1655 1141 1700 id
1187 1656 1292 1711 agit
1336 1665 1387 1701 ut
1432 1655 1695 1713 episcopus

59 1731 256 1777 Mindae
281 1732 464 1777 nostris
487 1733 754 1789 collegium
779 1733 960 1790 erigat.
1000 1733 1132 1778 Misit
1166 1733 1429 1790 episcopus
1460 1734 1695 1779 honestas

61 1809 318 1866 aliquoties
343 1810 406 1855 ad
430 1825 520 1855 nos
545 1810 840 1867 legationes,
862 1811 1037 1866 primo
1062 1810 1336 1868 doctorem,
1374 1810 1694 1856 licentiaszme

61 1891 108 1932 et
126 1888 473 1933 sacellammz:
495 1892 606 1933 tum
636 1888 767 1933 dnos
800 1888 1112 1933 licentiatos:
1141 1893 1262 1944 post
1294 1888 1615 1933 licentc'az‘mn
1649 1893 1696 1933 et

61 1965 221 2011 alium
245 1965 519 2011 honestum
544 1966 734 2011 uirum.
773 1966 968 2011 Verum
1003 1966 1117 2022 quia
1152 1982 1249 2011 non
1283 1966 1548 2011 uidebatur
1583 1982 1692 2011 esse

60 2042 313 2098 negotium
349 2042 477 2099 quod
512 2043 720 2100 transigi
757 2042 1016 2088 commode
1039 2052 1207 2099 posset
1232 2059 1341 2088 cum
1368 2043 1566 2100 ignotis:
1594 2043 1692 2099 egi-

1 2178 3 2181 .
61 2135 166 2165 mus
188 2120 390 2166 tandem
414 2135 525 2165 cum
551 2121 785 2177 episcopo
809 2136 898 2177 per
922 2121 1081 2165 solum
1117 2120 1424 2165 licentiatum
1459 2120 1691 2177 Kirspen-

61 2212 177 2242 sem.
205 2197 352 2243 Petiit
386 2213 414 2243 a
449 2198 590 2244 nobis
625 2198 887 2255 episcopus
921 2198 1079 2255 primo
1110 2197 1510 2255 suffraganeum3
1548 2213 1691 2254 quem

61 2289 169 2320 cum
193 2291 290 2320 non
315 2275 580 2331 obtineret,
609 2276 716 2321 dari
739 2275 829 2322 sibi
855 2276 1042 2332 cupiuit
1066 2276 1473 2322 concionatorem
1504 2285 1551 2320 et
1577 2275 1692 2320 ludi-

41 2351 370 2409 ‚magistrum:
399 2361 509 2409 post
532 2353 687 2398 multa
710 2353 911 2398 tandem
937 2353 1029 2398 hoc
1054 2368 1347 2410 responsum
1373 2362 1462 2403 est,
1501 2362 1551 2397 ut
1577 2352 1690 2397 libe-

62 2428 234 2474 raliter
266 2429 519 2486 perpetuis
553 2430 825 2476 redditibus
864 2430 1136 2487 prospiciat
1173 2430 1414 2476 fratribus
1453 2430 1514 2474 ad
1556 2429 1690 2474 mini-

63 2521 191 2550 mum
216 2506 404 2552 decem:
427 2518 474 2552 et
498 2518 599 2552 tum
623 2523 712 2552 nos
736 2523 834 2553 una
859 2523 970 2553 cum
995 2507 1100 2564 ipso
1125 2508 1186 2552 ad
1211 2508 1272 2553 R.
1301 2508 1359 2552 T.
1397 2507 1687 2565 scripturos,

62 2581 99 2627 si
125 2583 237 2640 quid
259 2583 391 2630 forte
415 2584 628 2630 obtineri
652 2587 835 2630 ualeat.
863 2585 1061 2630 Verum
1084 2585 1262 2631 adesse
1283 2586 1460 2630 uellem
1482 2584 1542 2630 D.
1567 2585 1692 2630 Leo-

61 2660 285 2720 nardum,
311 2678 371 2707 ne
395 2662 510 2719 quid
534 2662 891 2719 imprudentius
915 2678 944 2707 a
968 2662 1108 2708 nobis
1133 2661 1178 2707 in
1203 2663 1297 2707 hoc
1321 2671 1523 2718 agatur.

121 2736 188 2783 17.
257 2738 423 2785 Habet
447 2749 495 2785 et
518 2739 649 2796 apud
673 2739 797 2784 alios
821 2739 1069 2796 principes
1087 2749 1141 2784 vt
1160 2739 1497 2796 iuliacensem,
1525 2755 1691 2785 mona-

62 2815 367 2873 steriensem,
401 2817 845 2873 paterbornensem
877 2825 1027 2873 atque
1059 2816 1487 2872 osnaburgensem
1522 2814 1690 2862 Socie-

107 2993 119 3012 ¹
165 2992 345 3041 Joannes
364 3007 388 3031 a
406 2994 533 3031 Petra
552 2996 645 3040 (von
662 2995 736 3032 der
753 2994 932 3042 Leyen).

109 3051 122 3072 ²
171 3052 279 3090 Vide
293 3066 386 3101 pag.
407 3053 490 3100 233,
512 3060 648 3092 annot.
669 3054 704 3091 3.
