1909 3328
229 214 299 251 676
696 211 915 249 LITTERAE
941 210 1296 257 QUADRIMESTRES

184 311 322 357 adse
347 309 579 365 mitteret,
607 308 687 365 qui
720 309 849 355 istud
883 308 1054 353 facere
1089 317 1271 365 posset.
1309 308 1489 353 Missus
1523 316 1597 353 est
1630 317 1677 353 et
1712 307 1810 352 iam

184 387 341 443 primo
367 386 491 431 libro
516 384 660 430 finem
685 385 916 442 imposuit
942 387 970 429 ¹.

246 463 312 508 lO.
381 462 542 507 Etiam
568 462 866 520 significauit
890 462 1158 507 cardinalis
1182 477 1234 507 se
1264 477 1465 519 cupere,
1493 470 1546 507 ut
1568 476 1693 507 unus
1727 469 1813 506 aut

184 542 309 586 alter
333 555 532 585 sacram
558 540 861 597 theologiam
887 549 1034 596 atque
1059 549 1194 585 artes
1217 539 1449 585 liberales
1474 538 1809 596 profiteretur:

184 635 209 664 e
236 634 287 663 re
311 633 506 674 nanque
531 633 651 663 suae
675 618 963 663 dioeceseos
994 633 1101 662 esse
1137 617 1390 673 iudicauit,
1427 617 1466 662 si
1500 616 1564 662 illi
1600 616 1679 673 qui
1713 615 1812 661 ani-

184 710 377 740 marum
403 710 575 740 curam
598 694 854 751 suscipere
875 695 1070 751 debent,
1093 695 1266 739 horum
1287 694 1561 739 studiorum
1581 701 1813 750 expertes

183 787 279 816 non
304 771 414 817 sint.
443 770 542 817 Sed
567 787 678 817 cum
704 772 876 817 domus
899 780 1072 816 nostra
1097 781 1169 817 tot
1193 780 1362 828 partes
1386 786 1569 828 capere
1588 786 1684 816 non
1704 785 1811 827 pos-

184 857 275 901 set,
319 863 576 893 necessum
614 848 705 893 fuit
744 857 795 893 ut
835 848 1153 893 humanitatis
1196 848 1360 893 studia
1395 848 1811 904 relinquerentur:

184 941 313 970 nunc
338 941 459 970 uero
483 925 794 970 solummodo
818 925 1015 981 quidam
1039 924 1200 970 frater
1224 924 1527 970 curriculum
1558 923 1740 969 artium
1764 923 1813 967 li-

184 1003 426 1048 beralium
460 1003 792 1061 prosequitur,
830 1003 959 1059 quod
994 1017 1124 1048 anno
1158 1013 1416 1048 transacto
1440 1001 1710 1058 inceperat.
1738 1000 1815 1046 De

184 1079 239 1125 iis
264 1090 447 1138 autem,
475 1096 602 1137 quae
626 1081 689 1126 ad
713 1080 1020 1126 cardinalem
1053 1089 1295 1136 spectant,
1334 1080 1379 1125 in
1414 1078 1636 1136 sequenti
1672 1076 1814 1123 diffu-

185 1158 287 1203 sius
311 1159 372 1203 ad
397 1167 445 1204 te
469 1158 703 1204 scribam.

246 1237 313 1281 11.
386 1236 578 1281 Verum
603 1247 653 1281 ut
679 1236 776 1281 iam
802 1236 864 1281 ad
891 1250 971 1281 res
990 1235 1290 1281 domesticas
1315 1235 1528 1291 ueniam,
1550 1234 1623 1279 his
1643 1234 1815 1279 diebus

185 1314 383 1371 quidam
418 1314 682 1370 theologus
716 1329 811 1358 non
846 1313 1269 1369 contempnendus
1308 1312 1408 1369 egit
1443 1327 1519 1368 ea,
1561 1326 1688 1369 quae
1726 1326 1815 1356 nos

185 1391 425 1437 exercitia
448 1406 706 1436 uocamus:
734 1401 906 1447 postea
932 1406 1054 1435 uero
1078 1391 1124 1435 in
1148 1390 1362 1447 patriam
1385 1405 1527 1435 suam
1550 1399 1623 1434 est
1648 1404 1815 1434 reuer-

184 1484 284 1525 sus,
312 1468 508 1525 magnis
531 1468 680 1513 animi
704 1468 899 1525 gaudiis
923 1467 1154 1513 affectus.
1215 1500 1217 1505 ¹

247 1545 315 1591 12.
382 1545 460 1590 Ex
483 1545 572 1600 his,
601 1545 679 1602 qui
714 1545 977 1601 gymnasia
1011 1554 1184 1591 nostra
1217 1545 1549 1603 frequentant,
1588 1543 1812 1601 quamuis

185 1622 367 1668 nonulli
394 1621 698 1668 Societatem
724 1631 945 1668 nostram
971 1622 1162 1679 ingredi
1186 1623 1402 1680 cupiant,
1430 1631 1596 1668 tamen
1620 1622 1717 1667 duo
1740 1636 1815 1666 so-

184 1702 283 1746 lum
309 1701 366 1746 iis
390 1701 561 1746 diebus
584 1700 784 1746 fuerunt
806 1701 1008 1758 recepti,
1036 1717 1248 1759 quorum
1273 1701 1417 1758 alter,
1444 1716 1555 1746 cum
1589 1708 1722 1745 esset
1753 1699 1814 1744 ci·
1841 1721 1844 1724 ·

184 1779 274 1835 uis,
301 1795 331 1824 a
355 1788 514 1835 patre,
543 1779 623 1834 qui
647 1778 788 1824 nobis
811 1778 1151 1824 familiaritate
1186 1788 1234 1824 et
1258 1777 1509 1824 beneficiis
1528 1787 1602 1824 est
1620 1777 1814 1823 coniun-

185 1865 310 1909 ctus,
338 1856 401 1901 ad
425 1856 687 1902 ecclesiam
714 1856 954 1901 deductus
978 1856 1086 1914 fuit,
1113 1856 1278 1902 multis
1308 1856 1416 1902 aliis
1450 1855 1585 1901 illum
1619 1853 1815 1901 commi-

185 1933 421 1979 tantibus.
449 1933 612 1979 Etiam
647 1932 845 1990 quidam
880 1933 1021 1990 alius,
1059 1933 1139 1990 qui
1175 1933 1305 1990 apud
1338 1949 1429 1979 nos
1463 1933 1669 1979 dederat
1704 1947 1807 1989 ope·

187 2026 294 2056 ram
320 2011 390 2056 rei
414 2010 685 2066 literariae,
714 2010 810 2055 diui
840 2010 1084 2056 Dominici
1120 2010 1394 2056 institutum
1429 2011 1689 2067 amplexus
1723 2018 1811 2055 est.

248 2088 315 2133 13.
383 2087 495 2132 Duo
519 2087 704 2133 fratres
727 2087 884 2132 sacris
909 2087 1164 2133 ordinibus
1186 2098 1298 2133 sunt
1327 2087 1520 2145 initiati,
1557 2087 1683 2132 alter
1717 2086 1814 2132 dia-

186 2174 395 2210 conatus
419 2165 708 2222 ministerio,
734 2164 862 2210 alter
888 2180 1007 2210 uero
1032 2165 1326 2211 sacerdocii.
1353 2165 1563 2211 Fratres
1587 2163 1814 2210 domesti-
1861 2172 1867 2185 ¹

187 2242 229 2287 ci
268 2242 314 2287 in
354 2242 612 2298 relligione
649 2241 871 2298 perfecte
911 2242 1228 2288 obseruanda
1265 2258 1318 2288 se
1357 2251 1611 2299 exercent,
1654 2240 1806 2287 morti·

188 2319 403 2365 ficationi
449 2319 664 2364 maxime
707 2319 1069 2377 incumbentes,
1123 2319 1289 2366 omnia
1340 2329 1545 2366 sanctae
1591 2319 1815 2365 obedien-

236 2494 245 2512 ¹
298 2492 377 2537 Qui
395 2492 498 2529 hanc
518 2491 747 2527 versionem
765 2490 900 2527 facere
920 2490 1082 2538 incepit,
1102 2490 1177 2527 fuit
1195 2490 1434 2538 Alphonsus
1460 2490 1643 2532 Ramiro,
1672 2489 1721 2526 de
1739 2501 1816 2537 quo

188 2553 386 2599 superius,
409 2564 500 2599 pag.
523 2551 603 2597 457,
626 2556 762 2588 annot.
783 2551 821 2587 3.
849 2549 911 2587 Cf.
932 2551 1087 2587 Lm'm‘z’
1104 2551 1314 2597 Monam„
1345 2550 1457 2595 VIII,
1488 2549 1574 2587 442.
1613 2549 1724 2597 Opus
1748 2549 1814 2585 irn-

188 2611 411 2659 perfectum
429 2612 642 2658 reliquisse
658 2611 819 2648 videtur
833 2609 914 2652 (Cf.
932 2610 983 2647 ib.
1002 2610 1056 2656 V,
1076 2611 1170 2657 111),
1188 2623 1263 2647 nec
1282 2611 1502 2658 quidquam
1516 2610 1566 2647 de
1581 2610 1655 2647 hac
1670 2609 1816 2646 versio-

189 2684 238 2708 ne
258 2672 485 2708 invenimus
504 2671 609 2717 apud
628 2677 786 2708 nostros
804 2671 1119 2718 bibliographos.
1141 2670 1256 2708 Libri
1275 2670 1350 2708 Sti.
1370 2670 1518 2718 Cyrilli
1533 2671 1582 2708 de
1596 2670 1742 2717 quibus
1755 2668 1816 2705 hic

189 2731 338 2777 agitur,
357 2732 396 2767 in
411 2733 545 2768 lucem
560 2732 795 2779 prodierunt
809 2730 944 2767 Toleti
959 2743 1065 2767 anno
1082 2730 1185 2776 1575,
1203 2729 1495 2768 Bonaventura
1509 2729 1714 2768 Vulcanio
1727 2729 1815 2766 bru-

189 2791 305 2837 gensi
325 2791 561 2839 interprete.
584 2791 648 2830 Cf.
669 2792 812 2829 PEREZ
830 2791 1011 2832 PASTOR,
1032 2790 1099 2827 La
1127 2792 1349 2837 z'mprenta
1376 2802 1428 2828 en
1463 2790 1630 2836 Toledo,
1659 2803 1698 2827 n.
1725 2786 1810 2826 342.

190 2850 402 2887 NICOLAUS
422 2851 649 2898 Axroxms,
670 2851 941 2889 Bibliotheca
960 2851 1154 2897 hispana
1172 2861 1302 2898 nova,
1323 2851 1396 2888 sub
1416 2851 1541 2888 verbo
1559 2849 1816 2886 FRANc1scus

190 2910 408 2956 MENDozA,
431 2911 497 2947 ait:
584 2911 653 2948 «B.
674 2910 821 2959 Cyrilli
841 2910 1115 2948 Alexandrini
1136 2908 1288 2957 [libros]
1307 2911 1376 2948 De
1388 2910 1658 2949 Adoratz'one
1673 2910 1719 2947 in
1732 2907 1816 2954 spi-

190 2971 278 3006 ritu
298 2973 337 3006 et
353 2972 535 3007 veritate
552 2984 601 3007 ex
620 2971 956 3017 interpretatione
975 2969 1292 3007 Bonaventurae
1307 2969 1487 3007 Vulcani
1503 2968 1729 3016 Brugensis
1742 2965 1816 3003 To-

190 3029 262 3066 leti
283 3030 458 3066 edendos
478 3030 582 3067 idem
601 3036 739 3067 noster
758 3031 954 3068 curavit.»
