1900 3380
588 231 903 267 179.—PEm-s10
931 232 951 267 Δ,
974 231 1089 277 Jt'Lu
1121 230 1211 265 15:35
1600 225 1669 262 737

78 338 266 374 rentur.
295 327 528 383 Augetur
551 326 598 370 in
623 325 726 371 dies
749 324 1089 371 confitentium
1114 338 1368 377 numerus,
1391 331 1539 379 atque
1559 322 1715 367 incre-

77 405 250 451 dibiles
274 404 468 449 fructus
493 412 771 459 reportant.

135 482 179 528 8.
247 480 445 526 Accidit
469 480 597 526 enim
622 479 750 525 inter
780 479 894 533 alia,
933 488 986 524 ut
1019 494 1129 524 cum
1165 478 1241 523 uir
1275 478 1473 535 quidam
1507 476 1723 522 fratrem

79 574 238 614 suum,
265 573 296 604 a
320 573 417 614 quo
442 573 495 603 se
519 566 824 613 extorquere
854 556 1037 612 aliquid
1071 556 1326 612 sperabat,
1364 554 1410 599 in
1444 554 1726 611 periculum.

77 635 253 693 capitis
277 635 427 681 uellet
451 635 718 691 adducere,
745 633 875 691 quod
900 632 979 678 ille
1004 633 1102 678 iam
1126 632 1316 689 pridem
1341 631 1598 688 utriusque
1618 630 1718 676 fra·

77 725 204 758 trem
229 711 471 758 maiorem
496 721 615 757 natu
640 710 989 765 interfecisset,
1018 719 1066 754 et
1090 709 1187 754 iam
1213 724 1368 765 prope
1393 724 1487 753 non
1513 708 1620 753 iure
1654 707 1719 753 le-

77 805 197 846 gum
221 798 308 835 aut
332 788 628 834 iudiciorum
652 787 992 839 contenderet,
1017 786 1103 831 sed
1137 785 1291 830 armis
1326 800 1521 841 quoque
1555 795 1711 829 certa·

80 875 235 923 retur;
263 881 375 911 eam
398 880 592 911 omnem
626 863 1026 910 controuersiam
1062 862 1142 907 Pr.
1181 872 1349 908 rector
1383 862 1547 907 diuino
1582 862 1720 906 auxi-

80 943 144 988 lio
167 942 423 988 diremerit
447 954 494 988 et
528 941 891 987 inimicissimos
925 939 1113 985 fratres
1147 941 1210 984 ab
1244 939 1472 984 intestino
1508 939 1620 984 odio
1657 939 1719 983 ad

79 1035 324 1065 summam
347 1019 570 1076 gratiam
595 1030 642 1064 et
667 1016 1067 1064 beneuolentiam
1102 1017 1371 1062 reuocarit.
1401 1016 1544 1061 Alius
1578 1031 1719 1072 uero,

79 1096 160 1153 qui
185 1097 366 1142 multos
389 1111 547 1142 annos
571 1110 733 1152 graue
757 1094 1006 1151 quoddam
1030 1102 1291 1150 peccatum
1326 1094 1373 1138 in
1407 1092 1722 1138 confessione

80 1175 291 1230 celarat,
317 1174 519 1219 tandem
543 1173 788 1219 adductus
812 1182 888 1218 est
912 1181 965 1217 ut
988 1169 1327 1225 confiteretur,
1353 1185 1503 1227 seque
1524 1179 1721 1215 contra-

82 1261 164 1297 cta
188 1251 424 1297 uitiorum
449 1251 579 1296 mole
604 1266 663 1296 ac
687 1249 1028 1307 magnitudine
1053 1248 1308 1294 liberaret.
1331 1248 1459 1292 Turn
1479 1247 1621 1303 alius,
1645 1247 1724 1303 qui

82 1337 270 1385 septem
295 1343 452 1373 annos
471 1327 753 1385 turpissime
777 1327 977 1372 uixerat
996 1327 1060 1372 ob
1078 1325 1354 1382 impudicae
1373 1325 1592 1370 mulieris
1611 1339 1723 1369 con-

82 1405 407 1463 suetudinem,
434 1405 498 1450 ab
522 1405 604 1450 illa
629 1404 829 1449 tandem
855 1403 1100 1449 abductus
1119 1393 1208 1459 est,
1232 1418 1292 1447 ac
1310 1401 1507 1447 uidetur
1527 1401 1725 1446 omnino

84 1498 252 1528 mores
292 1482 529 1539 pristinos
568 1482 870 1527 immutasse.
916 1480 1211 1526 Foeminam
1250 1489 1519 1535 praeterea
1558 1478 1725 1523 nescio

85 1576 249 1618 quam,
278 1561 525 1605 humanae
549 1570 761 1605 naturae
785 1558 942 1604 hostis
966 1574 1025 1604 eo
1056 1557 1353 1604 temeritatis
1383 1557 1645 1613 adegerat,
1674 1566 1727 1601 ut

86 1638 146 1684 de
171 1638 336 1683 diuina
370 1637 715 1683 misericordia
750 1636 879 1682 omni
915 1651 979 1682 ex
1011 1645 1156 1692 parte
1190 1635 1500 1692 desperaret,
1538 1634 1726 1690 sibique

84 1716 413 1772 persuaderet
437 1715 599 1761 Deum
623 1715 861 1771 optimum
886 1730 984 1759 non
1009 1729 1173 1771 posse,
1199 1728 1290 1758 nec
1316 1712 1498 1758 dolenti
1532 1711 1724 1768 quidem

87 1793 177 1839 sibi
217 1802 408 1839 tantam
448 1793 766 1838 atrocitatem
807 1791 1066 1837 criminum
1107 1790 1410 1842 condonare,
1452 1803 1727 1845 parumque

15 1862 17 1864 ¹
86 1870 260 1925 abfuit,
299 1870 412 1927 quin
447 1869 536 1915 sibi
572 1879 783 1915 mortem
819 1868 1137 1914 consciuerit.
1180 1867 1334 1912 Pater
1373 1875 1556 1921 autem,
1597 1865 1727 1910 omni

86 1963 263 1993 errore
286 1948 501 2004 sublato,
528 1962 640 1992 eam
664 1946 820 2002 ipsam
847 1946 893 1991 in
919 1945 1177 1991 meliorem
1203 1953 1416 1990 mentem
1447 1959 1508 1988 ex
1534 1957 1728 1987 summa

87 2024 280 2070 insania
305 2033 354 2070 et
378 2023 726 2081 desperatione
750 2022 990 2068 traduxit.

147 2101 190 2147 9.
259 2100 534 2147 Carcerem
558 2116 618 2146 ac
652 2099 964 2145 xenodochia
1000 2100 1149 2156 (quod
1184 2098 1446 2154 diligenter
1477 2112 1506 2142 a
1547 2096 1730 2142 nostris

88 2179 258 2224 curari
282 2178 427 2235 solet)
452 2194 572 2224 raro
596 2177 869 2234 inuisimus,
897 2177 989 2222 nisi
1013 2176 1195 2232 rogati,
1218 2191 1277 2221 ne
1297 2175 1514 2220 fortasse
1535 2174 1642 2219 aliis
1662 2172 1728 2217 vi-

89 2256 158 2301 ris
182 2255 448 2312 religiosis,
476 2255 653 2312 quibus
684 2255 781 2300 iam
815 2254 896 2299 diu
931 2269 991 2299 ea
1026 2268 1150 2299 cura
1185 2251 1450 2298 commissa
1484 2260 1574 2301 est,
1613 2250 1729 2295 iniu-

91 2333 217 2379 riam
241 2333 416 2379 facere
440 2333 714 2378 uideamur.

151 2410 219 2457 10.
288 2411 378 2456 His
403 2411 553 2456 rebus
577 2419 795 2467 augetur
819 2410 865 2454 in
890 2424 980 2454 nos
1005 2408 1182 2454 ciuium
1208 2422 1351 2452 amor
1381 2417 1429 2452 et
1463 2407 1731 2451 obseruan-

90 2487 160 2533 tia
183 2487 469 2545 singularis‚
496 2502 656 2544 neque
680 2486 823 2532 nobis
846 2484 1103 2542 patiuntur
1127 2483 1309 2540 aliquid
1343 2498 1560 2539 unquam
1595 2481 1731 2526 dees-

92 2579 160 2609 se.
189 2562 515 2610 Gubernator
539 2564 681 2609 huius
704 2563 862 2620 vrbis,
883 2577 1010 2619 quae
1034 2562 1097 2607 ad
1122 2576 1210 2606 nos
1235 2559 1498 2616 pertinent,
1520 2568 1569 2604 et
1588 2568 1733 2603 curat

92 2650 141 2685 et
163 2649 334 2686 tuetur
358 2640 748 2698 diligentissime.
776 2639 933 2685 Rdus.
958 2648 1124 2684 autem
1143 2637 1403 2693 episcopus
1428 2638 1440 2660 ¹
1467 2650 1557 2681 nec
1581 2636 1735 2681 rebus

92 2732 184 2763 nec
208 2717 517 2764 authoritate
540 2718 692 2763 deest.
716 2717 787 2762 At
811 2730 934 2762 vero
970 2714 1275 2771 amplissimo
1309 2712 1553 2758 cardinali
1586 2727 1731 2769 peru-

91 2794 198 2841 sino
235 2796 269 2852 2,
310 2795 451 2840 cuius
495 2803 695 2840 exstant
734 2794 780 2839 in
822 2809 912 2840 nos
950 2790 1190 2839 beneficia
1229 2790 1463 2847 maxima,
1500 2789 1594 2835 dici
1635 2804 1737 2834 non

94 2881 258 2929 potest
281 2883 498 2930 quantae
522 2887 676 2918 curae
699 2872 868 2918 simus.

144 2991 155 3011 ¹
206 2991 316 3029 Vide
336 3005 430 3039 pag.
451 2992 533 3038 477,
555 2997 692 3028 annot.
713 2991 748 3028 3.

146 3049 159 3069 ²
209 3050 312 3098 Pag.
333 3051 415 3097 478,
437 3056 574 3088 annot.
598 3051 629 3088 1.

244 3128 413 3157 LITTERAE
434 3127 734 3161 QUADRIMESTRES.
756 3126 848 3154 TOM.
871 3125 908 3153 V.
1568 3123 1606 3151 47
