1900 3380
478 237 763 275 lQIff-GENUA
798 238 811 273 l
842 237 1108 274 SEPTEMBRIS
1139 237 1230 273 1558
1510 217 1513 219 ι
1558 235 1621 272 791

28 334 338 388 differentia3
381 333 593 389 primum
634 348 720 378 eas
765 334 959 389 quidem
1006 333 1181 390 quibus
1225 332 1362 377 Deus
1402 331 1505 387 ipse
1551 331 1673 376 inui-

29 422 102 459 tat
126 426 217 455 nos
241 419 391 466 atque
417 410 568 455 allicit
603 424 656 456 ut
681 426 792 456 cum
827 410 1042 467 fiduci[a]
1071 411 1132 456 ad
1164 426 1299 467 eum,
1338 418 1576 464 tanquam
1610 407 1674 453 ad

28 488 213 534 fontem
265 487 446 542 viuum,
495 487 863 545 confugiamus3
906 488 1141 544 secundo,
1186 487 1311 532 alias
1350 485 1673 531 comminato-

29 566 130 612 rias
154 565 331 621 quibus
355 574 553 609 terrore
589 565 827 621 minisque
863 565 1131 622 propositis
1166 574 1214 609 et
1249 564 1392 609 malis
1428 579 1554 620 quae
1590 579 1671 608 no-

27 644 100 690 bis
139 643 411 699 imminent,
450 643 540 688 nisi
582 644 627 688 id
660 643 943 700 fecerimus,
981 659 1070 687 nos
1105 643 1343 699 deterret;
1382 641 1545 698 tertio,
1585 656 1673 686 eas

16 736 154 777 ,quae
200 720 482 765 uberrimos
528 721 793 766 ostendunt
830 731 1206 777 proponuntque
1242 719 1437 763 fructus
1478 734 1542 763 ex
1575 718 1672 763 fre-

29 798 193 855 quenti
218 797 553 843 eucharistiae
585 798 916 854 susceptione3
956 813 1078 853 quas
1114 813 1284 841 omnes
1323 796 1670 851 authoritates,

29 876 184 921 literis
208 876 494 920 maiusculis
515 876 819 931 scribendas,
843 885 992 932 atque
1012 875 1285 931 parietibus
1305 875 1416 918 hinc
1435 874 1547 918 inde
1568 871 1673 918 affi-

30 953 221 1012 gendas
246 953 549 1007 eux-animus,
580 964 630 998 ut
656 954 1081 1010 praetereuntium
1108 952 1263 996 oculis
1288 937 1469 996 obuiae
1489 960 1671 1007 essent3

30 1031 352 1089 subijecimus
378 1031 525 1075 etiam
551 1031 758 1087 singulis
777 1030 1166 1076 authoritatibus
1185 1029 1426 1074 distichon
1451 1028 1671 1084 latinum,

23 1109 159 1155 'idem
190 1109 388 1153 omnino
425 1109 695 1165 explicans.
735 1108 895 1152 Porro
930 1108 1155 1152 carmina
1192 1106 1435 1163 quaedam
1472 1104 1674 1160 vulgari

31 1189 200 1244 lingua
224 1187 499 1242 composita
524 1188 582 1232 de
607 1187 781 1231 eadem
814 1186 1026 1230 materia
1061 1201 1091 1230 a
1126 1184 1438 1230 scholasticis
1474 1182 1673 1239 nostris,

31 1266 233 1311 fuerunt
258 1267 525 1310 decantata
550 1265 596 1309 in
622 1265 778 1310 tribus
803 1264 1046 1309 altaribus
1071 1279 1199 1319 quae
1224 1263 1269 1307 in
1303 1263 1384 1307 uia
1420 1262 1623 1306 fuerant
1647 1276 1677 1305 a

31 1344 173 1389 nobis
196 1353 383 1398 erecta,
407 1359 516 1388 cum
546 1343 707 1387 multis
727 1342 833 1387 aliis
853 1341 1158 1386 carminibus
1178 1340 1241 1385 ad
1262 1339 1606 1397 praesbiteros
1626 1348 1674 1383 et

20 1422 94 1466 vad
118 1421 342 1476 singulos
366 1419 580 1464 fratrum
611 1419 1071 1474 monachorumque
1106 1418 1321 1474 ordines,
1360 1427 1407 1462 et
1442 1417 1503 1461 ad
1540 1416 1676 1461 ciues

20 1499 144 1544 -dum
178 1514 265 1554 per
299 1497 565 1554 collegium
601 1506 824 1542 nostrum
859 1496 1156 1553 transibant;
1194 1510 1354 1552 neque
1388 1494 1481 1539 hoc
1516 1494 1676 1538 solum

23 1576 470 1633 ,praetereuntibus
504 1584 621 1620 tunc
654 1574 891 1631 temporis
926 1574 1101 1631 patuit,
1143 1588 1316 1618 verum
1351 1582 1400 1617 et
1439 1572 1529 1617 toti
1568 1570 1677 1616 fere

34 1653 238 1710 ciuitati,
267 1668 395 1710 quae
419 1652 760 1709 pomeridiano
783 1661 1009 1708 tempore
1029 1651 1092 1696 ad
1112 1651 1205 1696 hoc
1224 1650 1486 1707 pulchrum
1507 1648 1675 1694 lauda-

34 1731 230 1788 bileque
254 1731 597 1786 spectaculum
620 1728 856 1786 frequens
881 1728 1152 1783 concurrit;
1180 1727 1517 1774 authoritates
1553 1741 1675 1771 uero

33 1809 92 1854 de
117 1808 291 1865 quibus
315 1807 431 1864 dixi,
459 1806 711 1852 affiximus
735 1806 909 1852 deinde
933 1805 1124 1851 circum
1150 1804 1369 1861 parietes
1405 1804 1561 1849 nostri
1596 1818 1674 1848 sa-

21 1885 160 1943 ⁴-celli,
189 1901 316 1942 quae
350 1885 514 1930 adhuc
549 1894 767 1940 manent,
804 1892 853 1929 et
877 1883 1062 1929 tacitae
1098 1882 1468 1941 quodammodo
1503 1881 1566 1926 ad
1601 1896 1676 1926 sa-

24 1962 282 2008 cramenti
306 1961 642 2019 frequentiam
665 1961 892 2006 inuitant.

92 2040 136 2086 5.
204 2040 282 2085 De
316 2039 524 2085 Patrum
559 2038 873 2095 fratrumque
908 2036 1199 2084 nostrorum
1239 2036 1494 2083 exercitiis
1533 2045 1581 2081 et
1616 2035 1677 2081 de

24 2117 244 2174 spiritali
270 2117 598 2173 incremento,
620 2132 717 2161 non
742 2125 818 2161 est
837 2116 969 2172 quod
987 2115 1244 2172 sigillatim
1264 2114 1462 2171 singula
1481 2128 1676 2159 enume-

37 2210 160 2252 rem,
197 2194 321 2240 satis
355 2194 576 2239 arbitror
610 2193 912 2251 significare,
949 2193 1174 2250 singulos
1209 2207 1300 2249 pro
1336 2191 1527 2237 uiribus
1561 2206 1679 2237 suos

23 2272 340 2318 contendere
363 2287 563 2328 neruos,
593 2280 644 2317 ut
668 2280 716 2317 et
739 2271 831 2317 sibi
855 2271 1084 2328 primum,
1112 2270 1289 2315 deinde
1309 2270 1417 2315 aliis
1438 2270 1678 2326 prodesse

38 2350 242 2408 possint,
270 2350 317 2395 id
341 2350 473 2406 quod
497 2349 804 2406 potissimum
828 2349 881 2396 fit
904 2365 993 2406 per
1023 2349 1148 2395 duos
1171 2364 1236 2394 ex
1258 2348 1443 2393 nostris
1462 2348 1542 2404 qui
1568 2362 1677 2393 uer-

37 2428 153 2473 bum
196 2427 291 2473 Dei
330 2427 656 2473 disseminant
694 2428 901 2484 singulis
940 2428 1113 2473 diebus
1153 2426 1293 2471 festis
1337 2425 1680 2482 pomeridiano

26 2506 279 2562 itempore,
308 2505 525 2550 maximo
549 2520 661 2550 cum
686 2504 853 2550 fructu
878 2504 1198 2550 audientium.

96 2582 140 2628 6.
207 2582 284 2628 De
307 2583 506 2640 scholiS,
533 2597 645 2628 cum
669 2582 797 2628 idem
829 2583 876 2629 in
907 2583 1134 2628 omnibus
1165 2580 1391 2637 collegiis
1422 2580 1547 2626 ordo
1576 2596 1678 2626 ser-

39 2669 202 2715 uetur,
230 2659 346 2704 nihil
381 2659 559 2715 dicam,
587 2659 678 2705 nisi
711 2660 772 2705 de
806 2659 1160 2716 discipulorum
1198 2673 1425 2714 numero,
1453 2658 1535 2714 qui
1568 2658 1679 2704 licet

29 2737 259 2783 *incertus
283 2737 346 2783 sit
370 2746 418 2783 et
443 2737 630 2794 varius,
659 2737 804 2783 modo
829 2737 959 2783 enim
993 2736 1194 2793 crescit,
1220 2735 1368 2780 modo
1393 2736 1552 2781 instar
1576 2751 1678 2781 ma-

40 2815 107 2860 ris
131 2815 392 2872 decrescit,
415 2830 666 2872 nunquam
688 2824 856 2861 tamen
880 2814 1058 2860 desunt
1081 2813 1280 2859 ducenti
1300 2812 1407 2858 fere
1432 2813 1513 2869 qui
1537 2814 1678 2859 scho-

41 2891 115 2951 las
138 2901 337 2937 nostras
362 2892 680 2948 frequentent
713 2891 932 2937 maximo
966 2906 1079 2936 cum
1112 2889 1296 2935 fructu.
1324 2889 1452 2935 Nam
1476 2898 1680 2946 praeter

30 2958 456 3028 -exercitia's'olita
479 2967 747 3015 Societatis
771 2978 993 3023 nostrae,
1020 2968 1099 3013 hic
1129 2977 1433 3013 exercentur
1458 2967 1608 3013 etiam
1633 2968 1679 3013 in

43 3046 391 3103 componendis
437 3046 906 3102 declamationibus,
954 3060 1077 3102 quas
1129 3045 1324 3101 publice
1376 3045 1590 3091 recitant
1634 3045 1681 3090 in
