1997 3400
360 174 427 210 106
822 174 1039 210 LITTERAE
1067 174 1369 219 QUADRIMESTR
1376 185 1421 211 Es

310 275 398 316 tot.
439 271 693 327 Quantum
733 270 886 327 igitur
910 271 972 316 ad
1011 271 1153 315 verbi
1187 271 1604 316 sacratissimmn
1630 284 1821 315 nszzmzts
1843 284 1933 316 sen

310 348 558 405 euangelii
602 347 926 393 ministerium
972 348 1163 402 attinet,
1211 347 1367 393 Rdus.
1409 346 1725 403 praepositus
1764 356 1934 392 noster
1994 334 1997 341 “

312 424 874 480 P.BaptistaViolaeus,
898 425 1123 470 oratione
1144 425 1201 469 de
1221 434 1478 480 pastorum
1497 423 1661 469 officio
1681 424 1930 480 instituta,

311 502 358 547 in
383 502 571 564 synodo
596 502 991 559 claromontana,
1019 511 1127 558 post
1153 501 1306 547 ferias
1330 500 1391 546 D.
1420 501 1588 546 Lucae
1606 500 1799 555 hahita,
1826 504 1934 545 tcm-

311 584 360 625 to
378 584 399 605 ἃ
422 579 585 636 populi
605 579 847 635 applausu
873 579 1159 624 celebratus
1182 577 1289 631 fuit,
1311 582 1363 622 vt
1380 578 1622 623 dominus
1644 576 1938 634 officiarius

313 657 545 713 episcopi
563 656 636 701 ad
650 656 979 701 ecclesiastae
998 670 1189 700 munus
1208 655 1356 711 opud
1372 656 1805 699 clm‘omontetzses
1827 667 1935 699 sus-

313 734 609 790 cz'piendmn
643 733 889 788 proxima
912 733 1326 790 quadragesima
1351 732 1525 788 ipsum
1549 735 1597 776 et
1617 732 1851 776 hortatus
1872 732 1940 776 sit

314 815 361 855 et
379 814 642 867 precatus,
673 809 833 855 Cuius
854 810 985 854 votis
1007 810 1216 867 obsequi
1236 824 1291 854 se
1324 809 1471 854 hand
1486 814 1641 865 posse
1676 809 1937 854 modestis-

312 889 442 934 sime
463 887 744 943 persuasit.
772 886 939 932 Vnica
964 902 1087 931 vero
1123 887 1358 932 concione
1383 886 1444 931 ad
1479 885 1614 930 ciues
1647 885 1936 931 biliomaeos

313 965 483 1009 habita
517 973 628 1020 post
660 963 815 1008 ferias
849 963 1139 1020 epiphaniae
1175 962 1381 1007 mirifica
1415 963 1639 1019 energia,
1667 963 1852 1019 aliquot
1876 962 1936 1008 ci-

313 1041 445 1086 uium
481 1049 669 1086 temere
703 1040 1009 1085 offensorum
1045 1039 1233 1085 animos
1269 1039 1356 1084 sibi
1395 1039 1749 1095 reconciliauit,
1788 1050 1935 1095 atque

313 1119 377 1164 ab
401 1118 646 1164 Vniuersis
669 1117 995 1163 concionator
1019 1117 1065 1162 in
1100 1117 1377 1174 proximam
1409 1116 1847 1174 quadragesimam
1872 1116 1937 1162 ef-

315 1196 570 1252 flagitatus
595 1204 684 1240 est.
713 1194 990 1240 Occasione
1015 1195 1142 1240 enim
1168 1194 1262 1239 loci
1296 1193 1507 1250 collegio
1532 1193 1771 1249 erigendo
1796 1193 1937 1238 desti-

316 1273 434 1328 nati,
462 1272 724 1318 altercatio
748 1272 904 1317 ciuilis
931 1282 1078 1317 enata
1103 1272 1284 1325 fuerat,
1313 1287 1439 1328 quae
1462 1271 1612 1328 ipsius
1631 1270 1871 1316 concione
1892 1270 1938 1316 in

318 1349 636 1395 concordiam
664 1365 817 1406 prope
842 1350 1048 1394 redacta
1073 1359 1161 1395 est.

377 1426 419 1472 2.
487 1426 548 1472 D.
576 1426 912 1483 Hieronymus
931 1426 1134 1471 Bassius
1153 1425 1441 1483 frequentes
1460 1427 1651 1472 Biliomi
1678 1426 1942 1471 conciones

319 1504 491 1549 habuit
516 1519 623 1549 cum
650 1504 780 1548 bona
800 1503 1079 1548 auditorum
1101 1503 1267 1559 gratia
1291 1512 1339 1548 et
1359 1504 1498 1548 lucro
1519 1502 1793 1548 animorum
1811 1502 1941 1547 haud

319 1580 535 1637 vulgari,
578 1589 729 1636 atque
753 1581 816 1625 ab
855 1579 1081 1625 omnibus
1120 1580 1165 1624 in
1190 1579 1467 1636 proximam
1503 1578 1941 1637 quadragesimam

321 1667 523 1714 optatur
557 1657 930 1713 impensissime,
965 1673 1171 1713 quorum
1209 1658 1440 1714 precibus
1474 1656 1768 1714 suffragari,
1800 1671 1941 1701 occu-

322 1733 603 1791 pationibus
627 1734 913 1791 distractus,
940 1733 1068 1778 haud
1094 1734 1290 1790 poterit.

378 1811 420 1857 3.
491 1810 601 1867 Ego
632 1810 840 1867 denique
875 1810 1159 1867 aduentum,
1198 1810 1496 1866 quotidianis
1531 1810 1847 1856 concionibus
1881 1825 1943 1855 ex

321 1904 459 1933 more
484 1897 774 1945 occupatus,
801 1889 897 1933 iam
932 1888 1093 1933 altero
1127 1903 1256 1932 anno
1290 1888 1481 1932 Biliomi
1518 1887 1756 1944 transegi,
1783 1887 1943 1944 prima
1974 1898 1975 1904 ’

320 1965 560 2025 Johannis
591 1965 831 2010 canonica
866 1980 925 2009 eo
959 1964 1195 2021 temporis
1229 1965 1388 2021 spatio
1423 1964 1485 2010 ad
1522 1963 1800 2009 vmbilicum
1836 1979 1942 2020 per-

321 2042 486 2087 ducta.

377 2118 420 2163 4.
486 2117 953 2163 Reverendissimus
986 2117 1108 2162 Dns.
1136 2117 1154 2143 ¹³
1186 2118 1592 2162 claromontanus
1617 2118 1630 2142 ¹
1672 2116 1941 2173 praepositi

321 2194 579 2251 Baptistae
619 2193 850 2250 precibus
889 2209 1178 2250 persuasus,
1220 2194 1311 2239 hoc
1351 2194 1529 2239 iterum
1569 2193 1770 2238 honoris
1809 2193 1942 2238 bilio-

325 2271 480 2316 maeis
516 2271 753 2327 exhibuit,
790 2271 1084 2327 praeferens
1118 2286 1205 2316 eos
1238 2271 1600 2328 ryomensibus,
1637 2270 1941 2324 ambertinis,

321 2347 692 2405 curtapetranis
716 2349 747 2400 2,
776 2357 825 2393 et
847 2347 1262 2393 issiodorensibus
1281 2349 1313 2404 ³3
1341 2348 1419 2405 qui
1440 2363 1609 2393 omnes
1628 2347 1690 2393 ad
1709 2363 1848 2393 suam
1870 2361 1944 2392 me

322 2425 576 2470 ciuitatem
599 2424 645 2469 in
669 2425 936 2470 aduentum
961 2424 1312 2470 inuitauerant.
1348 2424 1486 2481 Quin
1511 2428 1560 2469 et
1577 2424 1946 2470 issiodorenses

318 2506 605 2557 perperam
645 2501 900 2546 intellecta
934 2501 1167 2557 episcopi
1202 2501 1553 2558 responsione,
1596 2515 1676 2545 me
1718 2504 1941 2558 sperato,

324 2577 435 2622 dies
472 2581 580 2622 octo
619 2577 979 2622 concionatore
1003 2577 1267 2635 frustrati
1287 2577 1465 2634 fuere.
1511 2577 1783 2622 Caeterum
1822 2577 1947 2622 lmec

370 2730 388 2749 a
457 2731 653 2772 instituta,
675 2730 788 2767 miro.
845 2730 910 2757 —b
978 2729 1353 2775 Dnus.episcopus.

372 2851 381 2869 ¹
434 2848 666 2886 Gulielmus
686 2862 709 2885 a
727 2849 850 2885 Prato
869 2848 936 2893 (du
956 2848 1081 2892 Prat).

371 2908 385 2930 2
433 2908 580 2944 Incolis
599 2908 731 2954 oppidi
751 2907 990 2954 Courpiere.

371 2967 384 2986 ⁸
434 2966 580 3003 Incolis
598 2967 730 3014 oppidi
748 2967 908 3004 Issoire.
