1915 3437
524 229 818 268 23.—PERUS10
844 231 866 267 7
892 230 1133 267 FEBRUARH
1163 232 1252 268 1557
1596 233 1661 269 103

70 325 384 382 (imperoche
409 336 583 381 questa
618 326 946 371 admiratione
970 330 996 372 e
1030 326 1114 382 gia
1148 328 1404 382 remessa),
1443 337 1625 384 quanto
1651 330 1709 374 de

77 399 128 445 13
152 401 378 458 materia,
413 402 572 446 ardua
607 413 653 447 et
677 401 895 455 difficile,
938 417 1018 447 ma
1057 405 1097 446 si
1133 404 1255 447 116116
1290 403 1583 458 dichiarata,
1620 405 1708 450 che

72 478 242 523 vniente
266 479 395 523 altro
421 494 541 535 pare
562 479 650 524 che
675 479 1000 535 agiungersili
1025 494 1189 535 possa.
1219 478 1298 524 Ha
1322 480 1400 535 piu
1426 480 1638 526 auditori
1664 482 1709 527 di

70 555 226 611 -quelli
252 555 342 600 6116
367 571 683 612 sperauamo,
710 556 818 601 tutti
844 555 890 600 di
915 558 994 601 eta
1013 555 1206 613 grande
1226 567 1272 601 et
1291 556 1468 602 studio.
1496 557 1554 601 Li
1578 558 1709 613 quali

84 632 270 677 benche
294 632 386 677 neli
413 633 561 678 altrui
585 633 753 678 schole
779 633 1006 690 sogliano
1026 632 1135 678 fare
1162 649 1364 679 rumore
1384 634 1585 690 (perche
1605 638 1708 680 cusi

81 712 106 754 e
129 709 484 754 consuetudine
510 709 587 754 fra
612 710 754 767 loro),
778 710 1138 756 nientedimeno
1162 720 1305 755 stano
1330 711 1441 755 nela
1458 726 1550 756 sua
1574 712 1707 757 letio-

72 800 141 830 .ne
160 800 250 830 con
276 785 467 841 grande
493 786 677 843 rispeto
696 797 743 831 et
767 786 1025 832 modestia.

137 861 179 906 6.
246 862 283 907 Il
307 861 461 907 frutto
487 863 577 908 che
601 862 816 918 faciano,
845 879 898 909 se
921 880 1017 909 non
1042 867 1067 909 e
1091 879 1180 921 per
1215 864 1487 919 conietura,
1530 880 1709 921 sapere

72 953 174 983 ,non
198 939 465 995 possiamo;
495 956 575 985 ma
599 940 745 996 quelli
769 940 832 986 dil
857 941 1069 997 collegio
1093 952 1264 986 nostro
1290 941 1321 986 il
1345 940 1461 986 fano
1485 943 1712 999 grandis-

80 1015 217 1061 simo.
245 1015 385 1061 Fano
421 1017 441 1037 a
465 1018 596 1063 uersi
630 1018 676 1062 in
702 1019 818 1075 ogni
842 1034 1046 1075 genero,
1076 1019 1105 1063 il
1128 1019 1217 1064 che
1242 1019 1287 1063 in
1318 1031 1492 1075 questa
1532 1019 1649 1065 citta
1684 1024 1710 1067 e

79 1108 223 1149 110110,
273 1109 619 1150 compongano
665 1105 712 1140 et
754 1095 977 1141 recitano
1023 1095 1236 1140 orationi
1278 1105 1326 1141 et
1370 1096 1587 1153 ogniuno
1632 1098 1709 1142 nel

69 1171 237 1227 „grado
261 1186 351 1216 suo
370 1172 726 1228 grandemente
751 1176 777 1218 e
801 1172 1112 1218 essercitato.

137 1247 179 1293 7.
245 1247 327 1292 Dil
350 1248 506 1294 frutto
526 1249 748 1294 anchora
772 1250 862 1294 che
886 1249 999 1294 11613
1033 1249 1164 1295 uirtu
1193 1249 1408 1305 faciano,
1446 1265 1534 1306 per
1569 1250 1597 1294 li
1631 1266 1709 1296 60-

79 1324 223 1369 stumi
248 1324 459 1370 scorreti
495 1326 553 1370 de
588 1326 617 1371 li
650 1325 762 1371 altri
786 1326 1070 1371 facilmente
1093 1325 1466 1383 cognosciamo.
1494 1325 1708 1383 111111610-

69 1401 169 1446 -che
193 1404 219 1446 e
243 1401 376 1447 assai
399 1401 601 1447 difficile
636 1403 681 1447 lo
715 1401 938 1448 sfrenato
969 1402 1167 1460 ingenio
1201 1403 1247 1447 di
1288 1403 1432 1459 quelli
1468 1403 1558 1448 che
1582 1403 1641 1448 de
1666 1405 1710 1449 16

80 1477 225 1523 altrui
249 1479 419 1524 schole
444 1495 473 1524 a
500 1480 540 1524 16
560 1490 727 1525 nostre
751 1495 998 1536 uengono,
1025 1495 1053 1524 o
1078 1495 1170 1525 con
1195 1480 1414 1536 consegli
1440 1495 1468 1524 o
1494 1481 1709 1526 batiture

70 1568 370 1610 corregere.
397 1554 434 1599 Il
460 1555 549 1600 che
575 1556 954 1610 considerando,
982 1571 1136 1613 penso
1160 1572 1255 1601 non
1290 1556 1401 1601 fare
1427 1558 1473 1602 la
1501 1557 1707 1613 Compa-

70 1630 195 1688 ,gnia
218 1632 429 1677 mancho
450 1632 604 1677 frutto
624 1633 670 1677 in
689 1644 864 1689 questa
887 1633 1001 1688 cita,
1026 1633 1115 1678 che
1134 1633 1180 1678 in
1200 1642 1325 1678 tutte
1346 1633 1389 1679 16
1413 1634 1540 1678 altre
1560 1634 1704 1690 parti.

80 1707 212 1753 Tutti
236 1708 275 1753 si
299 1708 597 1754 confessano
622 1710 885 1755 almancho
910 1726 1009 1755 vna
1027 1711 1164 1755 uolta
1189 1711 1236 1755 al
1260 1726 1409 1765 mese,
1432 1711 1706 1756 assaissimi

81 1783 195 1841 ogni
218 1786 477 1831 setimana.
506 1786 686 1832 Aleuni
705 1802 828 1832 sono
854 1803 883 1832 a
907 1788 954 1832 la
978 1798 1149 1832 nostra
1174 1786 1491 1844 Compagnia
1515 1788 1706 1833 affetio-

28 1922 32 1927 .
74 1860 179 1906 ‚nati
202 1871 249 1906 et
273 1861 320 1906 in
344 1863 507 1919 quella
531 1862 826 1908 desiderano
851 1875 898 1909 et
922 1879 1137 1909 cercano
1173 1878 1266 1909 con
1301 1864 1417 1921 ogni
1453 1864 1708 1921 diligentia

81 1952 247 1984 essere
271 1939 500 1985 admessi.
539 1940 582 1985 N
587 1942 630 1986 el
654 1941 892 1998 principio
916 1942 1010 1987 deli
1034 1942 1178 1987 studii
1202 1941 1255 1987 fu
1289 1942 1500 1987 recitata
1524 1942 1586 1987 da
1610 1959 1706 1988 uno

81 2015 139 2060 de
163 2016 192 2060 li
217 2017 372 2062 nostri
395 2019 505 2063 nele
529 2018 722 2074 publice
747 2019 914 2064 schole
938 2035 1036 2064 una
1062 2019 1287 2065 oratione
1318 2019 1395 2064 del
1429 2019 1626 2065 uinculo
1660 2030 1709 2065 et

72 2092 390 2140 coniuntione
415 2095 474 2140 de
499 2095 543 2140 le
562 2095 832 2153 discipline,
858 2111 954 2141 non
980 2111 1131 2141 senza
1149 2095 1479 2141 admiratione
1499 2097 1557 2141 de
1576 2097 1703 2153 tutti,

81 2170 306 2216 massime
331 2171 541 2217 d'alcuni
566 2172 656 2218 che
679 2173 839 2229 prima
863 2189 958 2219 non
982 2183 1127 2230 tropo
1161 2174 1204 2218 le
1230 2189 1346 2219 cose
1380 2184 1549 2218 nostre
1574 2173 1704 2218 loda—

70 2251 223 2293 2-uano.
250 2247 313 2293 D1
337 2250 384 2293 la
408 2265 437 2294 a
461 2249 604 2305 pochi
627 2249 788 2306 giorni
812 2250 851 2295 si
877 2249 1032 2296 recito
1056 2266 1144 2306 per
1171 2250 1200 2294 li
1226 2250 1379 2295 nostri
1404 2250 1618 2295 scholari
1642 2265 1706 2294 un

80 2323 276 2381 dialogo
299 2341 391 2371 con
415 2336 555 2371 tanta
593 2326 888 2384 frequentia,
915 2339 1099 2385 quanto
1134 2329 1180 2374 la
1215 2328 1383 2373 chiesa
1412 2340 1583 2372 nostra
1617 2343 1706 2373 era

14 2459 17 2461 -
70 2414 279 2459 ἵ6311366,
306 2414 353 2448 et
386 2419 477 2449 con
512 2414 651 2450 tanto
684 2407 893 2461 aplauso
924 2406 984 2452 de
1007 2406 1134 2463 tutti,
1171 2406 1260 2451 che
1285 2421 1406 2463 pare
1430 2405 1618 2450 hauere
1642 2405 1706 2450 ad

72 2478 294 2535 ›ogniuno
318 2481 597 2527 sodisfatto.

138 2554 179 2600 8.
246 2557 447 2613 Quanto
471 2559 725 2615 apertiene
749 2574 779 2604 3
803 2560 847 2605 16
881 2574 998 2605 6056
1022 2559 1292 2616 spirituale,
1319 2559 1394 2603 dir
1427 2574 1522 2603 non
1546 2558 1584 2603 si
1608 2561 1706 2615 puo

76 2635 249 2688 >quanti
272 2634 350 2679 del
368 2636 605 2692 conseglo
630 2645 678 2681 et
702 2637 921 2682 autorita
940 2637 999 2682 de
1029 2637 1096 2694 gli
1122 2635 1278 2681 nostri
1302 2635 1437 2680 Patri
1462 2650 1631 2691 useno,
1658 2643 1707 2681 et

82 2710 188 2755 nele
211 2712 529 2757 admonitioni
555 2713 599 2758 di
624 2714 771 2770 quelli
794 2714 873 2759 fra
892 2714 1072 2759 diuersi
1092 2713 1452 2770 perturbationi
1477 2713 1516 2758 si
1540 2713 1704 2770 aquie-

73 2794 208 2832 xeno.

140 2863 182 2909 9.
247 2864 402 2911 Molto
427 2866 507 2923 piu
530 2866 621 2912 che
645 2867 802 2925 prima
828 2869 871 2913 le
896 2867 1122 2924 prediche
1153 2867 1242 2912 che
1281 2867 1396 2923 ogni
1435 2866 1705 2912 domeneca

129 3029 148 3049 a
190 3031 442 3070 Correctum
463 3043 512 3070 ex
530 3032 664 3071 fanno.
