1909 3328
245 268 315 303 586>
713 262 932 298 eri'EaAE
960 260 1317 305 QUADRIMESTRES

196 377 394 418 semper
433 360 538 405 fere
578 359 639 403 ad
675 357 1010 403 confitentium
1047 364 1256 411 peccata
1291 352 1603 398 exaudienda
1639 351 1827 407 sedeat,

199 456 285 485 eos
324 449 487 484 tamen
525 437 604 492 qui
640 436 701 480 ad
739 434 1095 491 perfectionem
1130 431 1254 477 uelis
1289 429 1535 486 remisque
1571 428 1641 485 (ut
1675 428 1828 485 aiunt)

199 525 489 574 properant,
517 514 667 569 longo
692 522 801 568 post
825 527 877 556 se
903 510 1099 566 reliquit
1133 507 1413 553 interuallo.

262 594 328 638 11.
397 591 522 636 Sunt
547 591 623 635 hic
649 590 834 646 aliquot
870 586 1044 632 flandri
1081 586 1161 641 qui
1196 585 1376 629 aulaea
1411 584 1635 628 intexere
1670 596 1830 637 eaque

199 670 466 716 diuendere
491 669 665 721 solent,
693 682 902 723 quorum
928 664 1092 720 aliqui,
1120 676 1327 707 numero
1352 660 1459 705 fere
1489 659 1663 716 uiginti
1699 659 1831 714 quin-

200 764 309 804 que,
337 748 427 791 sub
452 745 625 790 eodem
651 753 784 789 tecto
808 742 1088 787 habitantes
1113 739 1430 784 sacerdotem
1456 735 1717 793 quemdam
1749 751 1829 779 na-

200 824 332 869 tione
358 822 601 867 flandrum
627 820 727 865 suis
751 819 1024 875 sumptibus
1048 818 1200 862 alunt.
1228 815 1278 860 In
1306 830 1427 871 quos
1451 823 1591 859 tanta
1621 812 1832 868 irrepse-

200 913 277 970 rat
302 900 606 956 corruptela,
646 908 695 943 ut
731 898 842 942 uino
878 894 1198 952 ingurgitari,
1226 893 1346 938 cibis
1382 890 1580 947 repleri,
1608 890 1832 946 turpibus

200 977 557 1033 obscoenisque
582 975 750 1021 uerbis
783 974 850 1019 uti
887 989 978 1018 non
1017 972 1316 1016 dubitarent.
1346 968 1616 1014 Caeterum
1641 966 1721 1012 ubi
1746 982 1831 1011 no-

200 1068 416 1101 strorum
451 1055 663 1099 fratrum
700 1052 913 1108 quidam,
948 1049 1147 1094 natione
1183 1047 1389 1101 flander,
1417 1045 1479 1090 ad
1516 1061 1608 1090 eos·
1637 1044 1830 1101 missus,

200 1133 437 1179 flandrice
461 1131 625 1187 coepit
648 1130 739 1175 illis
770 1126 1055 1174 concionari
1091 1124 1240 1182 (quod
1275 1122 1483 1180 singulis
1517 1121 1688 1166 diebus
1724 1121 1825 1165 sab-

200 1212 302 1257 bati
341 1209 479 1266 facit)
516 1208 772 1265 pristinam
814 1203 1009 1250 uiuendi
1049 1199 1456 1247 consuetudinem
1491 1199 1537 1243 in
1578 1197 1833 1243 meliorem

201 1295 587 1334 commutarunt.
616 1284 755 1328 Multi
781 1283 922 1337 enim,
951 1280 1028 1337 qui
1056 1280 1099 1323 in
1125 1277 1453 1335 grauissimos
1478 1289 1680 1320 errores
1712 1272 1834 1329 lapsi

200 1365 415 1415 fuerant,
443 1377 571 1407 nunc
596 1362 670 1406 uel
708 1359 1004 1405 confitentur
1038 1357 1112 1401 uel
1151 1355 1386 1411 optimam
1423 1352 1497 1397 sui
1532 1350 1833 1408 expectatio·
1893 1401 1899 1406 ,

202 1458 312 1488 nem
338 1441 604 1487 concitant.
633 1438 746 1495 Qua
771 1453 831 1481 cx
857 1452 910 1480 re
935 1451 1028 1479 non
1055 1431 1318 1477 mediocris
1353 1431 1431 1475 uel
1466 1430 1511 1474 in
1547 1429 1678 1484 ipsos
1713 1427 1833 1472 utili-

201 1530 295 1577 tas,
324 1520 399 1564 uel
426 1519 469 1562 in
497 1516 765 1561 Dominum
800 1511 1024 1572 JESVM
1059 1512 1216 1554 honor
1252 1507 1562 1552 redundauit.
1600 1505 1833 1550 Fratrem

201 1612 415 1653 namque
440 1604 681 1644 nostrum,
716 1592 793 1637 cui
829 1599 976 1635 antea
1011 1603 1181 1632 omnes
1216 1593 1359 1630 erant
1395 1583 1586 1639 infensi,
1624 1597 1753 1627 nunc
1786 1581 1834 1626 li-

204 1672 501 1719 bentissimis
526 1670 701 1716 animis
732 1667 1017 1722 suscipiunt.
1045 1665 1241 1719 Turpes
1278 1671 1541 1719 praeterea
1576 1659 1833 1716 profanas-

202 1767 298 1808 que
323 1750 597 1796 cantilenas
622 1748 667 1791 in
692 1760 866 1791 sacras
892 1743 1094 1800 piasque
1121 1747 1507 1786 commutarunt.

268 1828 333 1873 12.
400 1826 638 1883 Equidem
674 1838 800 1879 quac
826 1822 928 1877 ipse
953 1819 1160 1875 egerim,
1189 1832 1380 1873 quaeue
1405 1830 1555 1872 agam
1579 1828 1674 1858 non
1699 1820 1836 1868 puta-

205 1908 252 1953 ui
292 1906 441 1963 digna
466 1919 574 1949 esse
600 1917 726 1958 quae
760 1901 889 1946 inter
922 1897 1307 1943 commilitonum
1341 1892 1512 1953 JESV
1546 1907 1624 1936 res
1661 1898 1832 1946 gestas

205 1971 569 2041 praeclaraque
613 1979 841 2024 facinora
887 1984 1287 2028 recenserentur;
1335 1981 1501 2016 tamen
1540 1978 1592 2014 ut
1631 1975 1833 2013 sanctae

206 2059 517 2107 obedientiae
571 2056 805 2102 mandata
856 2068 1102 2109 exequar,
1151 2049 1322 2107 paucis
1371 2064 1431 2093 ea
1482 2038 1869 2103 perstringam.'

206 2140 347 2184 Duos
371 2138 469 2182 iam
493 2136 600 2181 fere
625 2149 819 2179 menses
844 2147 905 2176 ex
930 2139 1101 2175 sancte
1126 2126 1438 2173 obedientiae
1463 2124 1700 2169 mandato
1724 2137 1836 2178 pue-

207 2216 289 2267 ris.
327 2215 407 2273 qui
442 2214 503 2259 ad
540 2222 737 2257 nostras
771 2209 967 2254 scholas
1001 2206 1262 2261 accedunt,
1301 2202 1578 2248 doctrinam
1613 2198 1835 2245 christia-

206 2309 321 2339 nam
346 2291 551 2348 singulis
576 2290 744 2334 diebus
769 2285 991 2332 sabbatis
1026 2282 1309 2328 declarandi
1346 2294 1519 2324 munus
1553 2276 1763 2332 suscepi:
1791 2283 1838 2320 et

208 2372 272 2416 ab
305 2369 477 2414 iisdem
512 2377 616 2412 tum
651 2365 962 2416 concionum,
991 2377 1114 2417 quas
1147 2360 1191 2404 in
1227 2368 1400 2403 nostro
1430 2356 1613 2412 templo
1639 2353 1836 2399 audiue-

209 2449 323 2505 rint,
360 2457 462 2492 tum
502 2445 651 2490 etiam
692 2440 949 2487 doctrinae
985 2438 1287 2483 christianae
1327 2435 1572 2480 rationem
1612 2428 1835 2488 exigere.

209 2524 323 2581 Qua
347 2524 391 2569 in
426 2539 479 2568 re
514 2522 629 2567 illud
664 2526 962 2575 argumento
996 2529 1218 2560 summae
1254 2526 1521 2569 puerorum
1556 2507 1838 2564 diligentiae

209 2618 267 2647 ac
303 2600 500 2657 pietatis
535 2613 644 2644 esse
680 2595 848 2654 possit,
875 2593 1003 2651 quod
1037 2592 1208 2637 uideas
1237 2588 1498 2635 nonnullos
1532 2584 1760 2643 quicquid
1792 2583 1838 2628 in

210 2678 448 2723 concione
489 2674 782 2725 audiuerint,
815 2681 917 2717 tam
957 2669 1167 2714 fideliter
1207 2667 1434 2722 reddere,
1472 2674 1524 2710 ut
1563 2664 1645 2708 uix
1679 2675 1838 2719 pauca

210 2754 452 2811 quaedam
477 2753 613 2798 obliti
638 2751 916 2796 uideantur.
942 2747 1065 2792 Illud
1089 2744 1508 2802 praetereundum
1534 2741 1667 2786 nullo
1691 2737 1835 2784 modo
1896 2740 1909 2772 ’-

212 2846 408 2887 censeo,
446 2829 574 2886 quod
609 2826 845 2886 proximis
879 2824 1009 2870 hisce
1042 2821 1433 2868 bacchanalibus
1466 2819 1581 2876 (quo
1615 2803 1849 2873 tempore

212 2909 473 2964 plurimum
514 2905 749 2952 bacchari
789 2913 937 2959 atque
973 2899 1188 2946 insanire
1227 2913 1398 2944 omnes
1431 2896 1537 2941 fere
1576 2893 1755 2949 solent)
1795 2892 1839 2936 in

212 2996 386 3030 nostro
409 2985 590 3040 templo
615 2993 663 3028 et
686 2981 952 3027 conciones
984 2987 1097 3024 sunt
1132 2976 1331 3021 habitae
1354 2975 1518 3020 triduo
1544 2973 1639 3024 illo,
1669 2980 1717 3016 et
1740 2971 1837 3026 plu-

214 3077 295 3108 res
318 3062 425 3106 fere
451 3076 597 3117 quam
622 3069 770 3104 antea
795 3071 993 3103 sacram
1029 3067 1288 3110 sumpsere
1311 3050 1539 3108 synaxin,
1568 3064 1715 3106 quam
1740 3047 1838 3092 lau·
1888 3052 1889 3055 ’
