1900 3380
507 310 796 347 221.—PRAGA
823 310 865 346 31
896 310 1140 346 DECEMBms
1168 308 1258 345 1558
1581 305 1652 342 919

77 415 261 462 ratore,
288 414 340 451 ut
365 421 416 451 se
442 414 775 463 praepararet
801 405 865 451 ad
887 398 1164 457 contionem
1188 402 1566 461 postridianam,
1597 417 1706 459 pro-

76 493 245 542 pterea
265 482 393 541 quod
414 499 684 529 caesareus
704 482 1033 529 concionator
1053 490 1293 527 uenturus
1315 495 1410 526 non
1432 488 1559 526 erat.
1582 478 1709 525 Con-

73 562 296 608 cionatus
322 570 395 606 est
419 575 544 617 crgo
571 560 631 605 D.
657 560 904 606 Henricus
928 568 1033 606 toto
1069 575 1127 604 eo
1163 568 1388 616 tempore
1425 573 1522 614 quo
1559 555 1610 602 S.
1650 555 1707 602 C.

78 639 139 684 M.
167 639 248 684 llic
271 640 523 695 praesens
544 644 561 665 a
591 637 696 692 fuit,
725 637 868 693 idque
903 652 1014 682 cum
1051 651 1236 694 magna
1270 634 1484 681 omnium
1517 633 1711 680 satisfa-

76 717 252 762 ctione.
283 715 473 760 Eodem
498 731 619 760 uero
645 715 721 760 die
746 730 842 771 quo
870 714 1087 770 Pragam
1113 714 1387 770 imperator
1421 711 1712 769 ingredere-

75 803 170 849 tur,
208 791 564 838 transeundum
599 792 663 836 illi
699 791 789 838 fuit
815 790 833 817 b
868 800 1067 836 nostras
1101 789 1266 846 aedes3
1304 788 1382 834 hic
1417 798 1540 834 tunc
1570 797 1713 833 erant

76 868 304 915 destinati
329 868 516 924 aliquot
539 869 678 925 pueri
702 877 905 914 nostrae
930 868 1130 913 scholae
1162 865 1388 923 apposite
1425 864 1606 921 ornati,
1634 864 1713 921 qui

77 963 164 1004 pro
189 946 527 1004 gratulatione
551 945 733 1003 aliquid
764 945 1071 991 exhiberent.
1100 947 1219 990 Erat
1242 944 1455 1001 primum
1480 942 1710 999 angelus,

78 1024 156 1082 qui
182 1025 268 1081 ipsi
294 1024 339 1069 in
363 1039 550 1081 genere
575 1023 947 1080 gratulabatur;
975 1021 1150 1067 deinde
1169 1037 1268 1078 pax
1286 1030 1334 1067 et
1352 1020 1560 1078 justitia,
1586 1034 1713 1076 quae

79 1111 289 1147 martem
313 1102 514 1146 tenebat
537 1100 764 1157 ligatum;
792 1109 1044 1156 postremo
1076 1099 1254 1144 domus
1287 1097 1560 1153 austriaca,
1589 1111 1716 1154 quae

79 1180 371 1226 recensebat
395 1178 667 1224 stemmatis
690 1177 764 1223 sui
789 1176 1115 1222 nobilitatem.
1148 1176 1306 1221 Erant
1332 1183 1605 1233 praeterea
1635 1189 1714 1230 ap-

78 1272 231 1315 pensa
257 1272 397 1301 muro
422 1255 633 1312 insignia
657 1266 705 1300 et
727 1253 950 1300 carmina
981 1253 1040 1299 de
1077 1252 1254 1309 aquilis
1284 1261 1333 1298 et
1365 1252 1476 1298 aliis
1502 1266 1630 1308 quae
1655 1251 1717 1296 ad

79 1334 447 1381 serenissimum
473 1333 742 1390 principem
767 1340 815 1377 et
840 1330 1097 1376 Bo'emiam
1131 1329 1467 1386 pertinebant,
1505 1343 1716 1385 quorum

80 1412 325 1469 quaedam
344 1411 495 1457 etiam
515 1419 658 1456 erant
676 1423 867 1467 graeca
888 1415 920 1454 ⁰.
942 1407 1142 1454 Verum
1161 1423 1273 1453 cum
1293 1423 1381 1464 per
1402 1407 1577 1452 vrbem
1603 1405 1716 1450 mul-

81 1491 141 1537 tis
164 1488 584 1547 gratulationibus
610 1487 868 1544 impeditus
892 1485 1068 1532 fuisset
1095 1485 1385 1542 imperator,
1419 1500 1479 1530 ac
1512 1484 1603 1529 sub
1637 1483 1717 1528 ob-

82 1584 281 1615 scuram
306 1568 412 1613 fere
437 1575 633 1612 noctem
659 1565 722 1612 ad
745 1580 836 1611 nos
854 1564 1050 1610 demum
1074 1563 1404 1621 peruenisset,
1438 1561 1722 1608 arbitratus

84 1647 316 1704 aliquam
356 1645 425 1691 ibi
460 1645 675 1703 longam
715 1643 1035 1690 comoediam
1069 1656 1180 1687 esse
1215 1640 1580 1695 exhihendam,
1617 1637 1721 1684 fieri

16 1771 18 1773 ,
84 1733 200 1769 tunc
230 1734 433 1781 praeter
463 1731 650 1767 mutam
685 1720 1053 1776 exhibitionem,
1092 1719 1210 1765 nihil
1244 1717 1417 1776 potuit.
1452 1716 1722 1763 Caeterum

84 1817 226 1848 suum
251 1816 449 1858 equum,
478 1799 557 1856 qui
582 1799 803 1845 clamore
828 1797 847 1825 ‘¹
868 1807 917 1844 et
940 1797 1151 1855 strepitu
1172 1796 1337 1854 angeli
1357 1795 1610 1852 inopinato
1628 1805 1723 1839 ter-

89 1880 310 1933 rebatur,
337 1878 421 1923 uix
446 1877 717 1935 aliquoties
734 1884 750 1904 ⁰-
771 1875 1178 1933 circumagendo,
1203 1874 1271 1920 ita
1296 1888 1619 1931 compescere
1641 1887 1722 1929 po-

87 1957 194 2013 tuit,
222 1966 275 2002 ut
299 1956 428 2013 quod
453 1963 710 2012 ageretur,
738 1954 1003 2012 aspiceret,
1041 1969 1137 2010 quo
1173 1953 1280 2011 ipsa
1314 1951 1325 1979 f
1360 1949 1412 1997 S.
1450 1951 1514 1996 M.
1544 1949 1723 2008 signifi-

87 2035 236 2080 cabat
261 2033 529 2078 maximum
553 2047 697 2078 suum
720 2047 845 2089 erga
864 2047 954 2077 nos
972 2031 1217 2087 fauorem,
1242 2038 1292 2076 et
1312 2038 1429 2075 tunc
1450 2027 1723 2074 clementis-

88 2113 208 2158 sime
233 2113 363 2158 laeto
388 2111 525 2156 uultu
550 2109 732 2156 nostris
757 2109 928 2155 ordine
952 2108 1126 2166 positis
1156 2108 1425 2163 annuebat,
1463 2106 1726 2152 declarans

51 2246 64 2252 ·
88 2206 235 2248 quam
275 2189 485 2235 libenter
524 2203 708 2245 pueros
746 2187 983 2243 audisset,
1020 2186 1058 2232 si
1099 2201 1186 2243 per
1225 2185 1542 2242 ingruentem
1577 2182 1725 2228 immo

91 2276 407 2325 praesentem
427 2275 624 2311 noctem
646 2265 693 2311 id
717 2264 949 2311 licuisset.

151 2345 221 2390 12.
287 2344 442 2390 [Jeme
461 2343 646 2388 deinde
664 2342 945 2388 transitum
964 2341 1178 2400 qnidam
1198 2339 1422 2396 Connus,
1445 2338 1618 2384 malus
1634 2336 1726 2383 Ec-

91 2423 277 2468 clesiae
301 2422 526 2478 colonus,
552 2434 675 2466 mox
696 2421 929 2466 carmine
952 2419 1179 2477 quodam
1203 2417 1390 2474 aedito,
1417 2429 1515 2474 qao
1549 2415 1727 2460 triam-

88 2501 256 2557 plzmn
279 2498 609 2555 describebat,
647 2498 700 2544 in
732 2498 1006 2544 sinistram
1034 2499 1243 2554 partem
1278 2493 1547 2550 conuertit,
1585 2492 1727 2538 collo-

91 2591 218 2623 cans
251 2590 345 2622 nos
367 2575 546 2621 eodem
569 2575 751 2621 ordine
774 2589 872 2633 qno
885 2574 1133 2633 jiidaeos,
1160 2585 1287 2630 qnos
1312 2574 1555 2628 atrosque
1590 2570 1727 2615 insa-

91 2655 282 2700 lutatos
304 2652 357 2698 S.
385 2652 434 2699 C.
458 2652 526 2698 M.
543 2652 898 2709 pertransisse
911 2649 1140 2709 gloriari
1157 2647 1448 2695 uidebatur.
1471 2645 1579 2692 Sed
1594 2646 1731 2691 hanc

93 2731 291 2778 malam
300 2731 521 2789 famam
544 2728 598 2775 S.
628 2729 679 2775 C.
706 2729 775 2776 M.
813 2729 1026 2775 clariori
1043 2726 1265 2786 fauoris
1298 2723 1527 2781 insignis
1561 2737 1728 2769 exem-

94 2809 179 2866 plo
203 2808 419 2867 auferre
444 2807 636 2864 nolenS‚
665 2807 738 2852 ad
757 2806 1031 2865 collegium
1050 2807 1285 2849 nostram
1303 2816 1368 2847 ex
1386 2815 1505 2847 arce
1523 2800 1728 2847 descen-

98 2886 256 2932 disset
276 2885 565 2942 (snmmam
588 2884 726 2930 enim
759 2883 906 2930 nobis
938 2887 1086 2940 spem
1119 2881 1227 2927 iam
1261 2880 1389 2926 uina
1424 2892 1548 2925 noce
1583 2877 1729 2924 dede-

143 3053 162 3072 a
199 3053 375 3099 Pragae.
417 3050 484 3078 —b
503 3062 588 3098 per.
632 3057 694 3078 -c
717 3050 810 3098 Seq.
826 3060 894 3087 vv.
911 3060 1016 3096 quae
1030 3050 1313 3094 composuerat
1327 3045 1462 3083 oblitt.
1508 3044 1574 3072 —d
1594 3044 1733 3081 Prius

102 3118 230 3150 metu.
290 3118 356 3140 -e
371 3110 549 3149 tandem.
603 3109 661 3139 -f
689 3115 729 3147 vt
748 3114 907 3157 poterat
924 3114 1074 3146 tamen.
