2054 3530
340 282 362 319 2
804 284 1021 321 LITTERAE
1048 285 1400 331 QUADRIMESTRES

294 377 544 422 ciuitatem
584 377 843 435 theologos
883 394 1116 424 romanos
1155 380 1432 436 aduenisse,
1471 381 1549 437 qui
1583 382 1744 427 studia
1778 382 1918 428 huius

294 455 619 501 achademiae
643 455 833 513 iuuare,
860 466 945 502 aut
970 457 1131 513 potius
1155 457 1436 503 instaurare
1455 459 1671 514 cupiunt.
1695 459 1918 505 Tandem

294 541 538 587 rogantur
560 541 612 577 ut
637 532 681 576 in
707 533 952 588 publicum
978 533 1234 591 prodeant,
1261 543 1309 579 et
1333 535 1610 580 orationem
1635 536 1847 592 aliquam
1872 538 1916 582 in

294 608 624 653 studiosorum
661 609 876 664 gratiam
918 609 1102 655 habere
1143 611 1309 663 uelint,
1352 611 1481 666 quod
1519 619 1567 656 et
1606 612 1814 657 libenter
1852 612 1917 658 fe-

294 694 486 730 cerunt.

354 762 395 807 2.
463 762 625 819 Magr.
654 762 899 808 Henricus
924 763 1191 820 Dionysius
1217 764 1374 820 primo
1400 764 1612 821 incoepit
1632 765 1823 821 publice
1843 767 1918 811 de-

294 839 515 884 clamare
540 839 688 884 latine
712 855 896 895 magna
920 855 1030 885 cum
1057 841 1273 886 omnium
1299 841 1656 894 satisfactione,
1681 842 1740 887 de
1776 843 1920 888 laude

295 915 507 971 uirtutis,
546 915 591 960 in
626 916 873 961 auditorio
898 916 1217 973 amplissimo.
1241 917 1374 962 Idem
1396 917 1557 974 Magr.
1585 917 1804 976 Joannes
1827 918 1919 964 Re-

293 992 424 1037 thius
442 992 670 1038 facturus
688 992 860 1038 fuisset
881 993 1124 1039 dominica
1145 995 1380 1050 sequenti;
1403 995 1488 1040 sed
1508 995 1756 1052 malignus
1775 996 1920 1052 impe-

295 1068 508 1114 dimento
527 1069 632 1125 fuit,
655 1068 733 1126 qui
752 1070 877 1115 tales
896 1079 1101 1115 conatus
1120 1071 1225 1126 pios
1244 1086 1433 1116 summo
1453 1071 1564 1116 odio
1585 1071 1916 1128 prosequitur.

354 1145 397 1190 3.
464 1145 678 1202 Quidam
717 1146 845 1191 enim
886 1146 1048 1203 Magr.
1090 1157 1276 1197 noster,
1321 1147 1417 1192 iam
1463 1148 1599 1192 senio
1645 1148 1917 1201 confectus,

297 1237 478 1268 nouam
503 1222 629 1267 hanc
653 1222 838 1268 bonam
862 1223 1264 1268 consuetudinem
1283 1223 1416 1269 ferre
1440 1239 1536 1269 non
1561 1225 1731 1280 potuit,
1756 1234 1807 1270 ut
1842 1226 1920 1271 do-

297 1298 485 1344 minicis
523 1298 694 1344 diebus
731 1299 906 1355 aliquis
945 1309 1166 1344 nostrum
1206 1301 1514 1346 declamaret
1548 1301 1793 1357 deinceps,
1836 1301 1921 1347 sed

297 1391 385 1432 per
409 1375 649 1421 bidellnm
672 1375 693 1396 a
717 1375 980 1431 prohibuit,
1007 1391 1067 1420 ne
1091 1377 1215 1421 tales
1235 1376 1624 1422 declamationes
1643 1377 1832 1431 fierent;
1856 1379 1921 1424 in-

297 1452 568 1499 dicauimus
588 1453 771 1504 amicis;
796 1453 917 1499 illico
939 1452 1066 1498 Κέω
1085 1453 1239 1498 Dnus.
1262 1452 1556 1510 Grupperus
1582 1456 1592 1478 ¹
1616 1455 1677 1499 ad
1697 1456 1921 1501 eumdem

297 1530 547 1587 Magrum.
575 1539 798 1575 nostrum
824 1531 1012 1575 litteras
1038 1531 1196 1587 mittit3
1224 1531 1446 1577 similiter
1470 1530 1577 1576 Rd¹¹³
1609 1531 1687 1577 Pr.
1725 1532 1920 1577 carthu-

299 1607 403 1652 siae
432 1608 463 1664 2;
498 1606 673 1663 quibus
711 1607 866 1660 lectis,
909 1616 1041 1652 totus
1079 1607 1125 1652 in
1165 1608 1313 1653 aliam
1353 1618 1572 1654 mutatur
1610 1610 1919 1667 sententiam,

299 1699 544 1729 excusans
568 1699 621 1728 se
652 1683 779 1739 quod
813 1683 1106 1740 ignoranter
1138 1684 1354 1737 fecisset,
1393 1684 1794 1742 Societatemque
1827 1701 1922 1731 non

297 1761 530 1813 nouisset;
559 1760 880 1818 promisitque
906 1762 1086 1807 nostris
1112 1777 1306 1807 omnem
1332 1778 1472 1808 suum
1499 1764 1727 1809 fauorem
1762 1773 1810 1810 et
1843 1764 1922 1809 be-

298 1838 628 1884 neuolentiam
652 1839 699 1883 in
724 1839 1093 1895 quibuscunque
1124 1840 1319 1896 poterit.
1354 1839 1652 1886 Gaudebant
1686 1841 1830 1887 amici
1864 1841 1923 1888 de

299 1915 462 1960 subita
497 1915 768 1960 mutatione
807 1915 945 1961 istius
980 1915 1073 1961 Mfi
1116 1917 1286 1973 nostri,
1324 1917 1402 1974 qui
1437 1927 1537 1963 tam
1573 1919 1820 1964 mordicus
1844 1919 1921 1964 de-

302 1991 506 2037 fendere
544 1993 670 2037 solet
704 1993 933 2048 antiquas
962 2009 1079 2038 suas
1103 1994 1493 2047 constitutiones;
1521 1995 1606 2040 sed
1629 2012 1688 2041 ne
1713 1996 1818 2052 quis
1842 1996 1923 2041 ha-

302 2070 445 2115 beret
467 2084 639 2114 ansam
667 2070 918 2125 culpandi
939 2070 1119 2125 aliquid
1150 2069 1184 2122 ¹³,
1214 2070 1370 2116 uisum
1397 2081 1469 2116 est
1503 2071 1690 2123 amicis,
1728 2081 1781 2117 vt
1814 2088 1923 2129 ger-

299 2146 492 2191 manice
516 2145 787 2201 inciperent
811 2146 990 2201 populo
1015 2146 1317 2197 concionari,
1346 2147 1502 2193 donec
1527 2148 1573 2192 in
1597 2149 1767 2194 schola
1791 2149 1922 2194 theo-

299 2224 530 2279 logorum
566 2222 927 2278 responderint;
965 2233 1064 2267 tum
1100 2223 1227 2268 enim
1261 2224 1437 2269 ibidem
1472 2224 1653 2281 aliquid
1687 2225 1733 2270 in
1766 2225 1923 2271 sacris

299 2301 611 2356 praelegere,
638 2299 907 2345 secundum
932 2300 1061 2357 quod
1086 2300 1132 2345 in
1158 2300 1370 2346 Domino
1389 2301 1650 2355 uidebitur,
1674 2311 1920 2359 poterunt,

301 2392 438 2422 more
462 2375 605 2421 huius
624 2376 977 2422 vniuersitatis.

346 2525 365 2545 a
415 2525 699 2572 apparitorem.
723 2523 775 2560 In
799 2524 950 2560 Clzron.
973 2528 1121 2560 antem
1148 2535 1295 2561 vocem
1325 2525 1531 2561 bedellum
1551 2525 1774 2563 Polancus
1800 2527 1923 2564 adhi-

300 2585 404 2622 buit.
459 2584 524 2610 —b
544 2583 694 2629 aliquid
713 2583 1048 2628 reprehendendi.

349 2735 358 2753 ¹
406 2733 584 2780 Joannes
611 2731 865 2778 Gropperus,
900 2732 1130 2768 scholarcus
1160 2732 1271 2768 aedis
1302 2731 1345 2769 S.
1379 2731 1592 2769 Gereonis.
1627 2733 1691 2770 De
1722 2746 1799 2780 quo
1831 2734 1924 2771 dicit

301 2792 460 2835 EUBEL,
498 2791 807 2828 Hierarclzicz...
845 2790 911 2832 HI.
948 2791 1011 2835 38,
1045 2797 1225 2828 creatum
1262 2792 1382 2828 fuisse
1417 2792 1664 2829 cardinalem
1703 2793 1745 2829 13
1774 2793 1922 2840 janua-

301 2852 349 2888 rii
371 2850 472 2896 1556,
500 2851 569 2887 sed
597 2850 835 2896 dignitatem
862 2863 988 2896 usque
1016 2851 1065 2887 ad
1092 2855 1261 2887 mortem
1286 2851 1552 2894 recusavisse;
1582 2864 1753 2899 eumque
1778 2852 1923 2889 obiisse

300 2912 341 2948 in
359 2911 471 2947 curia
489 2923 655 2947 romana
676 2910 719 2945 13
740 2909 875 2946 Martii
898 2910 998 2947 1559.

349 2971 362 2991 ‘2
412 2970 621 3007 Gerardus
652 2969 871 3006 Hammont
902 2969 1258 3014 (Kalckbrenner).
1292 2969 1524 3015 POLANCUS,
1554 2972 1627 3007 loc.
1658 2971 1722 3007 cit.
1753 2970 1805 3012 V,
1839 2970 1919 3008 288.

301 3030 435 3078 Hujus
458 3028 658 3076 praeclari
677 3028 752 3064 viri
771 3028 949 3075 elogium
970 3029 1095 3065 videri
1114 3034 1244 3075 potest
1262 3029 1367 3075 apud
1386 3029 1651 3072 LEVASSEUR,
1673 3029 1922 3075 Eplzemerz'-

302 3089 378 3126 des
396 3088 566 3125 ordinis
585 3089 880 3131 cartusiensis,
902 3088 969 3132 III,
990 3089 1013 3125 5
1031 3101 1115 3135 sqq.
1139 3131 1142 3135 ⁴
