1900 3380
487 262 798 299 IIS—Pninsiis
832 263 845 297 i
875 264 1118 299 Μιςειῑλωκιε,
1148 263 1236 297 ].’”»,“)7
1560 264 1629 299 449

46 359 209 408 addat:
237 358 316 413 qui
341 357 378 402 si
405 373 527 413 quos
552 358 595 401 in
623 357 725 402 vita
749 358 962 402 maxime
993 360 1284 413 tranquillos⁴
1308 360 1562 415 dimiserit,
1589 376 1675 405 eos·

45 437 89 482 in
115 446 340 481 extremo
364 435 536 490 spiritu
564 435 629 479 ita
665 435 874 480 munitus
900 435 1117 489 inuadat,
1146 448 1197 480 vt
1232 454 1402 481 eorum
1431 438 1675 482 mentibus

45 512 308 558 maximam
335 512 597 566 caliginem
617 511 859 563 offundat,
890 512 978 556 Dei
1011 512 1343 567 cognitionem
1372 515 1572 570 eiusque
1598 531 1672 559 sa-

43 598 409 634 cramentorum
455 589 917 644 consequendorum
961 604 1184 633 amorem
1229 605 1421 634 omnem
1472 591 1671 636 adimat.

43 665 233 731 Verum
262 676 311 709 vt
339 665 513 709 nemini
541 665 693 717 Deus,
718 665 978 721 presertim
1001 665 1067 710 ita
1090 666 1352 719 laboranti,
1376 667 1547 711 deesse
1570 679 1671 723 pot—

42 751 130 798 est,
153 757 246 785 non
272 741 397 785 adeo
423 757 577 797 vsque
602 741 677 785 vis
703 741 829 786 illius
853 751 1026 798 potens
1051 752 1124 786 est
1150 743 1261 798 quin
1290 743 1478 798 piorum
1515 745 1670 799 preci-

41 820 130 864 bus
161 818 371 869 retundi,
399 819 443 862 in
471 818 718 874 ipsiusque
755 819 990 864 maiorem
1029 819 1294 875 perniciem
1335 830 1382 864 et
1418 820 1666 865 miseriam

42 896 279 945 conuerti,
322 904 469 951 atque
509 896 577 940 ita
616 894 861 940 foeliciter
897 896 1147 951 egrotanti
1188 897 1458 941 succedere
1499 898 1666 953 possit.

41 973 170 1018 Idem
194 972 340 1017 etiam
367 982 440 1017 est
465 972 920 1028 promouendorum
945 972 1007 1017 ad
1033 973 1268 1029 pietatem
1287 974 1539 1019 hominum
1561 976 1669 1020 reli-

40 1066 245 1107 quorum
282 1050 511 1103 studium,
550 1050 928 1106 perseuerantia
963 1050 1137 1095 eadem
1171 1050 1427 1095 audiendis
1462 1052 1670 1097 diuersis

39 1128 82 1173 in
108 1127 226 1172 locis
261 1126 666 1177 confessionibus;
697 1135 1040 1172 verumtamen
1078 1137 1129 1171 vt
1165 1127 1419 1172 dominicis
1454 1144 1513 1173 ac
1547 1130 1668 1174 sole-

39 1204 226 1249 mnibus
247 1204 419 1248 diebus
439 1204 649 1248 adeundi
675 1203 736 1248 D.
760 1202 998 1249 Germani
1023 1204 1174 1249 aedes
1198 1204 1394 1249 solitum
1420 1220 1669 1261 nunquam

38 1281 421 1327 intermittamus
446 1297 636 1326 morem
663 1282 690 1325 ¹.
730 1281 781 1325 In
814 1281 989 1337 quibus
1014 1281 1120 1337 pari
1155 1281 1411 1338 diligentia
1436 1291 1668 1327 externo-

0 1408 1 1423 ]
38 1375 145 1405 rum
170 1359 282 1403 illuc
307 1358 645 1403 aduentatium
669 1359 1003 1403 conscientiae
1035 1358 1372 1413 excutiuntur,
1412 1368 1521 1414 post
1546 1376 1670 1404 vero

39 1452 234 1482 sacrum
260 1437 516 1481 nobiscum
541 1436 605 1481 illi
631 1437 823 1492 quidem
850 1437 911 1481 ad
946 1451 1144 1481 sacram
1182 1437 1406 1492 synaxim
1443 1453 1667 1482 accessu-

37 1512 91 1559 ri.
127 1514 292 1570 Atque
332 1514 421 1558 hec
466 1529 593 1569 quae
632 1529 661 1557 a
702 1513 852 1558 Patre
896 1523 1068 1558 nostro
1113 1523 1416 1558 exercentur
1461 1515 1670 1559 dicenda

37 1590 248 1636 fuerunt.

94 1668 135 1713 2.
201 1668 278 1713 De
302 1668 443 1713 nobis
469 1683 590 1713 vero
622 1668 853 1724 quoniam
887 1668 1102 1713 nondum
1137 1669 1228 1713 iste
1262 1678 1373 1713 sunt
1408 1669 1670 1725 impositae

37 1755 202 1803 partes
227 1747 431 1803 (magna
456 1746 693 1803 siquidem
719 1746 879 1791 adhuc
905 1762 1012 1791 cum
1039 1747 1286 1802 libertate,
1309 1746 1483 1791 alienis
1502 1756 1669 1792 tamen

37 1823 296 1876 beneficiis,
315 1824 592 1869 litterarum
609 1823 769 1869 studia
787 1824 1112 1880 capessimus)
1124 1826 1267 1880 plura
1284 1823 1478 1869 referre
1493 1825 1668 1869 habeo.

39 1899 249 1957 Quidam
280 1901 507 1946 nimirum
537 1912 761 1946 nostrum
797 1901 1019 1957 publicas
1054 1901 1143 1947 sibi
1180 1901 1417 1947 lectiones
1450 1918 1668 1958 sumpse-

37 1990 161 2035 runt,
189 1978 267 2035 qui
293 1990 473 2024 exacta
493 1979 805 2035 decursaque
830 1979 1115 2024 Aristotelis
1141 1979 1467 2037 philosophia,
1505 1995 1557 2025 se
1591 1996 1667 2025 sa-

38 2055 137 2101 cius
161 2055 443 2112 theologiae
468 2056 716 2112 mysteriis
740 2057 1041 2102 excolendos
1065 2066 1113 2102 et
1139 2057 1431 2102 imbuendos
1454 2058 1665 2103 tradide-

28 2148 105 2177 re.
143 2132 344 2178 Caeteri
369 2133 743 2179 humanioribus
769 2134 930 2178 adhuc
962 2134 1138 2179 litteris
1173 2150 1378 2190 operam
1403 2144 1663 2191 nauantes‚

36 2210 212 2266 partim
243 2211 530 2256 Aristotelis
568 2211 795 2256 doctrina
829 2211 1153 2265 instruuntur,
1192 2212 1371 2268 partim
1409 2211 1668 2257 Ciceronis

0 2327 1 2330 ,
36 2286 266 2333 facundia
290 2287 645 2344 perpoliuntur.
673 2288 817 2345 Quae
841 2289 910 2334 sic
945 2298 1273 2345 exequuntur,
1303 2299 1354 2335 vt
1388 2289 1666 2335 obedientie

0 2415 2 2419 y
37 2373 199 2410 tamen
222 2365 305 2411 illa
329 2365 521 2422 quidem
546 2366 710 2411 omnia
734 2365 928 2420 cedant,
956 2382 1017 2411 ac
1042 2367 1145 2412 eius
1171 2366 1489 2423 praestande‚
1517 2376 1665 2422 prout

0 2460 1 2473 ³
36 2441 206 2499 cuique
229 2442 509 2499 impositum
533 2452 624 2498 est,
648 2443 901 2499 potissima
920 2443 1165 2489 habeatur
1188 2443 1331 2488 ratio.
1353 2443 1392 2487 A
1403 2452 1517 2499 tque
1536 2443 1661 2488 haec

37 2517 146 2564 dum
176 2518 311 2576 fiunt,
339 2519 775 2565 exercitationibus
809 2520 872 2564 ad
909 2520 1062 2565 vitam
1098 2520 1330 2576 religiose
1365 2534 1660 2576 componen-

0 2627 5 2640 „
39 2596 146 2642 dam
181 2612 369 2653 nosque
407 2606 539 2642 totos
578 2597 887 2642 obedientiae
927 2597 1256 2642 subiiciendos
1295 2607 1344 2642 et
1377 2597 1440 2641 ad
1478 2597 1664 2653 optime

36 2673 323 2731 cuiusquam
348 2674 634 2731 disciplinae
668 2674 884 2719 fructum
910 2674 1051 2719 nobis
1074 2673 1485 2731 comparandum,
1512 2673 1664 2719 neuti-

0 2761 2 2763 ’
37 2765 181 2807 quam
214 2752 460 2797 desumus.
488 2751 577 2797 Illa
600 2761 767 2797 tamen
802 2751 999 2808 exigue,
1026 2750 1124 2795 imo
1158 2750 1336 2795 nullius
1361 2765 1514 2807 prope
1541 2750 1665 2795 vtili-

84 2961 93 2980 ¹
143 2960 187 2997 In
206 2961 306 2997 aede
326 2959 401 2998 Sti.
423 2959 621 2998 Germani
640 2961 837 2997 sacellum
864 2960 1011 2996 nostris
1038 2959 1088 2995 ad
1115 2971 1274 2995 sacrum
1305 2957 1596 2995 celebrandum
1624 2964 1665 2996 et

36 3025 286 3056 sacramenta
317 3020 582 3057 ministranda
616 3033 640 3056 a
669 3019 714 3056 P.
747 3019 889 3056 Priore
924 3018 1272 3056 benedictinorum
1309 3023 1369 3054 est
1402 3018 1661 3056 destinatum.

36 3076 307 3124 Fonomsnmz,
329 3079 524 3116 Histoire
541 3079 596 3116 de
614 3079 656 3116 la
680 3078 943 3125 Compagm·e
961 3077 1016 3114 de
1027 3077 1163 3123 sagus
1178 3087 1229 3113 en
1246 3076 1427 3122 Frauce,
1443 3076 1474 3122 Ι,
1494 3077 1660 3114 158-159.

177 3160 342 3189 LITTERAE
363 3161 659 3195 QUADMMESTRES.
683 3161 772 3188 ΤΟΜ.
795 3160 831 3188 V.
1486 3160 1521 3187 29
