1909 3328
237 276 306 312 394
705 277 924 314 LITTERAE
952 278 1304 324 QUADfflMES‘rREs

191 371 280 416 teri
317 381 480 417 autem
517 383 628 419 erat
662 374 970 419 utilissimum
1005 388 1051 419 et
1088 375 1176 420 fuit
1210 375 1564 420 necessarium.
1592 375 1666 421 Vt
1690 376 1818 421 enim

188 464 281 493 non
310 465 694 496 commemorem
730 467 805 507 ea,
834 468 959 508 quae
991 452 1115 497 alias
1149 468 1177 497 a
1213 468 1290 497 me
1324 452 1509 509 scripta
1544 464 1675 509 puto,
1704 463 1818 499 ante

186 535 471 572 nostrorum
495 528 683 574 scilicet
703 530 954 581 lectiones,
977 530 1191 574 studium
1213 530 1548 586 theologicum
1572 531 1649 576 hic
1675 532 1817 588 plane

188 603 414 660 iacuisse,
445 606 760 661 professores
795 608 953 651 nullos
989 606 1235 663 habuisse,
1263 607 1347 652 uix
1378 608 1501 653 ullas
1532 608 1817 665 disputatio-

188 697 288 737 nes,
317 693 504 738 paucos
529 684 876 738 bacalaureos,
905 684 1229 741 paucissimos
1254 684 1396 730 huius
1431 687 1553 731 artis
1577 702 1696 732 uere
1721 695 1817 731 stu-

187 758 367 811 diosos;
396 776 504 804 cum
531 770 696 806 tamen
733 762 878 806 modo
913 762 1034 807 duos
1070 762 1251 807 habeat
1285 762 1597 818 professores
1623 764 1816 809 ordina-

188 835 303 891 rios,
342 836 699 892 disputationes
736 838 1167 895 hebdomadarias,
1197 849 1245 884 et
1268 840 1551 885 innumeros
1585 857 1708 897 pene
1744 843 1817 887 sui

186 913 494 959 candidatos:
527 924 592 968 vt,
620 914 833 971 inquam,
862 916 985 960 haec
1016 932 1112 961 non
1138 932 1542 974 commemorem,
1570 927 1672 963 tam
1699 919 1816 964 mul-

186 990 219 1035 ti
244 990 336 1035 hoc
361 1006 489 1036 anno
516 992 578 1036 ad
604 992 1017 1038 bacalaureatum
1045 994 1087 1038 in
1114 993 1207 1038 hac
1237 993 1476 1040 facultate
1511 995 1813 1053 aspirat-unt,

187 1077 237 1113 ut
268 1068 438 1124 paucis
472 1069 722 1115 mensibus
757 1070 883 1116 duae
917 1071 1348 1127 praesentationes
1383 1072 1581 1118 habitae
1615 1072 1814 1126 fuerint,

188 1146 327 1191 breui
352 1146 582 1192 fortassis
606 1146 774 1193 futura
799 1148 961 1194 tertia.

243 1223 285 1268 4.
354 1223 498 1269 Hanc
533 1224 795 1270 Vtilitatem
830 1227 1141 1282 protulerunt
1182 1227 1495 1284 theologicae
1532 1238 1815 1274 nostrorum

188 1301 439 1347 lectiones:
478 1302 783 1348 domesticae
824 1319 944 1348 uero
985 1304 1131 1361 longe
1171 1304 1472 1362 uberiorem,
1513 1316 1562 1350 vt
1603 1307 1815 1352 crebrae

187 1379 452 1425 ostendunt
485 1389 809 1436 peccatorum
850 1381 1205 1437 confessioneS,
1249 1391 1297 1428 et
1335 1392 1694 1428 sacrosanctae
1734 1400 1813 1429 eu-

183 1456 454 1502 charistiae
478 1457 800 1515 sumptiones,
827 1459 1112 1515 quotidiana
1137 1459 1317 1505 missae
1341 1460 1544 1518 auditio,
1571 1476 1630 1506 ac
1666 1462 1813 1507 incul-

186 1543 304 1590 pata
329 1534 682 1591 discipulorum
718 1535 818 1581 uita
853 1545 901 1581 et
934 1536 1182 1593 purissimi
1218 1553 1397 1591 mores,
1426 1537 1489 1583 ob
1513 1554 1635 1594 quos
1660 1555 1690 1584 a
1714 1539 1813 1595 plu-

186 1611 323 1657 rimis
346 1628 440 1657 non
466 1628 641 1669 parum
666 1614 1093 1671 commendantur,
1124 1623 1175 1660 vt
1199 1614 1544 1661 demonstrant
1567 1615 1714 1661 etiam
1734 1617 1813 1661 do-

184 1700 295 1734 ctae
319 1689 538 1745 ipsorum
565 1690 936 1748 disputationes,
964 1700 1012 1737 et
1036 1691 1145 1747 piae
1181 1703 1327 1749 atquc
1361 1693 1618 1749 elegantes
1653 1693 1811 1739 decla-

182 1767 441 1824 mationeS,
469 1776 516 1812 et
540 1767 776 1824 frequens
795 1768 1061 1814 admodum
1082 1769 1435 1826 discipulorum
1456 1786 1707 1826 numerus,
1736 1773 1814 1828 qui

182 1844 278 1890 iam
306 1845 434 1890 ultra
454 1844 859 1891 ducentenarium
881 1846 1028 1903 longe
1048 1847 1287 1893 excreuit.
1310 1847 1362 1892 In
1383 1848 1475 1892 boc
1493 1856 1605 1893 sunt
1625 1848 1814 1894 nobiles

181 1931 229 1967 et
255 1938 470 1980 magnae
495 1923 596 1979 spei
621 1923 962 1969 adolescentes
993 1923 1203 1980 plurimi,
1241 1925 1318 1981 qui
1353 1925 1619 1981 aliquando
1654 1925 1732 1971 uel
1767 1926 1812 1971 in

181 1998 450 2058 Societate,
480 2001 556 2045 uel
580 2001 626 2046 in
651 2010 827 2046 senatu
853 2002 931 2046 uel
955 2002 1193 2047 concione
1215 2001 1493 2047 Ecclesiam
1516 2001 1624 2059 Dei,
1647 2019 1810 2061 spero,

180 2076 436 2124 iuuabunt.
474 2078 749 2124 Declarant
783 2079 991 2135 denique
1027 2079 1233 2136 idipsum
1264 2079 1346 2137 illi,
1380 2080 1459 2136 qui
1494 2080 1556 2125 ad
1591 2079 1803 2126 Societa-

180 2163 278 2201 tem
313 2155 505 2201 admitti
540 2155 684 2201 auide
719 2166 973 2214 expetunt3
1006 2166 1054 2202 et
1088 2157 1133 2202 hi
1167 2173 1378 2214 quoque,
1403 2159 1483 2215 qui
1519 2174 1635 2205 suos
1672 2158 1808 2215 filios,

180 2242 266 2278 aut
290 2233 587 2279 erudiendos
617 2234 758 2280 nobis
793 2234 1012 2292 tradunt,
1040 2244 1126 2280 aut
1152 2251 1353 2281 mensae
1378 2235 1528 2282 etiam
1553 2237 1812 2283 adiunctos

179 2311 367 2357 uolunt.
404 2311 467 2356 Hi
502 2311 691 2357 faciunt
726 2321 778 2357 ut
813 2312 1076 2369 collegium
1118 2313 1245 2370 quod
1281 2322 1396 2359 ante
1431 2314 1647 2371 amplum
1683 2323 1807 2371 crat,

179 2404 306 2433 nunc
330 2400 595 2446 angustum
631 2404 740 2435 esse
775 2389 1017 2440 uideatur.
1043 2388 1167 2435 Cum
1203 2390 1329 2435 enim
1363 2389 1630 2437 Societatis
1660 2392 1811 2437 simus

181 2466 370 2524 uiginti,
397 2475 446 2512 et
469 2466 542 2512 his
565 2466 702 2511 multi
738 2465 954 2523 quotidie
987 2467 1304 2513 conuictores
1339 2466 1598 2525 accedant,
1626 2468 1809 2526 exigua

180 2542 356 2588 domus
380 2543 576 2589 minime
599 2542 797 2589 sufficit.
825 2542 924 2589 Sed
951 2544 1029 2589 ubi
1054 2545 1180 2590 adeo
1203 2543 1510 2602 multiplicati
1535 2545 1735 2603 erimus,
1758 2555 1810 2592 vt

179 2620 272 2666 hoc
296 2621 561 2678 collegium
585 2635 675 2666 nos
699 2636 795 2666 non
820 2621 1002 2678 capiat,
1031 2621 1362 2679 amplissimus
1390 2631 1562 2668 noster
1585 2632 1804 2681 senatus,

179 2713 323 2753 quem
368 2698 677 2744 orationibus
717 2698 951 2756 omnium,
999 2707 1237 2757 tanquam
1276 2709 1500 2746 nostrum
1546 2700 1807 2747 Maecena—

179 2783 292 2830 tem,
319 2777 718 2821 commendatum
751 2775 990 2832 cupimus,
1018 2776 1166 2822 aliam
1192 2777 1389 2822 domum
1412 2776 1688 2834 adiungere
1711 2794 1808 2824 non

179 2853 491 2910 grauabitur3
519 2862 653 2898 amat
677 2853 804 2899 enirn
838 2869 927 2898 nos
962 2864 1007 2899 et
1038 2855 1370 2912 amplectitur,
1397 2855 1618 2912 exceptis
1642 2865 1806 2901 tamen

179 2929 488 2985 quibusdam.
517 2930 711 2976 Verum
736 2931 819 2989 illi,
844 2941 895 2976 ut
918 2930 1156 2977 haeretici
1180 2942 1564 2990 consueuerunt,
1592 2949 1687 2978 non
1719 2948 1807 2979 nos

179 3014 370 3051 tantum
415 3023 509 3052 non
554 3017 740 3065 amant,
787 3007 874 3054 sed
916 3008 1190 3054 catholicos
1233 3020 1406 3055 omnes
1450 3009 1561 3055 odio
1605 3010 1803 3067 habent,

186 3085 401 3130 maxime
426 3100 527 3142 eos,
555 3086 633 3142 qui
669 3086 889 3142 ipsorum
923 3086 1092 3144 prauis
1133 3087 1391 3134 conatibus
1425 3087 1706 3145 diligentius
1729 3088 1809 3133 ob-

1878 2751 1909 3056 ‘'2:312''‘2‘231‘51-552t‘r
1877 2658 1905 2731 ὅθ’·
1887 2540 1909 2596 ¹5⁴-ss
1890 2470 1909 2508 :st
1885 2410 1909 2447 23,
1891 2368 1898 2386 ..

1876 3070 1909 3266 :saa-:sont

1868 3278 1907 3328 ἱερε-
