1910 3380
522 243 906 280 30.—1NGOLSTAD10
931 245 954 280 9
981 244 1140 281 MARTII
1172 246 1260 281 1557
1599 250 1659 284 131

861 479 936 530 30

435 604 487 648 P.
527 603 951 650 THEODORUS
987 605 1351 652 PELTANUS

565 721 838 748 INGOLsrAmo
863 712 886 746 9
912 723 1055 748 MARTII
1086 713 1176 749 1557
1204 715 1226 749 ¹.

81 807 154 841 1-4.
189 805 251 842 De
265 806 454 851 publicis
472 818 522 843 (lc
539 809 728 852 privatis
746 808 1106 845 sclzolasticormn
1127 813 1375 846 nostrormn
1396 813 1709 849 exercitationi-

153 865 454 911 bus—Opinio
475 866 585 903 bona
605 878 657 903 ac
675 869 822 903 (zizimi
843 867 1031 913 affectus
1057 880 1157 913 erga
1188 869 1443 906 Societatem
1476 874 1516 906 et
1542 882 1609 908 eos
1635 874 1715 918 qni

151 925 385 971 theologica
412 926 562 962 simlia
591 927 752 969 colunt,
779 929 824 963 in
854 927 946 963 dies
973 929 1265 973 angeium—5.
1303 929 1518 974 Cauisius,
1550 932 1711 968 laboris

151 984 388 1027 studiosus,
411 997 495 1022 non
515 987 659 1023 solum
678 988 723 1023 in
745 989 931 1024 comitiis
950 989 1042 1033 ipse
1061 988 1322 1033 indefessus,
1342 990 1420 1026 sed
1439 993 1479 1026 et
1496 994 1710 1028 nostrates

150 1046 507 1090 occupatissimos
532 1048 577 1082 in
604 1046 766 1083 studiis
793 1050 832 1083 ei
858 1048 1136 1084 concionibus
1163 1059 1253 1085 esse
1279 1049 1507 1086 carah-6.
1539 1051 1710 1088 Schola-

149 1115 248 1140 mmz
268 1105 687 1150 izostmmtmselices
705 1117 942 1143 successus.
967 1107 1019 1141 ἶ7
1039 1106 1074 1143 8.
1103 1107 1325 1144 Ρνιήῑανῑϊ
1343 1108 1607 1146 Gemzzcmiae
1625 1112 1712 1147 viri

151 1163 373 1200 Societatis
392 1165 721 1202 studiosissimi.
754 1165 814 1201 -9,
841 1166 1056 1209 Αῖίονιωη,
1079 1178 1130 1203 ac
1150 1170 1416 1204 nominatim
1436 1171 1627 1215 episcopi
1650 1172 1711 1207 la-

147 1223 355 1265 bacensis,
377 1235 479 1269 erga
501 1225 757 1262 Societatem
777 1228 1027 1263 amon—10.
1049 1227 1201 1274 Aliqui
1217 1229 1325 1264 socii
1340 1229 1540 1274 Pragam
1570 1232 1712 1271 missi:

149 1283 230 1319 aliz·
246 1283 351 1320 inde
371 1286 548 1321 reversi.

142 1379 178 1424 1.
231 1382 258 1429 †
282 1379 388 1424 Pax
405 1378 607 1435 Christi,
629 1391 721 1426 etc.
745 1381 971 1438 Frugum
993 1383 1347 1439 quadrimestri
1368 1384 1459 1429 hoc
1476 1395 1589 1429 acto
1613 1387 1708 1431 col-

83 1457 320 1502 lectarum
347 1457 587 1502 rationem
618 1459 872 1511 reddituri,
903 1460 1027 1506 Rde.
1056 1461 1101 1506 in
1128 1460 1280 1506 Chro.
1310 1461 1476 1517 Pater,
1506 1478 1596 1519 pro
1624 1463 1706 1507 mi-

81 1535 209 1579 nimo
233 1545 381 1591 atque
405 1536 530 1581 adeo
555 1552 644 1592 pro
665 1538 812 1591 nuIIO,
841 1540 1107 1595 praecipue
1131 1540 1169 1584 si
1195 1541 1374 1585 uberes
1398 1540 1507 1585 illas
1531 1550 1579 1585 et
1603 1540 1702 1586 foe-

82 1611 266 1656 cundas
289 1612 497 1658 aliorum
524 1614 850 1671 collegiorum
882 1632 1067 1661 messes
1102 1627 1398 1672 spectemus
1436 1618 1564 1674 quod
1589 1619 1708 1663 alla-

83 1690 177 1734 turi
202 1705 368 1735 sumus
392 1690 666 1736 ducendum
693 1692 939 1746 existimo;
977 1703 1028 1738 at
1052 1694 1090 1738 si
1127 1694 1215 1739 soli
1240 1694 1287 1738 in
1322 1710 1417 1751 quo
1443 1710 1706 1740 uersamur

13 1824 15 1828 ,
82 1766 406 1823 sterilitatem,
428 1767 657 1814 fortassis
677 1770 894 1815 nonnihil
919 1771 1101 1816 horreo
1123 1770 1307 1817 Christi
1327 1773 1552 1818 attulisse
1576 1773 1707 1817 uide-

81 1844 255 1890 bimur.
283 1845 449 1901 Atque
473 1855 524 1890 ut
544 1846 658 1891 illud
683 1848 936 1903 paululum
972 1848 1280 1904 paucissimis
1303 1850 1347 1894 in
1374 1849 1426 1894 P.
1454 1849 1519 1894 V.
1547 1850 1706 1895 sinum

19 1983 22 1986 ἢ
81 1936 401 1978 exponamus,
428 1923 629 1968 noueris
648 1923 826 1969 Patres
850 1934 899 1969 et
923 1925 1108 1971 fratres
1133 1942 1319 1980 omnes,
1349 1937 1587 1983 quotquot
1621 1937 1706 1972 aut

78 1997 239 2044 Roma
263 1999 395 2045 missi
413 2001 508 2045 huc
526 2016 725 2058 uenere,
748 2012 834 2047 aut
853 2002 1049 2048 aliunde
1069 2004 1113 2048 in
1135 2001 1388 2049 Societate
1407 2005 1605 2050 nomina
1624 2005 1705 2049 da-

60 2070 175 2120 'turi
199 2091 476 2133 accessere,
503 2079 779 2134 peroptime
803 2080 989 2130 ualere,
1018 2095 1302 2138 omnesque,
1329 2082 1434 2126 solo
1470 2082 1550 2137 qui
1584 2082 1707 2127 haec

82 2152 230 2199 dictat
249 2155 461 2210 dempto,
484 2154 719 2201 mirificos
738 2166 785 2201 et
804 2157 1004 2213 spiritus
1028 2167 1076 2203 et
1096 2158 1351 2203 literarum
1370 2174 1465 2204 non
1486 2169 1587 2204 tam
1607 2159 1705 2215 pol-

82 2229 230 2285 liceri,
257 2247 404 2289 quam
428 2233 524 2278 iam
548 2249 678 2279 nunc
702 2234 851 2280 etiam
877 2234 1067 2280 fructus
1092 2235 1308 2281 adferre.

138 2306 179 2353 2.
246 2308 310 2355 Et
349 2325 630 2366 quanquam
664 2310 851 2356 fratres
886 2322 1090 2368 praeter
1123 2328 1326 2370 paucos,
1364 2329 1486 2370 quos
1519 2314 1702 2358 theolo-

81 2384 191 2441 giae
215 2386 502 2444 mancipare
520 2387 721 2445 placuit,
749 2389 957 2445 publicis
982 2390 1273 2435 lectionibus
1296 2391 1440 2435 nullis
1459 2390 1701 2445 intersint,

81 2476 174 2506 non
207 2472 370 2508 tamen
411 2464 511 2509 ulla
550 2465 814 2511 lectionum
854 2467 1221 2523 commoditate,
1270 2467 1705 2524 opportunitateue

81 2538 401 2597 frustrantur,
423 2543 627 2588 audiunt
660 2544 789 2588 enim
813 2544 944 2590 intra
968 2544 1193 2600 priuatos
1217 2545 1433 2602 parietes
1458 2559 1703 2600 quaecun-

82 2631 173 2672 que
195 2617 241 2663 in
261 2619 517 2665 academia
541 2621 713 2665 audire
739 2620 1068 2678 contingeret.
1094 2621 1256 2667 Porro
1280 2637 1339 2667 ex
1365 2621 1438 2666 his
1462 2621 1542 2677 qui
1573 2621 1705 2666 domi

81 2706 393 2749 exercentur,
430 2697 578 2755 aliqui
617 2707 717 2743 tam
751 2699 1012 2745 commode
1035 2698 1082 2744 in
1107 2715 1290 2756 magno
1325 2699 1703 2754 praeclarorum

129 2869 137 2888 ¹
189 2868 250 2905 Ex
267 2870 517 2917 autographo
536 2871 577 2907 in
594 2871 730 2908 codice
752 2871 892 2909 Germ.
914 2871 1007 2916 185,
1027 2871 1050 2908 2
1068 2871 1126 2911 ff..
1147 2884 1212 2907 nn.
1241 2870 1298 2915 53,
1328 2871 1387 2913 54;
1416 2871 1526 2918 prius
1559 2871 1589 2914 l,
1606 2870 1638 2913 2,
1665 2871 1700 2908 3·

81 2925 284 2966 Nonnulla
303 2943 326 2966 a
344 2929 522 2967 Polanco
539 2931 755 2968 emendata
772 2932 812 2968 in
837 2932 1163 2968 annotationibus
1186 2931 1459 2977 invenientur;
1488 2932 1624 2968 deleta
1650 2931 1702 2969 ab

33 3004 36 3008 ’
81 2987 179 3035 ipso,
204 2995 247 3026 ut
271 2990 384 3032 alias,
413 2991 560 3027 litteris
585 2991 731 3028 italicis
757 2992 798 3028 in
828 2997 940 3028 textu
971 2997 1169 3028 notamus.
1204 2991 1332 3028 Aliud
1363 2993 1593 3039 exemplum
1612 2997 1702 3039 post

82 3049 384 3087 emendationes
404 3051 648 3098 exscriptum
667 3056 798 3089 exstat
816 3052 857 3088 in
876 3052 917 3090 ff.
938 3051 1059 3088 51-52.
