1909 3328
280 267 349 303 424
745 267 967 304 LITTERAE
995 267 1349 311 QUADRIMESTRES

235 372 387 413 amat,
416 372 466 407 ut
493 377 646 417 nuper
671 362 716 406 in
740 372 855 407 actu
889 361 1083 418 publico
1119 358 1331 404 suadens
1365 357 1761 403 adolescentibus
1796 357 1859 402 di-

235 440 447 496 ligenter
472 439 949 495 circumspiciendum
969 453 1090 494 quos
1109 436 1199 481 sibi
1219 436 1461 492 eligerent
1484 443 1853 491 praeceptores,

237 532 321 561 eos
347 517 524 562 dixerit
548 516 803 572 eligendos
838 516 916 572 qui
951 515 1183 571 pietatem
1218 528 1329 558 cum
1364 511 1639 557 eruditione
1663 510 1859 556 coniun-

238 603 377 650 gunt,
405 593 591 649 quales,
618 592 822 648 addens,
849 592 1036 648 pridem
1064 591 1158 635 huc
1189 589 1383 634 uenisse
1407 588 1526 645 sciO,
1553 587 1634 644 qui
1657 602 1753 632 non
1778 587 1860 632 mi-

238 670 344 715 nori
369 685 491 715 cura
514 669 607 714 hoc
631 678 803 726 agunt,
832 680 882 714 vt
907 667 1125 723 discipuli
1151 665 1263 712 boni
1288 665 1384 710 sint
1408 673 1555 721 atque
1579 672 1631 709 ut
1654 663 1799 708 docti.

302 749 344 791 ⁴²5.
414 746 495 791 Ad
527 746 651 790 haec
684 754 884 791 senatus
920 745 1021 801 ipse
1056 742 1258 788 maioris
1292 742 1338 787 in
1373 741 1477 786 dies
1510 756 1600 786 nos
1633 739 1769 785 facit.
1797 739 1867 785 Illi

242 823 389 869 etiam
415 824 495 879 qui
519 822 732 879 suspecti
757 822 1019 868 admodum
1054 829 1164 865 sunt
1197 820 1482 875 haereseos,
1508 826 1648 864 tanto
1671 832 1759 862 nos
1784 817 1866 862 ho—

240 916 360 946 nore
385 900 623 954 afficiunt,
651 908 704 944 vt
740 899 977 944 miremur
1014 897 1293 955 plurimum.
1323 895 1427 941 Imo
1461 903 1662 940 senatus
1693 894 1790 939 iam
1821 893 1866 938 in

240 977 295 1022 iis
319 993 445 1033 quae
470 977 531 1022 ad
555 976 932 1022 uniuersitatem
968 974 1229 1031 pertinent,
1260 981 1433 1018 nostro
1468 971 1535 1017 uti
1571 971 1732 1028 coepit
1756 986 1867 1016 con-

241 1055 363 1101 silio.
393 1054 456 1099 Et
486 1055 599 1099 licet
634 1054 679 1099 id
713 1054 866 1099 semel
902 1062 1093 1098 tantum
1118 1051 1305 1096 factum
1339 1050 1418 1107 sit,
1454 1063 1688 1106 magnum
1722 1048 1868 1105 quod-

244 1132 356 1177 dam
396 1142 561 1176 tamen
613 1139 730 1187 puto
771 1129 899 1187 quod
950 1128 1091 1174 nobis
1142 1136 1332 1173 tantum
1383 1125 1596 1172 confidit.
1645 1124 1870 1182 Denique

243 1225 412 1254 omnes
436 1208 511 1253 hie
536 1207 872 1253 icruentiores
900 1206 1032 1258 fiunt;
1055 1221 1169 1250 nam
1192 1220 1304 1249 cum
1329 1212 1477 1249 antea
1501 1202 1870 1248 examinatores

246 1301 363 1331 raro
388 1301 559 1330 omnes
593 1294 641 1330 et
678 1285 726 1330 in
761 1292 985 1340 tempore
1020 1282 1267 1338 adessent,
1294 1281 1339 1326 in
1363 1289 1616 1337 postremo
1641 1280 1734 1324 hoc
1757 1294 1869 1325 exa-

246 1362 373 1408 mine
399 1376 594 1417 semper
620 1376 792 1406 omnes
817 1369 864 1405 et
888 1375 918 1405 a
942 1357 1181 1416 principio
1216 1357 1278 1402 ad
1312 1357 1457 1402 finem
1482 1372 1636 1413 usque
1659 1358 1765 1401 fere
1790 1354 1869 1401 ad-

247 1440 461 1485 fuerunt.
505 1438 631 1484 Cum
672 1447 787 1483 ante
827 1438 871 1482 in
913 1435 1219 1494 imperfectis
1250 1434 1458 1489 actibus,
1495 1432 1692 1491 quando
1726 1434 1869 1479 baca-

245 1516 402 1562 laurei
428 1516 530 1562 sine
555 1515 804 1572 magistris
838 1513 1278 1571 promouebantur,
1315 1511 1459 1568 pauci
1489 1521 1868 1567 praeceptorum

246 1594 421 1639 adesse
455 1591 818 1648 consueuerint3
846 1591 938 1636 hoc
962 1599 1199 1635 autumno
1225 1588 1480 1634 affuerunt
1503 1587 1872 1633 examinatores

247 1686 433 1716 omnes.
458 1669 601 1725 Quae
627 1668 833 1714 mutatio
858 1668 903 1713 in
926 1667 1164 1712 facultate
1184 1665 1468 1722 theologica
1492 1663 1627 1710 facta
1649 1663 1728 1720 sit,
1749 1662 1871 1709 alias

249 1747 536 1804 scripsimus
574 1748 605 1792 ¹.
641 1746 829 1803 Magna
863 1744 1011 1791 etiam
1047 1743 1202 1796 breui,
1243 1758 1407 1800 sperO,
1443 1741 1524 1788 fiet
1558 1742 1602 1787 in
1637 1740 1874 1787 facultate

249 1825 447 1871 artium.

306 1903 349 1948 O.
417 1903 464 1947 A
504 1911 678 1946 senatu
718 1900 791 1945 his
829 1899 1002 1945 diebus
1041 1898 1288 1956 quoddam
1328 1897 1513 1943 factum
1548 1905 1636 1953 est,
1670 1896 1873 1942 multum

250 1979 446 2037 quidem
471 1978 823 2034 desideratum,
851 1976 935 2022 sed
960 1975 1156 2021 minime
1175 1984 1506 2032 expectatum.
1529 1972 1743 2019 Senatus
1762 1988 1872 2018 con-

254 2057 435 2103 sultum
461 2055 519 2101 de
544 2054 809 2101 haereticis
828 2053 1130 2111 expellendis
1154 2052 1340 2098 factum
1366 2060 1456 2097 est.
1479 2051 1593 2096 Duo
1616 2058 1875 2096 senatores

257 2133 623 2180 haereticorum
658 2132 986 2189 inquisitores,
1014 2132 1091 2177 uel
1115 2131 1278 2188 potius
1310 2130 1603 2187 expulsores
1627 2126 1876 2174 constituti

252 2220 379 2257 sunt.
422 2210 486 2255 Hi
526 2225 635 2255 cum
675 2208 886 2255 inuentis
919 2224 1014 2253 non
1048 2208 1254 2253 multum
1288 2206 1552 2263 disputant,
1589 2204 1676 2251 sed
1710 2219 1874 2262 quam-

251 2302 459 2343 cumque
484 2285 762 2343 opinionem
786 2285 985 2341 habent,
1012 2293 1061 2330 et
1090 2283 1318 2340 quamuis
1351 2283 1533 2339 optime
1567 2298 1677 2328 eam
1712 2281 1873 2327 defen-

251 2365 371 2410 dere
396 2363 600 2421 possint,
629 2362 668 2408 si
693 2371 860 2408 tamen
881 2361 1034 2407 nostri
1054 2377 1150 2406 non
1169 2370 1298 2417 sunt,
1320 2359 1367 2405 id
1385 2369 1475 2417 est,
1497 2358 1743 2412 catholici,
1765 2374 1876 2404 con—

252 2443 456 2488 stituunt
491 2441 582 2486 illis
616 2451 810 2497 tempus
844 2439 975 2484 intra
1005 2439 1135 2495 quod
1159 2438 1356 2484 ciuitate
1380 2437 1641 2494 excedant,
1668 2435 1795 2494 quod
1829 2434 1874 2481 ni

256 2520 458 2575 saciant,
496 2519 542 2564 in
583 2518 783 2563 uincula
814 2500 1092 2562 coniiciunt.
1131 2515 1281 2561 Faxit
1315 2515 1452 2561 Deus
1486 2523 1537 2560 ut
1570 2515 1617 2560 id
1652 2514 1875 2560 foelicem

255 2612 508 2642 sucessum
548 2595 751 2641 habeat.
794 2594 938 2650 Quod
977 2594 1016 2639 si
1049 2593 1150 2650 fiat,
1190 2592 1398 2638 Colonia
1433 2608 1627 2649 semper
1665 2589 1878 2637 manebit

257 2674 409 2719 fidelis
434 2688 672 2718 romanae
698 2671 955 2717 Ecclesiae
980 2669 1092 2716 filia.

317 2751 382 2796 10.
450 2751 724 2796 Praeterea
748 2748 917 2794 uicinis
942 2748 1131 2805 populis
1157 2748 1395 2806 paulatim
1426 2747 1588 2804 magis
1621 2743 1877 2792 innotescit

255 2828 495 2885 Societas;
522 2828 567 2873 in
599 2826 836 2873 conuiuiis
865 2826 925 2871 de
958 2841 1018 2871 ea
1047 2825 1329 2882 loquuntur,
1367 2840 1492 2870 unus
1526 2824 1713 2881 laudat,
1750 2823 1876 2869 alter

255 2905 521 2961 uituperat.
549 2904 676 2950 Cum
696 2903 1024 2961 quarumdam
1049 2902 1303 2949 ciuitatum
1327 2902 1530 2948 Hansae
1556 2901 1710 2959 legati
1736 2900 1879 2946 Colo-

305 3073 315 3092 ¹
370 3070 476 3108 Vide
495 3071 692 3114 superius.
714 3083 806 3115 pag.
832 3070 909 3115 138,
930 3069 1008 3115 184,
1028 3068 1195 3106 234-235.
