1900 3380
501 304 559 341 97.
572 303 765 340 —PRAGA
792 302 838 338 20
865 301 1129 339 SEPTEMBRIS
1159 302 1250 337 1557
1516 310 1523 315 ·
1578 300 1649 337 385

4 395 7 401 ¹
65 419 172 450 cum
199 417 366 447 omnes
396 401 490 445 sint
524 398 779 455 haeretici,
817 399 895 443 uel
928 397 1224 443 catholicam
1264 396 1404 441 fidem
1440 397 1692 447 abiurare,

2 476 8 510 ⁸
63 482 141 526 uel
178 478 448 524 catholicos
488 477 646 521 nullos
686 475 966 533 promoueri
1009 490 1215 519 necesse
1255 483 1346 524 est,
1387 483 1436 517 ut
1470 473 1697 529 superius

64 557 176 614 dixi,
203 556 432 602 contendi
456 557 520 600 ab
543 555 698 599 Illmo.
726 554 959 610 principe,
983 562 1034 598 ut
1054 553 1198 597 iniret
1218 552 1433 608 aliquam
1455 552 1695 596 rationem

0 667 1 671 =
63 634 319 681 inducendi
353 634 398 679 in
434 633 550 678 illud
584 632 883 688 gimnasium
918 632 1109 687 aliquos
1144 629 1457 686 professores
1496 629 1696 674 catholi-

0 720 2 750 ἕ
64 728 164 769 cos,
192 728 287 769 qua
311 712 356 756 in
382 727 435 756 re
456 711 603 756 etiam
623 719 794 755 nostro
815 709 1059 754 desiderio
1080 724 1131 753 se
1155 723 1509 764 responsurum
1535 722 1696 751 omne-

0 773 3 819 Ῐ
64 805 155 848 que
184 789 447 845 negocium
482 803 534 833 se
568 797 859 832 curaturum
896 786 956 831 ad
993 801 1045 831 se
1080 785 1283 841 recepit,
1324 784 1397 829 Eo
1437 799 1698 840 speramus

0 902 2 932 ζ
64 867 284 922 meliora,
312 866 441 921 quod
465 880 554 910 rex
579 865 681 921 ipsc
706 864 1049 909 Ferdinandus
1083 862 1314 908 Viennae
1349 861 1592 918 pollicitus
1626 872 1699 906 est

0 966 5 1004 5
64 960 114 990 se
137 944 369 989 daturum
394 958 613 999 operam,
642 952 692 987 ut
718 942 778 986 ad
805 957 952 998 quam
977 941 1246 986 maximam
1278 939 1556 985 catholiCae
1592 939 1699 984 reli-

0 1010 2 1025 *
64 1022 221 1080 gionis
250 1021 611 1078 promotionem
648 1020 811 1065 omnia
846 1020 1044 1075 pragae
1079 1019 1418 1074 disponantur.
1457 1017 1700 1062 Dominus

46 1099 433 1146 'mareschalcus
457 1097 600 1155 hujus
629 1098 766 1155 regni
794 1108 841 1142 et
866 1097 947 1142 alii
972 1096 1148 1141 summi
1176 1111 1410 1152 proceres
1436 1111 1530 1152 quo
1550 1095 1699 1140 maio-

65 1192 168 1222 rem
191 1176 348 1221 nostri
372 1175 593 1221 notitiam
620 1176 817 1227 liabent,
846 1190 904 1220 eo
928 1174 1069 1220 nobis
1095 1174 1256 1229 magis
1280 1172 1582 1218 afficiuntur.

153 1253 433 1299 Conciones
457 1269 567 1298 curn
593 1262 765 1298 nostra
790 1252 834 1297 in
859 1252 1089 1309 ecclesia,
1116 1261 1218 1297 tum
1244 1251 1288 1296 in
1315 1266 1434 1296 arce
1467 1251 1597 1307 apud
1622 1266 1699 1295 ar-

64 1331 317 1376 chiducem
342 1330 711 1387 continuantur,
739 1329 1062 1376 ministerium
1093 1338 1525 1374 sacramentorum
1561 1343 1699 1373 exer-

49 1408 218 1465 ‘cetum
246 1408 436 1465 egrotis
461 1408 543 1464 (ad
572 1423 695 1464 quos
730 1407 1053 1453 moribundos
1088 1422 1332 1452 vocamur
1366 1406 1404 1463 3)
1439 1421 1578 1450 more
1613 1404 1699 1450 So-

10 1527 13 1531 ,
66 1486 254 1532 cietatis
288 1486 523 1531 auxilium
558 1485 732 1531 fertur.
766 1484 911 1530 Hanc
944 1500 1119 1530 curam
1154 1484 1291 1529 circa
1325 1499 1465 1529 suam
1493 1499 1701 1528 uxorem

3 1591 6 1594 «
65 1580 220 1621 nuper
258 1563 558 1621 defunctam,
587 1564 806 1620 aliosque
837 1563 1018 1608 diuersi
1053 1563 1239 1608 ordinis
1273 1563 1463 1607 xianos.
1497 1577 1527 1606 a
1562 1562 1701 1606 nobis

3 1662 7 1682 τ
66 1641 353 1699 impensam,
394 1657 645 1699 nunquam
679 1641 801 1686 satis
836 1640 1008 1686 mirari
1043 1649 1091 1686 et
1125 1640 1331 1686 laudare
1366 1655 1419 1685 se
1453 1655 1599 1695 posse
1633 1639 1702 1684 ait

67 1718 289 1764 dominus
314 1719 688 1764 mareschalcus
712 1719 870 1776 regni,
897 1718 956 1763 de
992 1733 1087 1775 quo
1122 1718 1270 1774 paulo
1306 1728 1421 1762 ante
1455 1717 1698 1762 dicebam.

67 1796 390 1842 Xenodochia
414 1797 564 1842 etiam
590 1797 861 1851 inuisimus,
889 1805 937 1842 et
959 1796 1057 1842 alia
1091 1796 1229 1841 iuxta
1254 1811 1444 1840 morem
1479 1794 1700 1840 Societa-

5 1874 8 1882 ‘
67 1873 127 1920 tis
150 1890 389 1920 romanae
414 1874 581 1932 (quam
605 1890 700 1931 quo
725 1874 928 1931 propius
952 1874 1219 1929 imitamur,
1253 1889 1312 1918 eo
1338 1873 1510 1917 melius
1536 1872 1701 1917 omnia

69 1952 376 2009 procedunt),
422 1961 571 2009 prout
609 1952 818 1998 infantia
857 1951 1130 1997 crescentis
1169 1951 1309 1996 huius
1349 1950 1545 2007 collegii
1584 1949 1697 2007 fert,

69 2043 375 2075 exercemus

156 2105 281 2152 Cum
305 2106 411 2152 fere
435 2106 642 2164 triginta
665 2106 795 2152 domi
819 2121 1058 2161 essemus,
1080 2121 1315 2163 magnam
1335 2104 1490 2151 nostri
1510 2114 1701 2162 partem

12 2227 17 2253 ἑ
70 2183 346 2240 egritudine
391 2184 613 2241 corporis
653 2184 791 2230 Deus
831 2184 903 2229 his
943 2183 1116 2228 diebus
1150 2183 1390 2240 exercuit,
1428 2198 1491 2227 ex
1525 2198 1621 2238 qua
1655 2181 1701 2226 hi

13 2289 16 2296 ·
63 2259 258 2306 ‘fructus
283 2261 501 2318 decerpti
535 2271 665 2319 sunt,
692 2271 745 2308 ut
768 2261 985 2307 dubitem
1018 2261 1227 2318 integris
1260 2261 1448 2306 uiribus
1482 2259 1702 2316 potiores

71 2338 333 2395 prouenire
357 2339 591 2396 potuisse.
619 2340 745 2385 Tres
770 2339 1151 2396 budissinenses,
1185 2339 1399 2395 optimae
1429 2338 1533 2395 spei
1566 2336 1700 2394 juue·

60 2429 171 2472 nes,
197 2424 246 2461 et
270 2416 465 2473 quidam
499 2416 760 2473 pragensis
795 2433 903 2462 cum
940 2417 1036 2461 alio
1070 2415 1407 2472 condiscipulo
1437 2429 1698 2471 germano,

60 2491 115 2538 ,in
139 2491 443 2540 Societatem
465 2504 578 2540 sunt
601 2494 818 2540 admissi.

158 2569 381 2626 Quamuis
406 2587 712 2629 magnopere
736 2572 936 2617 hereses
970 2581 1267 2628 grassentur
1292 2571 1456 2616 in‘hac
1480 2569 1698 2627 ciuitate,

18 2681 20 2688 .
73 2646 206 2707 multi
229 2657 395 2694 tamen
420 2649 534 2694 boni
557 2658 686 2706 sunt,
713 2649 791 2705 qui
813 2659 1024 2705 querunt
1043 2664 1237 2706 panem,
1259 2648 1298 2693 si
1318 2655 1448 2692 esset
1467 2646 1545 2702 qui
1566 2645 1699 2691 fran-

73 2732 160 2779 gat
183 2725 252 2770 eis
276 2727 307 2770 ¹.
329 2725 588 2784 Veniu[n]t
612 2727 675 2772 ad
698 2742 789 2772 nos
812 2727 1101 2784 frequenter
1134 2735 1237 2771 tam
1271 2723 1517 2770 lutherani
1551 2739 1698 2780 quam

21 2809 23 2850 J
74 2799 279 2847 aliarum
317 2803 611 2859 religionum
652 2812 946 2860 sectatores,
988 2812 1041 2849 ut
1078 2803 1210 2860 apud
1248 2816 1338 2846 nos
1380 2801 1629 2857 studeant,
1672 2815 1701 2845 a

121 2974 138 2996 a
177 2985 367 3011 vocamus
385 2985 466 3011 ms.

125 3132 134 3150 ¹
184 3131 248 3168 Cf.
269 3132 448 3175 THREN„
475 3131 544 3172 [V.
566 3132 600 3167 Γ).

216 3214 383 3243 LITTERAE
406 3214 703 3247 QUADRIMESTRES.
725 3212 816 3240 TOM.
840 3213 874 3240 V.
1562 3208 1597 3236 25
