1900 3380
635 232 920 269 170.-PRA<;A
947 229 993 265 ‘27
1023 227 1132 273 MAJl
1162 225 1251 261 15?ss
1637 217 1700 253 681

127 346 431 383 ueterentur.
471 331 609 377 Multi
645 344 762 374 suos
795 327 918 372 filios
952 326 997 370 in
1028 330 1231 369 nostran
1262 318 1565 375 disciplinam
1591 314 1751 360 trade-

127 425 252 473 rent,
279 412 521 470 siquidem
547 406 790 454 bohemici
816 414 979 451 essent
1004 400 1332 460 professores.

183 493 225 538 Ο.
299 488 586 535 Pauciores
620 484 768 530 modo
804 483 1020 537 Progne
1054 477 1281 535 agimus,
1309 486 1485 519 omnes
1518 470 1649 516 311113
1682 482 1756 513 oc-

129 569 324 628 cupati.
351 565 756 614 Bartholomaeus
780 563 810 617 1,
849 560 1068 605 Τ110111113
1090 555 1302 600 selanus
1393 551 1613 596 Thomas
1642 560 1757 605 ger-

131 661 323 696 1111111113
346 647 377 700 ³,
400 641 721 690 Laurentius
744 641 776 697 4,
795 638 959 695 petita
978 632 1260 680 elemosina
1280 645 1311 675 11
1329 628 1590 674 sacellano
1616 625 1759 682 prin-

130 726 278 783 cipis,
319 724 438 769 hinc
484 720 736 765 Vz'emzam
772 717 994 765 inerunt,
1021 715 1073 756 vt
1102 709 1339 755 sedulam
1374 705 1536 751 literis
1570 705 1765 748 nollent

132 810 350 861 operam
375 804 423 845 es
440 797 740 856 paratiores
763 793 882 849 sint,
909 791 957 837 31
977 803 1080 847 qua
1105 801 1244 833 1101111
1278 786 1591 830 extruantm‘
1623 779 1762 825 colle-

129 882 241 939 gia.
271 879 413 937 Quos
443 875 616 933 pridie
651 873 769 918 idus
802 869 915 915 Mai
945 869 1152 912 secutus
1176 869 1245 908 est
1271 862 1330 907 P.
1372 860 1619 906 Vsmczrns
1698 856 1762 900 D.

134 958 366 1004 Paulum
390 956 405 979 ⁶
430 953 581 1000 hodie
606 949 912 996 audiuimus
943 946 1165 990 Welmae
1184 941 1256 986 acl
1273 940 1559 985 aduentum
1579 935 1638 980 P.
1671 933 1766 979 Vic-

133 1035 298 1082 toriae
315 1041 331 1061 ³
357 1033 815 1078 commoratzwmn.
838 1023 1143 1077 Wolfangus
1168 1021 1180 1044 ⁷
1208 1035 1271 1064 ex
1294 1016 1435 1062 huius
1471 1014 1603 1059 vitae
1629 1011 1765 1056 mise-

138 1114 222 1159 riis
246 1112 308 1158 ad
332 1109 600 1156 Dominum
625 1103 867 1159 discessit,
894 1101 1032 1147 cuius
1064 1113 1218 1155 opera
1251 1093 1448 1142 tametsi
1483 1107 1577 1137 non
1613 1088 1770 1135 inanis

138 1185 535 1245 fuissets'placuit
554 1194 719 1230 tamen
739 1180 935 1226 diuinae
956 1174 1205 1222 Maiestati
1228 1174 1409 1218 breues
1429 1170 1533 1215 eius
1552 1168 1769 1219 labores,

142 1279 227 1315 aut
251 1274 529 1325 promptam
555 1261 718 1319 potius
743 1258 1049 1304 voluntatem
1073 1253 1171 1299 cito
1196 1248 1414 1297 aeternis
1442 1245 1676 1304 praemiis
1701 1259 1772 1289 re·

143 1343 412 1392 munerari.
439 1341 523 1387 Ad
544 1340 655 1385 eins
677 1336 1004 1393 sepulturam
1040 1331 1235 1388 aliquot
1262 1326 1496 1373 homines
1520 1324 1773 1380 confluxe-

144 1426 281 1479 runt,
303 1419 515 1479 funeris
538 1421 587 1462 et
608 1413 878 1473 relegionis
888 1411 1035 1470 forte
1060 1408 1304 1454 nouitate.
1328 1403 1610 1460 Stephanus
1634 1400 1650 1424 ⁵³
1674 1399 1778 1445 eius

140 1502 308 1546 vicem
332 1495 578 1555 suppleuit
602 1494 648 1539 in
672 1500 843 1538 nostro
867 1488 1049 1544 templo
1075 1481 1433 1533 concionando,
1462 1479 1540 1536 qui
1565 1477 1709 1523 simul
1733 1476 1778 1520 in

143 1575 392 1635 superiori
428 1574 588 1620 classe
622 1569 883 1628 profitetur
908 1563 1282 1611 humanitatem.
1312 1556 1634 1605 Alius‘frater
1668 1569 1776 1599 con-

147 1656 375 1702 cionatur
410 1652 455 1697 in
477 1646 783 1696 monasterio
817 1643 868 1690 S.
907 1643 1086 1688 Annae
1116 1637 1387 1686 bohemice.
1407 1635 1559 1680 Pater
1584 1631 1780 1689 quidam

147 1731 415 1780 conciones
438 1743 556 1774 suas
579 1726 625 1771 in
651 1739 770 1770 arce
796 1721 1066 1775 continuat,
1094 1718 1133 1763 si
1156 1732 1254 1762 non
1285 1713 1528 1769 omnibuS,
1556 1724 1781 1768 praeser-

147 1811 233 1857 tim
266 1807 378 1854 fidei
411 1802 733 1859 aduersariis,
760 1799 937 1846 saltem
972 1794 1195 1854 principi,
1233 1801 1381 1850 prout
1415 1805 1506 1835 sua
1540 1787 1784 1834 serenitas

151 1887 291 1935 nobis
316 1883 566 1939 indicauit,
593 1879 856 1936 multisque
881 1876 990 1922 aliis
1012 1873 1181 1931 magni
1210 1869 1419 1916 nominis
1444 1866 1565 1913 viris
1590 1863 1783 1911 satisfa-

150 1967 303 2013 ciens.
331 1963 544 2020 Quidam
577 1976 639 2005 ex
673 1956 965 2015 primatibus
990 1953 1150 2008 aulae,
1179 1950 1259 2007 qui
1288 1948 1424 2005 prius
1459 1944 1781 1997 abhorrebat,

153 2045 251 2090 iam
275 2040 481 2099 singulis
505 2053 629 2095 pene
653 2033 973 2081 concionibus
997 2029 1233 2076 annititur
1258 2022 1515 2072 interesse.

216 2122 281 2168 10.
350 2118 628 2176 Episcopus
653 2111 887 2159 vlmensis
911 2112 926 2135 9
952 2125 1041 2167 per
1060 2108 1182 2153 duos
1202 2103 1471 2151 canonicos
1490 2099 1644 2146 literis
1671 2113 1786 2156 quo-

203 2272 220 2293 a
265 2264 401 2301 Prius
419 2261 464 2298 P.
486 2257 761 2308 prouincialis.

207 2399 217 2418 ¹
271 2396 379 2433 Vide
399 2392 600 2441 superius,
621 2403 715 2438 pag.
736 2389 819 2432 433,
841 2392 978 2424 annot.
999 2387 1033 2423 3.

207 2459 220 2478 ²
271 2457 374 2503 Pag.
396 2453 477 2500 432,
500 2456 637 2490 annot.
657 2450 692 2488 3.
898 2492 904 2498 ¹

207 2519 219 2538 ³
270 2517 336 2554 De
355 2516 430 2552 hoc
448 2514 574 2550 fratre
593 2511 693 2548 nihil
713 2509 874 2552 scimus,
896 2507 972 2544 nisi
1000 2506 1102 2543 forte
1131 2505 1235 2541 idem
1264 2503 1313 2539 sit
1340 2503 1388 2539 de
1417 2497 1495 2547 {quo
1523 2498 1658 2545 agitur
1689 2494 1795 2543 apud

161 2578 318 2616 Laz'nz‘z‘
334 2576 547 2618 Monam„
569 2571 638 2617 III,
658 2569 740 2607 386.

208 2638 222 2658 4
271 2636 380 2673 Vide
401 2633 600 2681 superius,
623 2643 716 2679 pag.
738 2630 820 2675 433,
841 2632 977 2665 annot.
998 2627 1032 2663 8.

209 2698 221 2717 ⁵
272 2696 318 2734 P.
339 2695 563 2733 Ursmarus
582 2690 835 2735 Goissonius,
856 2687 1021 2735 collegii
1041 2690 1186 2730 rector,
1208 2685 1382 2720 Romam
1402 2685 1607 2718 evocatus.

210 2757 223 2777 ‘⁵
273 2756 320 2793 P.
341 2755 495 2792 Paulus
514 2750 727 2795 Hoffaeus,
749 2750 910 2787 futurus
929 2746 1094 2793 collegii
1114 2749 1260 2781 rector.

212 2817 224 2837 ⁷
275 2815 559 2862 Woltgangus
576 2811 727 2848 Faber.
748 2809 858 2846 Vide
877 2820 970 2856 pag.
992 2806 1074 2850 433,
1096 2812 1229 2841 annot.
1250 2804 1283 2839 5.

211 2877 225 2896 ⁸
277 2875 513 2921 Stephanus
530 2871 740 2909 Liberius.
764 2869 880 2912 Ibid.,
902 2871 1037 2904 annot.
1059 2866 1092 2902 4.

214 2936 228 2955 ⁹
278 2934 459 2971 Videtur
500 2930 794 2979 intelligendus
837 2929 1048 2976 episcopus
1091 2922 1362 2961 olomucensis
1402 2921 1593 2966 (Olmutz)
1638 2918 1804 2954 Marcus

169 2994 476 3032 Kuen.U1mae
496 2992 618 3035 enim,
646 2990 759 3027 urbis
785 2987 1050 3027 Germaniae,
1081 2996 1159 3021 non
1187 2987 1304 3020 erant
1335 2981 1524 3029 episcopi.
1554 2979 1663 3017 Vide
1690 2989 1805 3024 supe-

170 3055 268 3100 rius,
289 3066 383 3102 pag.
403 3052 485 3090 529.
