1950 3348
267 187 337 223 ‘208
741 189 957 225 LITTERAE
984 190 1341 235 QUADmMESTREs

219 282 465 328 senatoris
491 282 632 336 filius,
669 283 753 328 sed
788 285 1034 340 corruptis·
1071 284 1323 341 praeditus
1356 284 1594 341 moribus,
1630 293 1683 329 ut
1716 284 1844 341 patri

217 375 310 404 non
338 375 454 403 raro
480 359 693 415 ingentis
719 360 950 406 tristitiae
977 376 1131 406 causa
1155 369 1302 405 esset.
1339 359 1437 405 Sed
1471 360 1609 405 Deus
1643 376 1753 405 cum
1787 376 1845 405 eo

218 436 335 481 fecit
361 436 770 491 misericordiam,
797 448 844 481 et
869 438 999 482 intra
1024 438 1126 482 dies
1151 452 1338 492 paucos
1361 438 1427 482 ita
1448 437 1673 493 mutauit,
1695 447 1746 482 ut
1765 453 1845 493 pa-

218 522 293 559 ter
318 513 637 558 mutationem
665 514 807 558 istam
833 515 1072 560 dexterae
1107 514 1306 560 Excelsi
1340 515 1662 571 conspiciens,
1700 515 1845 571 pluri-

218 606 347 635 mum
383 590 596 635 doluerit
631 591 758 646 quod
792 607 886 636 non
927 591 1166 636 maturius
1206 590 1354 636 filium
1395 591 1577 635 nostris
1618 590 1847 637 Patribus

219 667 567 712 instituendum
598 666 898 721 tradidisset,
928 668 1449 725 paratusquefuerit
1478 667 1599 723 plns
1633 668 1848 712 caeteris

217 730 313 801 [5νο
338 745 448 789 eills
473 745 610 789 niem
636 758 928 789 numerare.

277 823 319 867 (J).
388 821 475 866 Est
501 822 613 866 item
642 821 908 885 discipulus
932 822 1055 866 alius
1081 821 1322 871 undecim,
1351 831 1403 866 ut
1427 831 1560 876 puto,
1585 835 1843 865 annorum:

220 899 295 943 hic
318 908 526 943 matrem
555 888 922 954 quidem‘habet
947 898 1260 950 catholicam,
1288 907 1483 953 patrem
1515 913 1635 942 uero
1670 907 1718 942 et
1751 897 1846 942 fra-

219 985 321 1021 tres
346 976 641 1020 haereticos:
666 976 768 1031 ipse
793 988 958 1021 autem
983 985 1082 1021 tam
1110 977 1266 1021 bonus
1291 985 1380 1032 est,
1407 985 1460 1020 ut
1485 974 1847 1031 decimoquinto

220 1068 413 1109 quoque
438 1052 514 1097 die
539 1062 861 1108 peccatorum
888 1053 1261 1109 exomologesin
1286 1052 1456 1108 faciat,
1484 1052 1723 1097 coronula
1744 1062 1847 1097 uta-

219 1139 314 1183 tur,
342 1145 613 1185 coramque
638 1129 936 1186 imaginibus
961 1129 1143 1175 Christi
1164 1139 1211 1174 et
1232 1139 1517 1174 sanctorum
1540 1145 1714 1185 preces
1733 1145 1848 1174 suas

221 1207 411 1263 recitet3
439 1207 524 1251 sed
550 1207 641 1251 hoc
669 1222 763 1252 non
790 1206 1067 1252 uidentibus
1092 1207 1390 1262 domesticis,
1423 1222 1482 1251 ne
1516 1206 1647 1251 forte
1681 1207 1745 1251 ab
1779 1206 1848 1251 eis

222 1294 533 1341 rumpantur,
562 1299 717 1341 quare
742 1293 791 1329 et
815 1284 1042 1329 oratione
1067 1285 1312 1341 absoluta,
1340 1284 1505 1329 statim
1531 1283 1769 1329 recondit.

279 1362 321 1406 7.
390 1361 631 1406 Parentes
656 1361 873 1406 nonnulli
897 1370 1028 1406 totos
1052 1362 1155 1406 dies
1177 1377 1292 1406 suos
1317 1360 1440 1406 filios
1471 1360 1598 1416 apud
1634 1376 1722 1405 nos
1748 1376 1848 1405 ma-

222 1454 339 1483 nere
365 1447 619 1494 exoptant,
647 1438 854 1494 prandio
879 1449 1088 1494 excepto
1113 1447 1262 1494 atque
1292 1453 1465 1483 coena.
1504 1437 1850 1483 Commisimus

223 1515 375 1572 igitur
399 1531 484 1561 eos
509 1516 639 1572 (sunt
663 1525 829 1561 autem
854 1531 1061 1560 numero
1087 1515 1191 1560 fere
1211 1514 1404 1571 uiginti)
1424 1514 1617 1559 duobus
1636 1529 1848 1570 magnae

224 1593 324 1649 spei
350 1592 765 1645 adolescentibus,
805 1592 885 1648 qui
920 1592 1069 1647 longo
1104 1601 1344 1648 tempore,
1382 1602 1431 1636 ut
1466 1591 1510 1636 in
1546 1590 1850 1636 Societatem

223 1670 619 1723 admitterentur,
650 1680 913 1726 rogarunt.
953 1669 1147 1715 Curant
1181 1670 1258 1715 isti
1293 1670 1463 1714 sedulo
1497 1685 1557 1714 ne
1592 1669 1703 1726 quid
1738 1669 1852 1714 mali

153 1777 158 1781 -
223 1748 361 1804 pueri
387 1748 666 1804 admittant,
695 1747 1054 1805 diligenterque
1085 1748 1322 1792 lectiones
1357 1756 1600 1803 repetant.
1637 1746 1747 1792 Hoc
1771 1762 1851 1802 pa-

223 1834 305 1870 cto
346 1840 614 1882 puerorum
655 1834 1016 1881 parentumque
1050 1824 1240 1869 animos
1273 1823 1412 1870 nobis
1447 1823 1767 1879 deuincimus,
1805 1833 1852 1868 et

223 1903 310 1947 hos
335 1902 678 1947 adolescentes
701 1902 806 1947 sine
840 1911 1011 1947 nostro
1044 1910 1239 1958 sumptu
1275 1901 1337 1946 ad
1372 1899 1679 1946 Societatem
1713 1916 1850 1956 prae-

224 1996 476 2036 paramus.
515 1980 561 2024 A
594 1979 734 2025 nobis
769 1979 896 2024 enim
938 1979 1233 2035 cubiculum,
1277 1979 1473 2024 aliunde
1512 1994 1635 2024 uero
1674 1979 1853 2024 uictum

224 2057 328 2102 fere
353 2058 551 2102 habent:
579 2057 786 2102 subsunt
810 2066 974 2102 tamen
998 2057 1155 2112 nobis,
1184 2071 1245 2102 ac
1274 2056 1313 2101 si
1338 2055 1523 2101 fratres
1557 2064 1736 2112 essent,
1764 2071 1853 2100 nec

224 2135 485 2191 quicquam
510 2135 613 2180 sine
640 2133 843 2179 Patrum
868 2134 1110 2190 permissu
1133 2133 1336 2179 faciunt.

280 2214 322 2257 8.
391 2212 454 2257 M.
484 2211 785 2256 Franciscus
811 2213 821 2235 ¹
849 2211 1020 2256 diebus
1045 2211 1117 2256 his
1142 2211 1521 2267 disputationem
1556 2227 1645 2267 pro
1679 2225 1846 2255 secun-

222 2289 284 2333 do
310 2288 589 2345 theologico
615 2288 777 2344 gradu
802 2288 861 2332 de
887 2288 1201 2345 indulgentiis
1226 2287 1450 2342 instituit,
1477 2288 1539 2332 ad
1575 2303 1719 2344 quam
1754 2287 1852 2343 plu-

227 2381 307 2411 res
341 2366 485 2411 solito
521 2374 878 2410 conuenerunt.
917 2365 1148 2410 Nonnulli
1184 2366 1338 2410 multa
1372 2374 1738 2422 proposuerunt
1771 2364 1851 2409 du-

226 2443 322 2497 bia,
361 2443 501 2499 quasi
536 2442 575 2488 is
610 2451 757 2499 esset,
798 2458 826 2486 a
867 2459 962 2498 quo
1002 2458 1174 2488 eorum
1215 2442 1454 2488 sumenda
1493 2451 1626 2488 esset
1658 2442 1849 2498 solutio,

226 2520 524 2577 praesertim
548 2535 669 2565 uero
703 2519 749 2564 id
783 2519 1011 2565 fecerunt
1045 2520 1368 2565 concionator
1401 2520 1576 2565 summi
1609 2518 1774 2576 templi
1808 2527 1855 2564 et

226 2597 483 2653 professor
507 2596 791 2654 theologiae
816 2597 946 2652 apud
966 2597 1267 2642 carmelitas.
1295 2595 1577 2652 Disputatio
1597 2596 1727 2640 ultra
1746 2610 1853 2641 con-

229 2685 422 2719 suetum
446 2686 638 2731 tempus
656 2673 718 2719 ad
738 2673 953 2719 medium
974 2674 1294 2720 duodecimae
1317 2682 1392 2719 est
1409 2683 1685 2730 protracta,
1707 2672 1853 2719 omni-

229 2750 650 2814 busqueabunde
689 2750 1018 2796 satisfactum.
1061 2749 1296 2796 Genesim
1331 2751 1562 2805 absoluit,
1599 2750 1853 2807 epistolam

231 2828 292 2872 D.
320 2827 489 2873 Iacobi
513 2842 642 2873 nunc
665 2827 1040 2884 interpretatur.

278 2995 285 3012 ¹
341 2993 544 3039 Magister
562 2992 806 3029 Franciscus
827 2992 1034 3030 Costerus.
