1997 3400
298 174 365 211 110
763 177 982 214 LITTERAE
1010 178 1366 223 QUADRIMESTRES

246 286 411 316 merus
436 272 841 318 sexcentenarius
876 289 1030 330 prope
1065 283 1154 318 est.
1192 271 1615 319 Scholasticorum
1652 289 1775 319 vero
1807 275 1873 319 al-

246 349 652 405 phabetariorum
688 350 767 406 qui
808 351 1038 407 priuatim
1077 366 1106 395 a
1145 351 1470 408 paedagogis,
1513 367 1723 407 quorum
1763 350 1874 396 fidei

245 426 515 470 concrediti
554 436 681 483 sunt,
720 426 1054 483 instituuntur,
1093 428 1240 472 turba
1275 427 1685 472 ducentenarium
1726 426 1873 472 facile

245 516 504 547 numerum
529 503 758 560 complet,
786 517 912 560 quos
935 503 1050 548 licet
1078 507 1379 548 liitiizeratos
1401 503 1549 548 lzazca'
1568 503 1871 560 habeamus,

241 578 501 634 probabili
521 583 694 624 tamen
727 580 1020 624 coniectura
1046 581 1117 625 ita
1144 593 1484 624 recensemus.

308 655 375 700 17.
444 655 766 701 Demirantur
806 666 1039 712 parentes
1079 656 1364 713 liberorum,
1407 666 1510 702 tum
1547 656 1593 700 in
1634 657 1874 714 moribus,

245 740 347 776 tum
373 732 418 776 in
442 732 611 789 literis,
641 732 935 789 profectum,
964 733 1119 789 deque
1145 731 1397 778 Societate
1422 741 1594 777 nostra
1624 733 1771 790 longe
1808 735 1873 778 la-

244 819 389 865 teque
422 824 670 854 rumorem
704 817 720 835 ³
755 819 1014 867 spargunt;
1053 811 1180 855 adeo
1215 814 1267 854 vt
1294 810 1501 866 passim
1535 810 1586 854 in
1618 811 1875 856 conuiuiis

245 887 409 932 nostri
418 887 582 944 fama
606 887 884 943 honorifice
902 902 987 933 ore
1007 888 1238 933 onmium
1258 887 1549 932 celebretur.
1577 887 1720 933 Adde
1745 889 1875 944 quod

244 966 547 1020 plaeraeque
566 964 795 1010 ciuitates
814 966 1110 1010 aruernicae
1129 975 1351 1010 nostrum
1371 964 1650 1021 collegium,
1673 966 1753 1010 vel
1771 965 1872 1010 suis

247 1041 518 1097 impendiis,
547 1042 608 1086 ad
632 1057 684 1086 se
710 1041 939 1097 pellicere
963 1042 1319 1087 contenderint.

306 1117 373 1163 18.
442 1117 482 1162 E
516 1118 727 1174 collegio
761 1118 1050 1163 turnonensi
1089 1134 1117 1163 a
1149 1118 1388 1162 cardinali
1424 1117 1528 1162 eius
1567 1117 1874 1173 cognominis

244 1203 492 1248 extructo,
520 1195 877 1251 quinquaginta
911 1195 1088 1240 abhinc
1122 1195 1392 1240 miliaribus
1427 1195 1613 1250 dissito,
1651 1194 1873 1251 discipuli

243 1271 431 1326 aliquot
467 1270 753 1316 confluxere
788 1271 848 1316 ad
882 1286 986 1316 nos.
1034 1271 1110 1316 Ex
1143 1271 1458 1316 issiodorensi
1493 1271 1752 1316 academia
1776 1287 1874 1316 non

243 1348 386 1404 pauci
410 1349 503 1392 huc
527 1363 578 1392 se
603 1347 924 1393 transferunt.
952 1347 1079 1393 Hinc
1103 1348 1260 1393 cuiuis
1279 1347 1568 1392 ratiocinari
1595 1356 1873 1404 promptum

243 1435 317 1470 est
341 1424 647 1470 Societatem
675 1424 807 1481 sesa
831 1425 978 1469 liana'
999 1425 1166 1482 infimi
1189 1425 1414 1470 nominis
1448 1427 1586 1480 apud
1619 1438 1874 1470 ariterlzos

249 1502 468 1546 existere
504 1501 536 1546 b.

307 1577 374 1623 19.
442 1577 695 1634 Quantum
721 1593 841 1623 vero
866 1578 929 1623 ad
960 1578 1155 1635 collegii
1189 1578 1328 1624 nobis
1360 1578 1584 1635 erigendi
1617 1587 1765 1634 atque
1789 1579 1870 1623 do-

243 1655 377 1700 tandi
411 1670 546 1711 spem
581 1656 771 1711 attinet,
812 1655 1021 1700 solidam
1055 1654 1283 1700 fiduciam
1318 1655 1377 1700 de
1412 1670 1653 1711 prospero
1689 1664 1868 1700 euentu

246 1731 577 1787 concepimus,
605 1732 899 1787 praesertim
932 1747 1077 1787 quum
1113 1732 1310 1776 ineunte
1345 1731 1617 1776 Nouembri
1652 1731 1766 1776 anni
1790 1747 1872 1776 nu—

248 1808 461 1864 perrime
487 1807 656 1863 elapsi,
688 1808 1000 1853 venerandus
1034 1808 1255 1864 pontifex
1288 1810 1695 1853 claromontanus
1728 1807 1872 1853 Bilio-

246 1900 378 1929 mum
404 1884 597 1929 venerit
621 1894 668 1929 et
692 1884 854 1929 locum
878 1900 963 1929 seu
987 1885 1145 1929 solum
1165 1885 1376 1940 collegio
1395 1899 1455 1929 ac
1474 1885 1656 1941 templo
1681 1885 1872 1941 erigen-

245 1961 305 2006 do
329 1961 521 2006 arbitrii
559 1961 632 2006 sui
668 1962 868 2007 decreto
894 1962 1231 2018 designauerit
1256 1961 1371 2018 (qua
1405 1962 1464 2006 de
1500 1977 1553 2007 re
1584 1962 1714 2007 haud
1751 1962 1872 2007 leuis

244 2038 408 2083 fuerat
430 2038 557 2083 inter
580 2038 715 2084 ciues
739 2039 1101 2095 controuersia)
1127 2039 1172 2084 in
1196 2039 1390 2095 publico
1414 2039 1740 2095 magistratus
1760 2055 1870 2084 con-

245 2129 399 2173 seSSU,
426 2114 520 2160 fide
545 2115 882 2172 promissionis
905 2115 1023 2160 data
1047 2131 1157 2160 cum
1183 2116 1399 2160 maxima
1428 2115 1643 2160 omnium
1678 2129 1869 2161 recrea-

245 2192 380 2237 tione
406 2197 422 2218 c
445 2207 498 2237 se
519 2192 690 2248 viginti
715 2191 925 2248 quinque
949 2191 1235 2237 francorum
1255 2193 1387 2237 milia
1405 2193 1483 2248 pio
1502 2192 1613 2237 huic
1632 2193 1770 2249 operi
1789 2192 1873 2238 im-

246 2283 525 2325 pensurum.
549 2268 713 2325 Quam
744 2268 1119 2324 promissionem
1153 2269 1342 2314 ciuibus
1375 2269 1663 2325 praestitam
1698 2269 1871 2315 confir-

246 2353 382 2390 mant
424 2345 601 2390 literae
635 2345 800 2402 ipsius,
837 2361 960 2401 quas
998 2361 1086 2402 per
1126 2347 1438 2391 venerandos
1471 2345 1649 2391 Patres
1682 2346 1743 2392 D.
1780 2346 1871 2392 Pa-

244 2421 492 2468 schasium
517 2424 529 2447 ¹
556 2438 616 2467 ac
634 2422 696 2467 D.
718 2422 995 2479 Baptistam
1019 2422 1082 2467 ad
1102 2422 1385 2467 vniuersam
1426 2423 1871 2479 congregationem

245 2498 456 2544 Romam
476 2498 635 2555 mittit,
648 2498 831 2557 quibas
849 2498 1021 2543 decem
1041 2512 1320 2544 aureorum
1339 2499 1484 2544 milia
1503 2499 1714 2556 collegio
1733 2500 1868 2545 bilio-

245 2575 413 2620 mensi
423 2576 710 2634 pollicetur,
732 2576 869 2633 quod
883 2575 1089 2633 quidem
1108 2575 1286 2620 literas
1304 2575 1473 2631 ἱρείης
1485 2576 1872 2632 perlegentibus

246 2651 343 2696 erit
360 2652 716 2708 perspicuum.
739 2652 937 2697 Interea
961 2651 1147 2697 victum
1181 2652 1463 2707 cultumque
1487 2652 1713 2709 corporis
1730 2652 1871 2698 nobis

292 2793 310 2813 a
377 2787 637 2824 honorificum
656 2800 872 2825 rumorem.
928 2787 992 2814 —b
1060 2786 1282 2834 cujusmodi
1302 2786 1353 2822 sit
1371 2786 1477 2833 apud
1495 2799 1692 2823 aruernos
1707 2792 1873 2824 nostrae

246 2844 461 2883 Societatis
481 2859 639 2883 nomen.
699 2854 756 2875 -C
806 2847 975 2884 laetitia.

296 2972 304 2991 ¹
358 2970 401 3007 P.
422 2970 664 3008 Paschasius
682 2971 818 3018 Bro‘et‚
840 2972 880 3008 in
899 2971 1038 3009 Gallia
1057 2970 1329 3018 provincialis.
