1900 3380
499 300 821 337 iti—Birromo
848 302 870 333 Γ)
901 300 1131 335 Fal-:uitatem
1166 302 1253 335 1358
1576 299 1645 335 547

58 412 180 453 quas
201 396 298 441 ludi
318 394 731 440 claromontensis
752 395 1097 439 moderatores
1115 403 1162 438 et
1179 394 1323 438 amici
1342 394 1561 451 religiosi
1579 410 1691 439 con-

57 474 320 520 fluxerunt.
349 471 594 517 Postridie
619 487 742 516 vero
767 471 1059 516 dialecticae
1088 480 1235 527 atque
1260 471 1385 516 adeo
1411 472 1693 516 rhetoricae

0 578 1 593 i
40 549 473 601 concertationes,
517 564 610 593 non
652 548 755 593 sine
795 549 1037 604 applausu
1075 547 1355 592 auditorum
1393 549 1691 593 subsecutae

0 629 1 688 ζ
56 637 182 673 sunt.
205 626 610 671 Declamationes
651 625 1081 682 frequentissimae
1117 625 1242 669 varii
1279 625 1561 681 argumenti
1597 625 1690 670 hoc

56 718 184 749 anno
209 719 237 747 a
257 702 506 758 discipulis
525 701 708 746 nostris
728 701 924 746 aeditae
944 710 1071 746 sunt.
1095 699 1295 747 Graece
1315 717 1509 757 quoque
1529 701 1690 747 decla-

55 790 241 826 matum
267 789 341 824 est
361 795 389 824 a
410 779 640 835 quodam.
666 777 904 824 Carmina
923 777 1075 823 latina
1095 789 1143 823 et
1162 794 1351 835 graeca
1371 794 1400 822 a
1420 778 1686 835 discipulis,

55 857 343 904 auctoribus
369 855 623 911 magistris
653 855 921 900 Leonardo
947 864 994 899 et
1019 855 1276 899 Ludouico
1302 857 1332 905 ¹,
1362 855 1690 911 pronunciata

54 944 165 980 sunt
189 949 298 978 cum
325 933 501 989 insigni
522 931 787 977 Societatis
809 933 1011 985 honore,
1035 941 1084 977 et
1100 930 1330 988 juuenilis
1349 932 1529 988 ingenii
1550 948 1691 978 exer-

53 1010 284 1057 citatione
319 1026 558 1066 perquam
596 1009 715 1054 vtili.
755 1008 1059 1054 Comoediae
1093 1018 1141 1054 et
1175 1009 1358 1054 latinae
1392 1019 1440 1054 et
1474 1010 1689 1066 gallicae

54 1087 259 1133 metrica
286 1087 396 1143 lege
422 1086 754 1142 conscriptae,
784 1086 1073 1131 auctoribus
1096 1085 1355 1131 Ludouico
1380 1095 1428 1131 et
1462 1085 1690 1131 Roberto

55 1165 273 1221 Lanoys,
317 1163 566 1209 exhibitae
605 1173 717 1208 sunt
762 1163 1023 1219 aliquoties
1061 1178 1172 1208 cum
1212 1162 1391 1219 insigni
1431 1163 1597 1219 gratia
1642 1173 1691 1209 et

57 1241 216 1287 laude.

111 1320 136 1329 ,-

115 1337 151 1364 s.
219 1319 379 1364 Feriis
411 1319 604 1363 aestiuo
641 1328 867 1374 tempore
902 1318 978 1362 hic
1013 1317 1074 1362 D.
1114 1317 1322 1362 Nicolao
1358 1319 1683 1373 consecratis,

52 1397 217 1442 habita
252 1407 325 1441 est
361 1397 597 1453 aeigloga
627 1395 735 1453 [sic]
764 1396 823 1440 de
849 1396 1073 1440 laudibus
1108 1395 1285 1440 domini
1322 1395 1686 1441 claromontani

53 1474 283 1520 antistitis
318 1474 349 1523 ²„
377 1473 681 1518 maecenatis
716 1472 982 1518 Societatis
1017 1482 1220 1517 nostrae
1255 1472 1385 1528 apud
1421 1488 1685 1518 aruernos.

55 1550 340 1607 Eodemque
366 1551 440 1595 die
465 1550 796 1607 pronunciata
832 1560 904 1595 est
939 1550 1101 1594 oratio
1136 1549 1357 1594 carmine
1383 1551 1684 1607 conscripta,

52 1627 98 1673 in
138 1627 465 1684 patrocinium
505 1637 654 1683 atque
692 1627 970 1672 encomium
1014 1632 1289 1683 poetarum.
1333 1626 1493 1672 Feriis
1533 1642 1687 1683 augu-

54 1705 267 1750 stissimo
291 1705 466 1750 altaris
490 1714 808 1749 sacramento
844 1704 1020 1748 dicatis
1045 1703 1262 1749 exhibita
1287 1714 1362 1749 est
1386 1705 1604 1761 aegloga
1630 1705 1689 1749 de

53 1782 292 1839 dignitate
331 1793 377 1827 et
418 1780 715 1826 necessitate
760 1781 1111 1838 eucharistiae3
1155 1781 1419 1838 itidemque
1464 1781 1685 1827 eiusdem

52 1859 332 1916 argumenti
359 1858 618 1904 comoedia
653 1859 854 1915 gallica,
883 1858 1124 1914 rythmice
1159 1859 1461 1915 conscripta,
1488 1859 1686 1904 interlo-

56 1936 309 1982 cutoribus
333 1934 620 1987 christiano,
649 1951 865 1992 pagano,
893 1950 1042 1980 sacra
1067 1935 1333 1991 scriptura,
1360 1934 1472 1988 fide,
1500 1935 1686 1981 humili-

53 2023 170 2065 tate,
199 2013 443 2069 magistro
467 2013 687 2070 gentium
713 2013 885 2063 Paulo,
914 2024 1129 2070 quatuor
1153 2014 1494 2070 euangelisffis,
1523 2014 1686 2059 Abra-

23 2145 26 2149 *
51 2091 212 2141 hamo.
241 2091 380 2136 Mose
404 2101 452 2136 et
477 2090 588 2136 Elia
623 2090 891 2147 prophetis.
921 2090 1072 2136 Festo
1108 2091 1460 2147 assumptionis
1496 2091 1686 2137 Beatae

52 2167 241 2214 Mariae
278 2169 336 2214 de
371 2168 590 2214 eiusdem
624 2168 853 2225 Virginis
889 2168 1227 2223 assumptione
1259 2167 1475 2213 exhibita
1509 2177 1583 2213 est
1606 2183 1685 2213 co-

53 2245 243 2312 moedia
266 2246 466 2303 gallica,
494 2246 933 2291 interlocutoribus
957 2245 1169 2302 collegio
1195 2245 1456 2290 duodecim
1490 2255 1686 2302 aposto-

51 2323 225 2380 lorum,
254 2323 516 2380 impiorum
541 2322 837 2381 judaeorum
872 2324 1071 2368 tandem
1096 2323 1489 2380 resipiscentium
1525 2333 1685 2368 cater-

52 2416 130 2455 ua,
169 2401 360 2458 virgine
395 2401 574 2452 Maria,
615 2401 744 2446 Dno.
781 2400 918 2459 Jesu,
956 2411 1003 2446 et
1037 2401 1231 2456 angelis
1265 2415 1475 2446 numero
1508 2400 1682 2446 tribus.

51 2476 321 2534 Itidemque
339 2488 456 2524 acta
474 2490 547 2523 est
567 2478 825 2523 comoedia
844 2478 997 2523 latina
1019 2478 1115 2534 (cui
1136 2478 1308 2522 titulus
1332 2489 1439 2522 erat
1469 2476 1570 2530 «De
1590 2493 1685 2523 oue

55 2555 312 2612 perdam),
340 2555 595 2600 actoribus
619 2554 967 2612 Philochristo‚
997 2554 1238 2611 Eutropo,
1263 2553 1491 2610 Oephilo,
1514 2569 1682 2613 seruo,

52 2641 196 2688 atque
222 2632 412 2677 vicinis.
440 2631 647 2677 Decimo
683 2641 866 2677 octauo
902 2632 1120 2689 Augusti
1145 2631 1365 2676 exhibita
1390 2640 1464 2676 est
1488 2646 1684 2676 comoe-

53 2707 131 2753 dia
153 2709 336 2765 gallico
362 2724 609 2760 sermone,
637 2709 775 2754 cuius
806 2709 1082 2766 symbolum
1107 2718 1217 2754 erat
1246 2708 1682 2767 ‹Reformamini»;

51 2783 97 2829 in
122 2801 217 2842 qua
240 2786 469 2831 nimirum
489 2786 548 2831 de
574 2786 932 2831 reformatione
951 2786 1165 2831 omnium
1186 2795 1406 2831 statuum
1430 2786 1683 2831 tractaba-

52 2869 146 2917 tur,
178 2863 616 2909 interlocutoribus
652 2863 846 2909 arbitro
881 2863 1180 2920 aequissimo
1215 2878 1328 2908 cum
1363 2863 1463 2908 suis
1497 2862 1682 2908 officia-

98 3047 108 3066 ¹
160 3047 400 3084 Leonardus
419 3047 628 3085 Masserus
648 3054 687 3085 et
706 3048 940 3084 Ludovicus
959 3047 1228 3084 Gerardinus.
1273 3076 1275 3081 ,

97 3105 110 3125 2
160 3105 393 3144 Gulielmus
413 3121 434 3144 a
455 3107 588 3145 Prato.
