1900 3380
524 204 911 240 l()l.-—V1NDoBot<A
944 206 957 239 1
988 204 1097 250 MAJ1
1130 205 1218 239 1558
1574 200 1644 237 (539

51 314 142 344 suo
178 308 406 343 versetur
441 297 612 354 offiti03
651 299 762 344 nihil
800 299 982 344 habent
1016 299 1153 355 prius
1192 298 1404 354 nihilque
1440 296 1690 353 antiquius

51 391 197 432 quam
236 375 547 420 obedientiae
587 391 765 420 sacrae
806 376 969 432 legem
1009 375 1162 431 sequi.
1206 374 1492 419 Literarum
1528 372 1691 417 studia

52 453 327 510 procedunt
352 451 598 497 foeliciter
622 462 669 497 et
694 468 804 496 cum
828 452 1014 497 fructu.
1041 450 1220 496 Sumus
1247 451 1391 495 modo
1410 449 1484 504 30,
1507 450 1690 495 charis-

51 529 173 574 simo
197 528 355 573 fratre
381 537 552 572 nostro
577 528 770 588 Joanne
796 529 927 574 Isola
954 528 960 551 ¹
990 543 1146 584 nuper
1171 528 1235 572 ab
1260 528 1351 572 hoc
1371 526 1691 572 turbulentis-

0 629 1 649 l
51 605 174 650 simo
198 606 366 650 seculo
392 605 453 650 ad
479 606 890 661 tranquillitatem
915 616 1173 650 aeternam
1199 614 1429 649 euocato.
1465 603 1558 649 Hic
1593 619 1689 648 non

52 683 154 728 sine
179 683 307 727 bono
333 683 610 727 sanctitatis
636 683 790 728 odore
816 683 1058 739 presentis
1086 682 1218 726 vitae
1251 682 1500 726 miseriam
1525 680 1687 726 derili-

54 761 170 817 quit.
208 759 373 816 Quum
408 760 535 804 enim
573 769 767 815 tempus
804 759 1120 804 resolutionis
1154 774 1275 803 suae
1310 758 1355 802 in
1396 758 1554 802 ianuis
1580 773 1689 802 esse

52 837 257 882 sentiret
282 838 296 861 '2
320 852 409 893 per
434 836 622 892 aliquot
646 837 1003 892 hebdomadas,
1032 836 1194 880 crucis
1218 845 1266 880 et
1287 836 1533 891 sculptam
1553 844 1600 880 et
1626 834 1692 891 pi-

54 923 185 959 ctam
211 914 478 971 imaginem
504 924 618 959 ante
644 929 696 959 se
731 914 915 969 iugiter
946 913 1182 958 collocari
1220 914 1391 965 voluit;
1430 913 1506 958 cui
1544 913 1692 957 inter-

53 992 165 1036 dum
189 991 329 1048 quasi
354 991 400 1036 in
427 991 638 1036 extasim
663 1000 836 1047 raptus
861 991 1069 1047 hymnos
1103 991 1422 1035 admirabiles
1458 991 1689 1035 decanta-

53 1070 193 1115 tabat
216 1084 328 1114 cum
353 1069 635 1125 ingentibus
659 1068 883 1124 suspiriis
907 1078 955 1113 et
976 1068 1333 1112 lachrimarum
1354 1067 1509 1112 imbre
1529 1067 1690 1122 copio-

53 1162 124 1192 so.
154 1146 217 1191 Et
248 1147 340 1191 hoc
373 1146 519 1191 modo
554 1146 616 1190 ad
651 1155 930 1190 extremum
969 1160 1122 1202 vsque
1157 1145 1440 1201 suspirium,
1477 1159 1693 1200 corpore

55 1234 104 1269 et
129 1224 291 1269 animo
316 1239 515 1269 crucem
540 1224 850 1280 amplexans,
880 1223 1124 1280 requieuit
1149 1223 1195 1267 in
1221 1222 1452 1267 Domino.

113 1301 156 1346 5.
210 1301 319 1346 Non
340 1301 628 1357 praeteribo
650 1300 779 1358 (cum
802 1302 861 1346 de
880 1300 1123 1346 fratribus
1143 1300 1326 1345 nostris
1345 1316 1511 1345 sermo
1531 1299 1694 1345 factus

55 1378 147 1435 est)
173 1379 285 1435 quin
310 1378 387 1423 hic
412 1394 605 1436 quoque
630 1377 927 1423 mentionem
952 1377 1135 1423 faciam
1172 1377 1511 1434 augustissimi
1546 1377 1693 1433 impe·

52 1456 255 1513 satoris,
284 1456 481 1512 patroni
506 1456 662 1501 nostri
686 1455 1082 1513 singularissimi,
1119 1455 1439 1509 Ferdinandi‚
1468 1455 1545 1500 cui
1581 1454 1693 1511 (iam

56 1533 414 1590 imperatoriae
455 1533 730 1578 maiestatis
775 1533 1018 1589 dignitate
1059 1533 1226 1589 aucto)
1267 1548 1377 1577 cum
1424 1532 1576 1577 Pater
1621 1548 1695 1577 re-

42 1620 167 1656 -ctor
192 1611 206 1635 3
241 1611 703 1667 congratularetur,
743 1620 790 1656 et
823 1610 887 1656 illi
924 1619 1108 1655 statum
1139 1610 1336 1666 collegii
1372 1610 1528 1655 nostri
1563 1624 1694 1654 com-

57 1688 330 1743 mendaret,
364 1689 526 1733 laetus
551 1687 816 1732 admodum
852 1687 1339 1743 congratulationem
1378 1686 1612 1742 suscepit,
1650 1696 1697 1731 et

57 1780 109 1809 se
135 1775 395 1821 patronum
422 1765 563 1810 nobis
587 1774 896 1821 perpetuum,
924 1763 1144 1809 hilariori
1176 1780 1323 1820 quam
1363 1779 1579 1820 vnquam
1614 1779 1697 1808 an-

56 1852 138 1888 tea
161 1842 341 1896 fronte,
369 1842 645 1899 spopondit.
676 1841 738 1887 Et
772 1843 900 1887 hanc
934 1842 1341 1898 pollicitationem
1378 1857 1529 1897 opere
1564 1856 1695 1886 com-

56 1921 274 1976 probare
319 1935 435 1964 mox
473 1919 651 1975 coepit,
694 1919 918 1964 ducentis
958 1919 1151 1964 ducatis
1192 1919 1239 1963 in
1277 1919 1696 1974 complementum

5 1987 7 1991 .
57 1996 266 2042 aedificii
290 2011 537 2041 nouarum
562 1996 847 2041 scholarum
873 1996 1114 2052 erogatis.
1143 1996 1220 2040 De
1245 2011 1454 2040 numero
1475 1997 1596 2040 satis
1618 2010 1695 2040 co-

59 2074 197 2132 pioso
222 2083 325 2119 tam
349 2073 566 2119 fratrum
590 2090 739 2131 quarn
763 2073 1069 2119 scholarium
1095 2084 1143 2119 et
1167 2074 1374 2119 miratus
1399 2083 1447 2118 et
1470 2073 1696 2118 similiter

45 2152 265 2208 gauisus
284 2161 369 2206 ⁴est
404 2152 743 2206 vehementer,
779 2166 989 2207 sperans
1019 2166 1256 2207 magnum
1282 2150 1392 2195 inde
1417 2150 1698 2194 animarum

53 2229 445 2274 emolumentum
471 2238 848 2285 prouenturum.

117 2306 161 2353 6.
227 2304 443 2351 Similem
468 2306 613 2362 plane
638 2306 898 2351 charitatis
922 2305 968 2350 in
992 2321 1082 2350 nos
1107 2304 1346 2350 affectum
1382 2305 1532 2349 habet
1565 2319 1697 2349 sere-

58 2382 263 2428 nissima
287 2383 462 2439 regina
487 2383 757 2427 Bohemiae
776 2384 808 2439 4,
831 2398 958 2439 quae
977 2383 1126 2427 etiam
1146 2382 1446 2426 liberalitate
1466 2397 1557 2426 sua
1577 2390 1699 2425 tem-

58 2461 192 2516 -plum
217 2468 441 2506 nostrum
467 2454 829 2505 cohonestauit.

119 2538 162 2583 7.
230 2537 467 2593 Magnam
492 2552 687 2594 quoque
712 2537 1112 2582 beneuolentiam
1143 2547 1190 2581 et
1225 2536 1537 2581 dilectionem
1572 2551 1700 2593 erga

62 2624 261 2660 nostros
299 2614 513 2660 ostendit
547 2614 840 2660 Rdissimus.
878 2614 1076 2659 nuntius
1115 2613 1420 2670 apostolicus
1459 2613 1699 2671 Augusti-

110 2790 119 2808 ¹
172 2788 321 2824 Frater
335 2787 514 2834 Joannes
540 2787 634 2830 Isla.
665 2787 871 2834 hispanus,
902 2787 1110 2834 coadjutor
1137 2786 1386 2832 temporalis.
1418 2785 1483 2823 Cf.
1513 2786 1701 2824 BRAUNS—

55 2858 246 2893 BERGER,
267 2848 322 2884 Β.
346 2847 396 2884 Ρ.
422 2847 590 2884 Cam‘sz'z'
607 2849 745 2893 epist..
766 2846 815 2892 ΙΙ,
840 2847 919 2891 151;
942 2846 1096 2883 Laz‘nz'z'
1114 2845 1327 2890 Monam„
1349 2845 1398 2891 Π,
1418 2845 1477 2883 25.

111 2908 124 2927 2
175 2907 239 2945 Cf.
261 2908 297 2945 II
317 2907 427 2952 T1M.,
451 2907 526 2953 IV,
547 2907 583 2944 6.

112 2967 125 2986 ³
176 2967 221 3003 P.
243 2966 438 3003 Nicolaus
457 2966 654 3015 Lanojus.

112 3027 126 3046 ‘²
176 3026 310 3063 Maria
329 3025 565 3071 Austriaca,
583 3025 856 3062 Maximiliani
877 3038 987 3062 uxor.
