2043 3467
380 244 426 282 32
844 245 1064 283 LITTERAE
1091 247 1444 293 QUADRIMESTRES

334 343 381 384 et
388 340 633 397 fratrum
657 340 902 385 charitati
923 341 1358 386 comnszendamns.
1388 342 1592 399 Alioqui
1612 342 1728 386 nihil
1753 340 1951 386 aduersi

332 417 457 462 sciat
481 416 538 461 T.
566 416 626 461 R.
655 416 707 461 P.
736 426 845 473 post
869 427 1128 473 acceptum
1152 418 1494 473 Adalbertum,
1523 419 1607 463 sed
1629 419 1780 462 multo
1805 432 1954 473 quam

332 502 447 538 ante
486 493 735 549 optatiora
773 492 934 548 potius
972 493 1018 538 in
1057 495 1205 539 rebus
1244 494 1390 538 diuini
1428 494 1615 539 seruitii
1649 493 1788 539 nobis
1822 499 1839 519 ³
1875 508 1953 538 ac-

332 570 523 615 cidisse.
551 569 684 614 Inter
713 585 883 615 omnes
913 585 1049 626 uero,
1077 580 1177 615 tam
1213 586 1497 627 prosperas,
1535 587 1680 628 quam
1715 570 1955 615 aduersas

333 646 644 701 mutationes,
672 661 932 702 speramus
955 647 1151 692 tandem
1175 647 1446 692 efficaciter
1481 656 1803 703 operaturam
1838 645 1949 690 diui-

331 739 445 768 nam
480 722 749 768 bonitatem
783 723 828 767 in
859 723 932 768 his
961 723 1235 779 animabus,
1263 724 1330 769 ita
1356 734 1405 769 ut
1431 740 1489 769 eo
1513 724 1640 768 unde
1664 722 1954 768 exciderunt

332 800 553 856 redeant,
576 809 623 845 et
647 799 692 844 in
717 799 887 855 primis
911 799 1142 855 operibus
1161 800 1411 845 christiani
1435 809 1834 856 perseuerantes,
1856 814 1955 844 una

330 877 583 922 nobiscum
606 877 757 922 uitam
781 886 1147 933 consequantur
1171 887 1441 922 aeternam.
1476 876 1620 933 Quod
1644 888 1697 921 ut
1720 876 1819 931 fiat,
1845 892 1950 932 nos,

331 954 619 999 Bohemiam
644 963 866 998 nostram
886 962 933 998 et
950 962 1106 998 totum
1125 953 1420 1010 Aquilonem
1441 954 1705 1010 praecipue
1725 952 1784 997 R.
1808 952 1860 998 P.
1884 952 1951 999 V.

330 1030 637 1076 orationibus
671 1045 730 1075 ac
765 1028 1036 1085 sacrificiis,
1074 1029 1285 1075 fratrum
1320 1045 1440 1075 uero
1476 1030 1707 1084 omnium,
1745 1039 1847 1075 tum
1871 1030 1952 1074 do-

330 1123 452 1163 mus,
476 1118 579 1153 tum
599 1107 939 1163 collegiorum,
967 1107 1195 1163 precibus
1213 1123 1301 1152 nos
1322 1123 1432 1152 cum
1456 1107 1623 1163 primis
1643 1107 1951 1152 commenda-

330 1199 452 1229 mus.
495 1183 696 1240 Pragae
739 1182 849 1228 1557
885 1182 919 1227 ὓ.
962 1182 1039 1228 Ex
1079 1184 1288 1240 collegio
1330 1183 1469 1240 regio
1509 1182 1777 1228 Societatis
1821 1183 1951 1238 apud

331 1260 381 1307 S.
412 1260 734 1306 Clementem.

404 1337 481 1382 Ex
500 1337 846 1382 commissione
865 1336 925 1382 R.
948 1336 994 1382 in
1014 1336 1104 1381 X.⁰
1122 1336 1175 1381 P.
1198 1337 1426 1391 rectoris,
1450 1336 1676 1393 magistri
1696 1336 1946 1391 Vrsmari3

403 1414 461 1459 T.
488 1414 549 1459 R.
577 1413 630 1458 P.
658 1413 885 1470 indignus
909 1412 1050 1469 filius,

1249 1519 1448 1565 PETRUS
1482 1518 1703 1566 SYLUIUs
1738 1523 1768 1565 1.

375 1682 391 1702 ὃ
412 1674 524 1711 nobis
544 1673 689 1710 omnia.
745 1673 809 1700 —b
829 1673 940 1709 initio
962 1673 1062 1709 1557.

376 1849 385 1867 ¹
438 1846 502 1883 De
521 1858 599 1893 quo
617 1846 828 1891 catalogus
846 1844 1075 1891 provinciae
1094 1844 1300 1881 rhenanae
1323 1844 1412 1880 1565
1430 1845 1497 1881 ait:
1523 1845 1574 1881 «Il
1602 1844 1645 1882 Ρ.
1674 1845 1796 1882 Petro
1821 1845 1950 1884 Siluio

330 1912 421 1943 nato
440 1917 603 1952 apresso
622 1905 659 1940 di
683 1904 830 1941 Alosto
857 1904 897 1940 in
924 1903 1128 1947 Fiandria;
1158 1903 1262 1940 d'eta
1290 1906 1311 1940 e
1342 1904 1380 1940 di
1408 1904 1502 1940 anni
1528 1904 1585 1941 31.
1616 1904 1790 1941 Louanii
1816 1905 1862 1942 27
1884 1906 1949 1953 Ja-

327 1966 458 2002 nuarii
488 1965 577 2002 1552
595 1964 791 2001 admissus
811 1969 883 2008 est;
905 1969 944 2000 et
962 1963 1055 2000 facti
1076 1963 1104 1999 li
1125 1963 1313 2000 essertitii
1333 1963 1418 2000 fece
1439 1977 1492 2000 vn
1511 1969 1602 2000 voto
1622 1977 1744 2001 senza
1764 1965 1803 2001 la
1821 1965 1950 2003 forma

327 2026 457 2063 solita.
478 2024 694 2062 Veniendo
713 2024 817 2070 dipoi
837 2036 860 2060 a
878 2025 1022 2066 Roma,
1043 2023 1122 2059 Phe.
1140 2022 1238 2060 fatto
1259 2030 1297 2060 et
1322 2024 1507 2060 rinouato
1533 2024 1600 2070 piu
1627 2024 1723 2061 delli
1751 2026 1873 2062 volte.
1904 2026 1949 2062 In

327 2085 478 2123 diuersi
503 2084 666 2131 collegii
693 2083 942 2129 d'Almagna
972 2083 1023 2119 ha
1050 2084 1162 2126 letto,
1192 2088 1231 2119 et
1258 2084 1296 2119 al
1325 2089 1512 2129 presente
1538 2083 1578 2119 in
1603 2083 1786 2120 Treuere
1805 2085 1907 2122 doue
1929 2089 1950 2122 'e

326 2145 425 2182 fatto
443 2144 649 2181 licentiato
668 2143 738 2179 alli
760 2142 802 2179 12
820 2142 858 2178 di
879 2141 1059 2179 Gianaro
1078 2142 1143 2178 del
1161 2142 1220 2183 64;
1242 2148 1281 2179 et
1300 2142 1441 2178 adesso
1461 2142 1530 2178 ahi
1554 2142 1596 2178 16
1614 2143 1651 2179 di
1671 2149 1813 2190 questo
1837 2157 1949 2181 mese

327 2205 365 2241 di
379 2204 524 2251 Janaio
542 2203 609 2240 del
630 2202 720 2239 1565
738 2206 758 2239 'e
779 2201 877 2239 fatto
895 2202 1051 2238 dottore
1070 2202 1111 2238 in
1129 2202 1347 2248 theologia;
1369 2202 1471 2238 doue
1498 2203 1592 2249 lege
1620 2208 1659 2239 et
1687 2206 1708 2239 e
1736 2202 1948 2249 professor’

327 2263 540 2301 ordinario.
573 2262 608 2299 E
639 2261 865 2299 confessore
893 2262 955 2299 del
986 2261 1159 2308 collegio
1191 2268 1229 2298 et
1261 2266 1456 2298 essattore
1484 2261 1580 2298 delli
1611 2262 1768 2299 studii.»
1798 2261 1948 2300 Codice

327 2324 466 2361 Rlzen.
489 2322 567 2368 inf.
589 2321 657 2364 37,
680 2321 747 2358 fol.
768 2320 802 2358 2.
