1900 3380
583 249 844 285 67.-—PRAGA
880 250 917 285 11
943 250 1055 295 juxn
1087 250 1176 285 1557
1576 251 1646 287 269

43 359 187 391 suae
206 344 483 402 fatniliaej
516 344 609 388 lzoc
645 357 765 388 nero
799 358 853 388 se
886 357 986 388 non
1007 348 1162 399 posse
1184 345 1339 388 scire:
1362 345 1535 401 sicque
1560 346 1691 390 nolle

61 425 252 467 certain
279 421 511 477 aliquant
534 434 799 465 snnznmni
823 420 1072 476 accipere.

122 497 188 543 10.
258 497 412 554 Quod
433 498 504 542 act
526 498 718 542 missas
741 497 923 542 attinet
945 511 1077 554 qnae
1097 498 1244 554 finnt
1275 498 1327 542 in
1363 503 1534 543 nostro
1569 503 1687 544 tein-

56 575 158 632 plo,
196 588 320 619 nmn
355 574 635 619 debeamus
669 574 720 618 in
746 588 802 619 eo
826 574 1105 619 haereticos
1130 574 1433 631 Vc‘lz'nqnere,
1460 575 1584 619 ditm
1608 590 1688 620 sa-

61 652 285 709 crnnifit
307 656 400 696 ant
422 665 597 696 comni
623 652 697 696 eis
721 651 999 696 celebrare:
1023 665 1146 696 nnn!
1167 652 1435 707 possimus
1459 652 1510 696 in
1531 653 1689 697 donzi-

59 729 152 774 Ints
175 728 553 773 haereticormn
579 732 626 772 et
649 728 852 773 illorum
877 727 1083 785 quiden]
1106 727 1200 772 snb
1226 732 1443 785 ntmqne
1474 728 1689 773 celebra-

61 820 128 863 re,
165 805 373 862 qnando
408 805 661 862 contingit
694 805 993 862 qnempiam
1028 805 1336 849 catholicum
1372 805 1441 850 ibi
1473 806 1685 859 morari,

43 887 346 939 ,cn-pereqne
367 882 467 926 sibi
499 882 716 927 missam
750 895 925 927 4:01²(sz
946 881 1088 937 fieri.
1129 881 1326 926 Canei‘e
1356 883 1690 938 persistimus

60 963 330 1016 utcunque,
359 959 517 1004 donec
548 959 733 1009 istliinc
767 959 895 1016 qnid
926 959 1051 1003 certi
1081 959 1334 1003 sciannts:
1369 959 1598 1003 nonduin
1633 959 1687 1003 li-

59 1037 174 1082 bros
223 1036 553 1092 aptanitnns:
607 1037 837 1081 nondum
891 1041 1082 1092 pneros
1136 1040 1347 1080 cantant
1395 1036 1684 1093 docuimus,

59 1127 215 1170 quum
240 1116 414 1157 tan'zen
437 1113 569 1158 satis
578 1113 890 1171 frequentes
924 1112 1199 1157 dominicis
1233 1126 1293 1156 nc
1312 1112 1476 1170 festis
1509 1113 1689 1157 diebus

45 1188 206 1245 (nain
237 1189 535 1245 prophanis
568 1203 747 1234 onmes
778 1189 938 1234 sinznl
968 1189 1122 1246 pnei‘i
1153 1189 1283 1233 nom
1311 1189 1536 1245 septima
1571 1204 1687 1234 eam

62 1265 304 1323 audiunt)
328 1279 513 1310 sacrae
536 1266 730 1310 missae
755 1266 995 1311 intersint
1016 1265 1267 1310 lioniines.

121 1343 187 1387 11.
255 1342 402 1387 Pueri
426 1342 634 1399 singulis
657 1343 913 1388 dominicis
931 1357 991 1388 ac
1009 1342 1146 1387 festis
1166 1342 1226 1387 ad
1247 1342 1466 1387 scholam
1486 1343 1687 1388 ueniunt

59 1419 180 1474 hora
203 1430 363 1475 sexta,
392 1419 567 1476 quibus
591 1419 773 1477 aliquid
797 1419 861 1476 pii
880 1419 1201 1476 praelegitur,
1225 1419 1479 1476 germanis
1498 1436 1527 1465 a
1546 1436 1688 1476 prae-

62 1504 261 1552 ceptore
286 1496 585 1541 Balthasare
611 1497 642 1552 ¹,
670 1496 926 1542 bohaemis
950 1512 979 1541 a
1004 1494 1252 1552 Gaspare.

119 1573 186 1618 12.
254 1574 385 1618 Ante
409 1574 589 1618 festum
616 1573 839 1619 Paschae
864 1573 1060 1619 ducenti
1080 1582 1166 1618 aut
1184 1573 1349 1629 plures
1369 1572 1426 1629 (si
1447 1574 1572 1619 bene
1591 1590 1688 1619 me-

52 1651 189 1708 mini)
214 1651 405 1708 hispani
431 1660 478 1696 et
502 1651 604 1696 itali
629 1651 886 1697 sacrificiis
901 1651 1092 1696 -nostris
1116 1651 1464 1709 interfuerunt;
1503 1663 1549 1696 et
1573 1667 1686 1697 con-

58 1727 189 1786 fessi,
215 1744 415 1774 sacrum
439 1729 521 1774 Xi.
549 1744 730 1785 corpus
755 1737 1098 1785 perceperunt.
1118 1728 1333 1785 Quidam
1352 1728 1565 1787 illorum,
1587 1745 1687 1775 ma-

59 1804 140 1862 gni
163 1806 273 1862 uiri,
296 1815 465 1863 utpote
491 1807 808 1864 magnificus
832 1806 1075 1852 dominns
1098 1806 1293 1863 legatus
1313 1815 1607 1852 venetorum
1647 1808 1677 1864 ²,

58 1897 165 1928 curn
190 1898 279 1928 sua
303 1882 509 1940 familia,
537 1883 762 1928 dominus
798 1881 1155 1929 Gousmannus
1179 1884 1210 1939 ⁵,
1238 1883 1490 1939 hispanus,
1508 1885 1684 1940 proxi-

57 1973 173 2005 mus
190 1961 370 2016 regiae
388 1961 667 2017 nmiestati,
689 1961 943 2017 plaerique
966 1966 983 1987 ³
1004 1960 1085 2005 alii
1105 1960 1311 2016 nobiles,
1333 1971 1434 2004 tum
1454 1960 1563 2018 uiri,
1585 1970 1687 2006 tum

57 2035 317 2095 foeminae,
344 2042 393 2082 et
414 2052 592 2083 eornm
618 2052 821 2083 uxores.

144 2113 196 2158 In
222 2114 615 2160 confessionibus
639 2114 895 2160 audiendis
918 2114 1115 2171 accidit,
1142 2125 1193 2159 ut
1217 2115 1435 2159 nonnulli
1460 2116 1522 2160 ad
1556 2130 1684 2159 mor-

57 2198 155 2235 tem
179 2206 332 2248 usque
357 2203 697 2249 aegrotantes,
724 2192 939 2237 confessi
964 2201 1012 2237 et
1036 2191 1399 2247 communicati,
1423 2192 1685 2237 miraculo·

37 2280 110 2312 -se
134 2267 152 2294 ¹³
175 2268 373 2314 sanitati
398 2284 605 2325 prorsus
629 2268 843 2314 restituti
869 2268 978 2314 sint.

118 2343 185 2389 13.
251 2343 405 2390 Italus
429 2345 643 2403 quidam,
670 2345 830 2390 frater
853 2345 1090 2390 Andreae
1114 2345 1270 2390 nostri
1295 2345 1416 2399 coci,
1454 2360 1575 2401 prae
1609 2345 1688 2390 ira

38 2428 105 2465 -et
142 2420 462 2478 impatientia,
500 2430 660 2467 morte
694 2422 815 2467 satis
848 2421 973 2467 dura
1008 2422 1185 2467 clausit
1220 2422 1346 2467 diem
1386 2431 1683 2473 extremum,

57 2495 182 2542 iusto
206 2498 298 2544 Dei
323 2499 520 2556 iudici0,
547 2510 599 2544 ut
622 2499 773 2544 etiam
807 2499 993 2545 caeteri
1028 2499 1129 2544 itali
1164 2499 1394 2544 timorem
1430 2499 1686 2544 hauserint

58 2588 151 2619 non
174 2575 491 2629 mediocrem,
518 2575 738 2633 fassique
761 2576 856 2621 sint
878 2592 975 2622 non
999 2576 1182 2622 debere
1207 2587 1381 2622 contra
1400 2575 1494 2620 Dei
1514 2576 1683 2621 uolun-

57 2657 207 2696 tatem
245 2653 561 2699 uocationem
599 2654 731 2710 piam
771 2654 978 2699 alicuius
1022 2653 1309 2699 disturbari
1349 2656 1398 2697 et
1439 2653 1680 2710 impediri.

102 2805 120 2826 ὃ
145 2804 184 2836 et
202 2800 400 2848 plerique.
454 2801 521 2833 —b
549 2814 696 2849 magno
715 2815 805 2839 cum
826 2802 1038 2839 miraculo.

103 2930 114 2949 ¹
163 2930 270 2968 Vide
289 2944 382 2979 pag.
402 2931 461 2977 21,
483 2936 619 2969 annot.
641 2932 675 2968 4.

102 2986 115 3006 ²
163 2988 264 3036 Pag.
287 2989 366 3036 173,
387 2995 524 3027 annot.
545 2990 583 3026 2.

83 3046 115 3066 ‘³
164 3046 366 3086 Martinus
385 3049 434 3086 de
455 3048 655 3087 Guzman.
