1900 3380
439 241 568 277 INDEX
599 249 888 283 PERSONARUM,
918 248 1061 273 RERUM
1089 247 1141 273 Ac
1169 247 1359 273 LOCORUM

130 341 306 384 pergunt
337 335 462 382 aliqui
481 348 502 371 e
522 334 668 371 nostris
694 334 869 370 laureta-

130 397 204 441 nis,
225 396 308 441 399;
329 395 442 431 initia
461 394 637 441 collegii,
658 393 740 430 399.

85 456 249 502 Camps,
271 455 576 491 archidiaconus
592 454 767 500 quidam,
788 452 865 489 195.

85 515 266 557 Canalis,
284 514 443 557 Petrus,
462 513 502 550 S.
515 514 562 560 J.,
581 519 770 549 strenuus
785 524 876 549 con-

132 575 338 617 fessarius,
359 573 440 619 546,
461 573 542 615 549,
563 574 644 613 713,
666 572 748 609 834.

85 635 316 679 Candidati,
338 648 375 670 v.
397 632 582 670 Societas
596 633 710 679 Jesu.

85 693 305 736 Candidus,
329 693 550 735 Adrianus,
573 692 616 729 S.
640 692 697 738 J.,
732 691 874 728 doctri-

131 767 208 790 nae
241 752 484 789 christianae
514 754 648 788 clarus
676 751 873 798 magister

130 813 210 850 362.

86 872 289 917 Canisius,
312 872 358 909 Β.
379 872 539 917 Petrus,
562 871 604 909 S.
627 871 681 918 J.,
715 871 873 917 provin-

144 932 256 969 cialis
297 931 561 974 Germaniae,
602 930 660 977 263
703 929 874 967 Germa-

143 992 251 1028 niam
295 993 530 1038 perlustrat,
569 991 679 1027 illius
714 990 870 1033 laudes,

130 1051 188 1095 27,
210 1052 292 1097 604,
311 1051 452 1097 probat
479 1050 726 1087 comoediam
747 1062 872 1095 agen-

132 1112 223 1147 dam
243 1110 495 1157 Ingolstadii,
512 1110 570 1155 733
589 1109 625 1146 ei
646 1109 797 1155 primus
817 1109 872 1144 lo-

132 1183 202 1207 cus
237 1171 275 1206 in
312 1169 631 1215 congregatione
666 1169 873 1214 theologo-

132 1243 221 1267 rum
240 1230 443 1273 tribuitur,
464 1228 585 1273 76-77;
604 1229 690 1276 ejus
710 1228 872 1264 litterae

132 1290 310 1327 animum
328 1290 480 1331 levant,
497 1288 554 1333 76;
573 1288 722 1324 laboris
737 1301 874 1324 aman-

133 1351 325 1391 tissimus,
349 1348 426 1394 1323
449 1349 487 1384 in
508 1348 679 1385 comitiis
709 1348 878 1384 ratisbo-

133 1409 339 1452 nensibus,
365 1408 529 1454 132—1333
551 1407 740 1444 assiduus
759 1407 798 1443 in
818 1405 874 1443 la'-

133 1470 326 1513 borando,
343 1468 425 1513 5763
444 1468 538 1514 quid
554 1468 602 1504 de
622 1467 797 1513 collegio
816 1479 876 1503 co-

134 1529 305 1566 loniensi
339 1528 521 1568 sentiret,
554 1527 635 1573 423;
658 1526 870 1564 Coloniam

134 1589 258 1632 venit,
294 1587 376 1633 426;
410 1588 586 1623 maxima
620 1586 869 1623 audientium

135 1661 284 1686 corona
315 1648 582 1689 contionatur,
623 1646 704 1691 427;
751 1659 874 1693 quan-

136 1714 219 1744 tum
254 1707 393 1744 auxilii
413 1712 593 1754 praestet
612 1705 875 1749 Germaniae,

134 1769 216 1814 401·,
239 1769 325 1816 ejus
341 1767 390 1804 ab
406 1767 505 1803 urbe
521 1766 674 1802 reditus
691 1772 875 1813 expecta-

135 1829 313 1865 tissimus
334 1832 372 1864 et
392 1827 642 1870 utilissimus,
660 1825 740 1872 4013
758 1825 878 1862 VVor-

137 1889 302 1925 matiam
324 1886 540 1934 profectus,
561 1886 642 1932 401;
661 1886 710 1922 ab
729 1885 879 1922 Alber-

137 1954 177 1985 to
209 1947 250 1984 V
294 1947 517 1984 contionari
560 1947 696 1991 iussus
739 1945 879 1983 Strau-

137 2009 299 2054 bingae,
321 2008 403 2048 575,
424 2006 506 2049 604,
527 2006 609 2051 682;
632 2019 679 2042 eo
710 2010 874 2042 auctore

138 2069 366 2105 retinentur
386 2066 543 2102 diaconi
570 2070 666 2111 tres,
695 2066 776 2111 607;
811 2079 876 2102 ex-

138 2132 323 2175 pectatus
343 2126 519 2171 Pragae,
540 2124 622 2170 682;
648 2125 876 2161 «Diarium»

137 2188 231 2224 ibid.
249 2186 507 2223 scribendum
526 2185 776 2231 praescribit,
793 2184 875 2229 5243

138 2249 187 2283 de
207 2246 381 2291 collegio
403 2244 628 2281 Cracoviae
660 2245 876 2289 fundando,

138 2306 219 2351 529,
241 2305 322 2351 6823
345 2304 516 2350 hospitio
533 2309 738 2350 exceptus,
759 2309 798 2340 et
815 2317 880 2349 pe-

140 2367 256 2403 dibus
271 2367 378 2402 lotus
393 2378 414 2400 a
431 2363 627 2400 cardinali
642 2368 880 2410 augustano,

138 2426 222 2471 5773
245 2430 384 2462 contra
402 2425 517 2460 illum
546 2436 766 2469 sermones,
795 2423 877 2469 4353

141 2485 302 2522 etlibcr
322 2484 464 2522 editus.
485 2482 566 2528 9163
596 2483 682 2531 ejus
708 2483 881 2520 catechi-

141 2557 262 2587 smus,
283 2543 361 2587 139,
383 2543 460 2585 184,
477 2542 558 2587 232,
575 2542 656 2585 259,
673 2543 756 2589 517;
774 2547 881 2579 cate-

140 2603 318 2640 chismus
337 2615 498 2649 parvus,
520 2603 694 2655 secundo
713 2603 880 2648 impres-

140 2676 221 2705 sus,
242 2663 325 2709 5173
347 2662 397 2698 ab
418 2675 464 2698 eo
496 2662 777 2698 adolescentes
807 2660 879 2698 So-

141 2723 330 2759 cietatem
366 2726 523 2768 petunt,
558 2721 639 2766 854,
673 2721 755 2767 8553
792 2721 877 2767 agit

145 2796 234 2819 cum
266 2781 527 2827 Eisengrein,
559 2780 642 2826 8563
676 2795 712 2817 V.
742 2780 884 2817 Eisen-

143 2843 275 2890 grein3
296 2841 461 2877 advenit
479 2839 765 2877 Vindobonam
791 2853 882 2877 cum

143 2903 281 2948 legato
300 2899 445 2937 summi
464 2899 677 2946 pontificis,
695 2900 778 2946 859;
797 2900 884 2948 ejus

142 2973 248 2997 mors
277 2959 380 2996 falso
412 2960 620 3005 evulgata,
652 2959 735 3003 859,
769 2963 901 3006 optat*

142 3026 185 3057 ut
203 3031 364 3065 semper
382 3018 432 3054 sit
451 3018 597 3065 aliquis
613 3031 634 3055 e
650 3019 798 3055 nostris
814 3018 882 3065 qui

206 3103 371 3129 ΜΤΤΕΠΑΕ
392 3100 688 3134 QUADRIMESTRES.
710 3101 799 3128 TOM.
821 3101 857 3128 V.

1602 232 1672 269 993

980 332 1183 368 exercitiis
1215 336 1347 374 vacet,
1366 331 1449 377 8613
1471 343 1561 366 cum
1581 342 1628 366 eo
1648 329 1718 365 hu-

981 392 1213 428 manissime
1246 391 1330 436 agit
1367 391 1529 437 legatus
1563 387 1720 436 pontifi-

977 452 1046 495 cis,
1067 451 1149 493 867:
1171 452 1264 493 alia,
1282 450 1339 495 74,
1357 450 1414 493 75,
1436 450 1513 495 170,
1530 448 1612 493 268,
1632 448 1715 491 596,

985 511 1066 553 600,
1088 510 1168 553 602,
1190 510 1271 551 634,
1293 509 1375 550 756,
1396 509 1477 546 929.

934 570 1256 607 —Theodoricus
1300 570 1423 615 (alias
1467 568 1718 611 Theodorus)

981 630 1022 669 S.
1049 631 1110 678 J.,
1142 631 1267 666 frater
1285 629 1580 677 praecedentis,
1603 640 1721 674 expe-

986 696 1116 728 ctatus
1139 689 1349 732 Coloniae,
1376 688 1459 733 297,
1490 687 1571 732 393,
1603 686 1722 724 Colo-

983 751 1091 786 niam
1108 762 1188 786 non
1202 749 1326 791 venit,
1338 748 1420 793 4¹22
1433 762 1466 786 v.
1481 747 1655 784 INDICEM
1668 745 1718 783 ΙΙ.

934 810 1209 848 Canonicatus
1239 808 1503 846 conferuntur
1526 807 1722 855 professo-

983 870 1094 906 ribus
1115 869 1324 913 Coloniae,
1342 868 1509 911 234-235,
1530 867 1611 903 514.

939 929 1181 968 Canonicus,
1203 929 1242 964 in
1262 928 1483 972 comoedia,
1503 927 1585 963 548.

939 989 1141 1026 Cantores
1172 989 1277 1035 regii
1309 988 1523 1024 concinunt
1543 987 1582 1022 in
1602 986 1722 1022 colle-

983 1049 1050 1095 gio
1069 1047 1345 1094 olisiponensi,
1369 1047 1422 1083 18.

938 1107 1095 1145 Cantus
1131 1121 1152 1143 a
1184 1107 1330 1143 nostris
1361 1105 1534 1142 alumnis
1562 1105 1719 1147 colitur,

983 1167 1065 1213 840;
1088 1167 1127 1203 in
1147 1167 1289 1203 studiis
1309 1165 1563 1207 renovandis,
1584 1164 1666 1201 889.

937 1226 1085 1271 Canas,
1104 1226 1283 1273 Joannes
1302 1226 1364 1267 de,
1387 1224 1635 1262 Societatem
1667 1224 1723 1259 in-

985 1299 1163 1333 gressus,
1175 1285 1256 1330 227,
1268 1285 1533 1327 contionator,
1544 1283 1625 1326 625,
1636 1282 1720 1319 626.

941 1346 1104 1391 Caorle,
1126 1361 1163 1382 v.
1187 1345 1407 1392 Capi-ulae.

938 1405 1180 1453 Caparroso,
1202 1418 1291 1452 opp.
1313 1404 1552 1451 Hispaniae,
1573 1403 1656 1439 211.

941 1465 1127 1512 Capella,
1145 1464 1451 1501 Maximilianus
1466 1476 1504 1503 a,
1521 1462 1563 1499 S.
1579 1463 1633 1509 J.,
1652 1477 1719 1500 na—

985 1526 1094 1561 tione
1114 1524 1270 1561 flander
1287 1523 1369 1569 392;
1391 1524 1528 1570 aliqua
1555 1523 1604 1559 de
1633 1523 1721 1571 ejus

980 1585 1079 1627 vita,
1100 1584 1181 1629 439;
1203 1598 1240 1620 v.
1263 1584 1436 1620 INDICEM
1456 1583 1504 1619 H.

938 1644 1113 1692 Capilla,
1148 1645 1352 1683 Andreas.
1382 1642 1424 1680 S.
1447 1643 1500 1689 J.,
1528 1643 1610 1683 505,
1636 1642 1718 1678 716.

942 1703 1155 1751 Cappello,
1179 1704 1371 1751 Joannes,
1406 1703 1568 1748 legatus
1600 1715 1721 1738 vene-

984 1770 1062 1803 tus.
1085 1764 1303 1810 collegium
1334 1763 1632 1799 vindobonense
1664 1762 1720 1798 in-

988 1825 1093 1867 visit,
1114 1824 1196 1860 867.

943 1884 1150 1932 Caprulae
1192 1883 1386 1928 (Caorle),
1428 1897 1516 1930 opp.
1562 1882 1719 1925 Italiae,

988 1945 1069 1989 5003
1093 1944 1237 1991 episc„
1260 1957 1297 1979 v.
1316 1943 1517 1979 Falcetta.

939 2003 1175 2051 Capuccini,
1209 2003 1391 2049 discipuli
1420 2001 1517 2048 S.J.
1546 2002 1718 2047 ingressi

988 2065 1027 2100 in
1048 2076 1184 2100 eorum
1206 2064 1400 2105 ordinem,
1421 2063 1503 2104 307,
1524 2061 1606 2098 652.

944 2123 1219 2166 Caracciolus,
1241 2123 1401 2171 juvenis
1426 2136 1475 2158 ex
1501 2135 1549 2157 ea
1567 2121 1722 2158 familia

988 2183 1247 2230 neapolitana
1276 2181 1370 2218 facit
1399 2181 1604 2222 exercitia,
1638 2180 1719 2217 396.

943 2242 1194 2282 jNicolaus.
1217 2241 1291 2283 M,
1310 2242 1518 2288 episcopus
1534 2246 1721 2276 catanen-

990 2304 1055 2348 sis,
1078 2303 1118 2338 in
1137 2302 1258 2338 rebus
1285 2300 1539 2347 gravioribus
1565 2304 1722 2336 nostros

993 2362 1178 2406 consulit,
1198 2360 1368 2406 355-356;
1392 2361 1477 2397 vult
1502 2361 1679 2406 aliquem
1701 2373 1723 2395 e

991 2422 1033 2459 S.
1057 2421 1112 2468 J.,
1145 2422 1333 2458 comitem
1353 2421 1392 2457 in
1412 2420 1597 2457 obeunda
1616 2419 1723 2456 dioe-

991 2483 1085 2523 cesi,
1102 2481 1184 2525 356;
1203 2480 1420 2517 Societatis
1442 2480 1608 2523 amicus,
1627 2484 1666 2516 at
1683 2479 1724 2515 in

990 2541 1165 2589 juvando
1200 2541 1357 2584 tardus,
1387 2540 1561 2585 443-444;
1595 2539 1718 2584 aliud,

989 2600 1070 2637 786.

943 2660 1124 2705 Carafsa,
1162 2660 1378 2696 cardinalis
1412 2659 1597 2702 Carolus,
1637 2658 1719 2704 3973

989 2719 1162 2757 Carolus
1177 2733 1228 2756 an
1244 2719 1481 2765 Alphonsus
1496 2718 1722 2754 Lauretum

994 2780 1145 2821 invisit,
1165 2779 1248 2816 663.

945 2838 1173 2885 Caragoza,
1206 2852 1244 2874 v.
1275 2838 1620 2883 Caesaraugusta3
1650 2835 1724 2884 Sy-

993 2911 1176 2935 racusae.

944 2957 1170 3005 Caraicejo,
1193 2957 1459 3005 V.Jaraicej0.

947 3017 1221 3058 Carcaeneus,
1247 3016 1441 3063 Jodocus,
1475 3016 1517 3052 S.
1545 3016 1600 3062 J.,
1633 3015 1724 3051 sub-

1546 3099 1580 3126 6ἶῖ
