1909 3328
290 226 359 261 eso
758 226 978 262 LITTERAE
1005 225 1362 270 QUADRIMESTRES

243 332 416 368 sancta
443 322 549 367 Xri.
577 331 848 379 paupertas
885 337 978 366 non
1014 322 1227 367 obscure
1262 322 1307 367 in
1344 338 1543 369 mensae
1577 333 1624 370 et
1659 324 1869 370 ferculo·
1905 346 1908 350 ·

246 416 351 445 rum
388 399 679 456 frugalitate
715 398 1071 456 aliquantisper
1104 399 1413 445 enitesceret.
1438 400 1599 457 Quam
1623 402 1691 446 ita
1717 402 1862 458 laeto,

243 477 401 533 hilari,
430 477 675 521 constanti
711 477 848 521 vultu
883 476 1069 521 fratres
1103 476 1401 522 vnanimiter
1430 478 1663 535 tulerunt,
1692 494 1871 525 memo-
1908 475 1909 479 ’

245 570 324 599 res
350 554 458 599 Xri.
486 563 534 599 et
559 569 678 598 suae
714 554 986 610 promissae
1022 554 1346 610 paupertatis,
1374 563 1426 600 vt
1449 570 1542 600 nec
1566 556 1723 600 omnis
1757 571 1869 613 epu·
1904 571 1907 597 ῑ

244 632 405 675 larum
431 631 736 675 abundantia
760 639 808 675 et
832 629 973 686 copia
998 629 1256 676 iucundior
1279 647 1388 676 esse
1413 632 1641 678 valuerit.
1671 632 1734 678 Et
1758 633 1873 689 quid
1904 657 1908 697 2

244 708 441 753 mirum?
466 724 575 753 cum
603 709 725 753 haec
762 708 904 764 regia
939 718 985 753 et
1020 708 1251 754 coelestis
1275 718 1323 754 et
1347 710 1410 755 ab
1435 710 1539 766 ipso
1570 710 1694 756 Xro.
1722 710 1868 768 impe-
1904 717 1908 770 ἱ

246 795 416 831 satore
441 794 612 831 nostro
638 785 891 841 patefacta
916 785 976 830 sit
1000 785 1191 831 semita.
1904 839 1907 850 ¹

301 866 343 908 o.
412 863 642 919 Quadam
676 872 822 908 nocte
854 878 965 908 cum
991 863 1219 919 grauiter
1242 872 1454 921 tonaret,
1483 865 1544 910 ad
1568 880 1657 910 nos
1681 881 1873 911 summo
1904 866 1907 881 ⁵

243 940 371 985 misit
406 940 618 984 diluculo
658 939 1003 985 serenissimus
1042 940 1286 997 princeps,
1324 950 1548 987 metuens
1581 958 1641 987 ne
1675 942 1872 1000 collegii
1904 962 1907 1002 ξ

243 1027 426 1064 tectum
450 1017 581 1063 forte
612 1017 900 1063 corruisset.
931 1017 1214 1063 Obtulimus
1247 1018 1351 1064 eius
1385 1018 1660 1065 celsitudini
1695 1020 1873 1066 librum

243 1094 588 1151 germanicum
613 1094 672 1139 de
698 1094 809 1139 vitis
842 1094 1061 1152 Pati-um,
1090 1111 1234 1152 quem
1268 1096 1459 1142 solicite
1493 1097 1798 1153 inquisierat,
1826 1106 1874 1143 et

243 1172 574 1228 deuoffissime,
602 1188 631 1217 a
664 1172 848 1217 nostris
872 1172 1072 1217 Vienna
1107 1172 1328 1230 allatum,
1357 1174 1586 1230 suscepit.
1613 1174 1803 1220 Monuit
1827 1183 1875 1221 et

244 1249 474 1295 acerbius
511 1249 787 1305 Increpauit
827 1249 1092 1305 aliquando
1126 1250 1349 1296 dominos
1387 1250 1446 1296 de
1486 1267 1705 1309 camera,
1744 1251 1873 1309 quod

243 1327 386 1372 nimis
424 1327 567 1372 tarde
609 1342 668 1372 ac
707 1327 837 1372 lente
876 1335 1048 1372 nostra
1088 1343 1284 1384 semper
1323 1328 1756 1385 procrastinat-ent
1794 1343 1905 1375 ne-

247 1404 400 1461 gotia.
1904 1456 1907 1466 Δ

302 1481 344 1526 7.
411 1480 669 1527 Hactenus
694 1481 846 1539 igitur
870 1498 997 1539 quae
1034 1482 1096 1528 ad
1129 1483 1327 1539 collegii
1360 1492 1644 1529 transactas
1668 1483 1741 1540 (vt
1764 1499 1875 1540 spes
1906 1544 1907 1548 Ἰ

245 1558 338 1615 est)
373 1557 691 1604 difficultates
726 1559 1055 1617 pertinebant3
1094 1560 1269 1617 quibus
1303 1569 1350 1606 et
1384 1561 1476 1606 hoc
1512 1561 1623 1606 addi
1659 1569 1872 1618 poterat,
1902 1558 1904 1567 ¹

244 1636 485 1682 ecclesiae
511 1635 906 1682 aedificationem
942 1637 987 1682 in
1022 1637 1154 1683 aliud
1179 1646 1371 1695 tempus
1405 1646 1751 1695 prorogatam.
1777 1637 1874 1683 Do-
1908 1629 1909 1634 ¹

246 1713 476 1758 muncula
511 1714 916 1758 commensalium
951 1723 1127 1771 portae
1161 1715 1474 1772 proquinqua
1506 1715 1569 1760 ad
1602 1714 1746 1760 finem
1771 1715 1875 1761 fere

248 1789 490 1847 perducta
515 1798 603 1835 est.
1902 1787 1903 1790 ’

302 1868 344 1913 8.
416 1869 559 1915 Nunc
584 1870 643 1914 de
667 1869 839 1914 studiis
874 1879 922 1915 et
955 1870 1153 1927 collegii
1179 1885 1451 1928 progressu
1476 1870 1657 1928 aliquid
1681 1885 1874 1928 quoque

245 1958 319 1995 est
343 1948 623 1995 dicendum.
652 1946 904 2004 Scriptum
939 1963 1057 1993 reor
1090 1963 1199 1994 esse
1233 1948 1357 1994 alias
1381 1948 1440 1994 de
1465 1948 1875 2006 disputationibus

246 2041 372 2082 quae
397 2025 541 2082 regia
565 2025 825 2070 maiestate
860 2034 1125 2081 praesente
1150 2025 1279 2070 satis
1310 2025 1552 2071 foeliciter
1577 2034 1624 2071 et
1647 2025 1769 2072 satis
1792 2041 1872 2071 nu·
1901 2018 1902 2023 ¹

246 2118 443 2148 mei-osa
473 2102 720 2147 hominum
756 2101 1076 2159 multitudine,
1103 2111 1216 2148 sunt
1239 2102 1438 2148 habitae
1462 2102 1522 2148 de
1546 2102 1873 2148 confirmatio·
1900 2090 1902 2142 ἕ

246 2180 318 2225 nis
341 2189 662 2225 sacramento
688 2181 719 2237 ¹,
747 2179 922 2237 quibus
955 2189 1121 2226 tamen
1154 2196 1245 2226 nec
1278 2180 1351 2226 sui
1386 2181 1772 2227 calumniatores
1797 2181 1874 2226 de·
1900 2207 1902 2237 5

245 2257 459 2303 fuerunt.
484 2257 752 2303 Recitatae
786 2265 899 2302 sunt
932 2257 1119 2314 aliquot
1152 2257 1420 2304 orationes.
1451 2257 1579 2304 Cum
1602 2258 1874 2315 discipulo·
1899 2242 1903 2286 f

248 2349 363 2380 rum
388 2349 642 2381 numerus
660 2340 857 2392 parum
894 2340 1207 2380 accresceret
1238 2339 1287 2380 et
1317 2336 1424 2393 ipSi'
1453 2349 1651 2393 quoque
1683 2335 1872 2381 lamen-

246 2416 415 2457 tantes
439 2412 500 2457 a'e
523 2426 624 2457 saa
644 2412 930 2469 paucitate)
957 2412 1019 2457 de
1041 2413 1335 2458 studiorum
1353 2413 1756 2469 perseuerantia
1786 2412 1872 2458 du-

247 2488 409 2533 bitare
433 2489 734 2545 inciperent,
766 2489 925 2545 simul
956 2494 1003 2534 et
1035 2489 1094 2534 ob
1128 2490 1446 2547 concionum,
1473 2504 1606 2548 quae
1628 2493 1707 2535 ter
1727 2491 1899 2535 erant

248 2566 300 2610 in
346 2580 464 2611 arce
504 2572 602 2623 per
653 2567 1121 2624 qnadragesirrzam
1175 2567 1459 2625 habendae,
1492 2568 1870 2626 frequentiam,

248 2643 482 2700 aliasque
505 2645 564 2689 ob
588 2658 795 2701 causas,
823 2644 1110 2689 rhetoricae
1127 2644 1271 2690 lectio
1290 2648 1367 2690 est
1382 2645 1562 2702 dilata,
1589 2644 1874 2702 theologica
1898 2664 1899 2711 j

249 2720 300 2764 itt
317 2721 590 2776 priuatam
607 2722 882 2767 translata.
902 2721 1178 2766 Puerorum
1197 2722 1477 2779 frequentia
1493 2722 1707 2779 quotidie
1723 2736 1871 2779 auge·

249 2806 343 2842 tur.
372 2797 520 2843 Faxit
544 2798 787 2844 Dominus
811 2809 863 2843 vt
886 2814 982 2844 non
1007 2798 1265 2844 bohemica
1289 2799 1384 2844 sint
1407 2799 1559 2855 initia,
1596 2799 1681 2845 sed
1716 2798 1873 2856 potius
1896 2829 1902 2864 ¹.

249 2872 295 2917 in
321 2873 474 2918 literis
498 2890 558 2920 ac
581 2875 764 2931 pietate
788 2874 1065 2932 proficiant,
1093 2885 1433 2932 perseuerent‚
1455 2875 1785 2931 stabiliantur,
1806 2874 1870 2920 in·
1896 2870 1899 2911 l

298 3040 305 3058 ¹
360 3038 466 3076 Vide
488 3052 580 3086 pag.
601 3040 683 3077 526.
