1900 3380
488 271 871 310 128.—V1ND0130NA
901 272 924 309 2
945 257 1156 319 JANUARIf
1178 273 1268 309 15:38
1576 273 1645 310 470

67 370 190 415 dnm
215 369 286 414 ad
307 369 729 414 consuetudinem
764 369 1120 425 servcmdamst
1146 369 1221 414 Ac
1258 370 1463 426 primum
1501 370 1693 427 quidem

67 462 94 492 a
118 445 509 491 confessionibus
540 446 793 501 exordiar,
822 461 1029 502 quarum
1056 446 1248 491 fructus
1272 462 1330 491 eo
1355 448 1550 503 gratior
1575 462 1691 492 slm-

65 524 158 568 ctis
181 538 289 568 esse
315 532 491 579 potest,
520 539 615 579 quo
640 523 785 569 uinea
810 524 950 578 haec,
979 523 1118 578 alias,
1159 525 1280 579 proh
1308 524 1462 569 dolor!
1492 526 1688 578 sterilis,

65 601 239 646 maiori
264 601 460 646 cultura
486 601 685 657 indiget.
710 601 819 646 Deo
845 602 1038 657 gratias
1062 601 1275 657 agimus,
1310 603 1450 647 cuius
1475 603 1689 657 benigni-

65 686 166 723 tate
190 677 455 722 multorum
480 677 641 723 adhuc
664 678 810 722 animi
847 678 907 723 ad
943 677 1120 733 dignos
1146 678 1476 734 poenitentiae
1501 679 1693 724 fructus

64 754 358 800 excitantur.
388 754 725 812 Quod-facile
759 755 877 800 ltine
911 755 1087 811 elucet,
1113 756 1237 812 qnia
1260 760 1281 781 a
1305 755 1511 801 honesta
1547 772 1689 811 quae-

64 831 175 876 dam
217 840 446 876 matrona
485 846 595 875 cum
636 831 966 888 quinquennio
1001 831 1199 886 integro
1239 832 1342 877 sine
1382 832 1692 878 confessione

64 918 111 954 et
144 909 488 954 communione
529 909 735 954 uixisset
769 925 878 954 cum
905 909 1084 954 marito
1110 910 1303 954 liaeresi
1338 910 1689 968 consentiente,

61 995 171 1043 post
204 995 525 1042 peccatorum
551 986 911 1032 confessionem
948 996 996 1032 et
1029 1002 1207 1032 sacrae
1232 987 1566 1032 eucharistiae
1590 1003 1690 1031 sus-

61 1064 349 1120 ceptionem,
374 1063 630 1120 proposuit
653 1080 705 1109 se
725 1064 772 1108 in
791 1072 1046 1120 posterum
1066 1064 1361 1108 catholicam
1382 1063 1490 1108 fidei
1513 1065 1687 1109 doctri>

61 1157 172 1186 nam
198 1142 559 1197 amplexuram.
590 1141 731 1186 Alius
766 1141 981 1199 quidam,
1009 1141 1207 1187 natione
1243 1143 1463 1198 boemus,
1491 1142 1690 1187 uideba-

59 1228 140 1264 tur
164 1219 303 1275 quasi
329 1234 358 1263 a
382 1219 644 1263 daemonio
669 1219 916 1272 obsessus,
939 1234 1028 1263 nec
1053 1234 1081 1263 a
1111 1218 1164 1263 13
1186 1219 1326 1263 annis
1350 1234 1553 1263 suorum
1581 1234 1691 1274 pec-

59 1304 283 1340 catorum
309 1294 672 1340 confessionem
710 1295 915 1349 fecerat,
944 1296 1307 1352 quamprimum
1333 1296 1505 1341 eadem
1539 1296 1687 1341 humi-

62 1373 170 1417 liter
194 1372 452 1417 confessus
487 1377 620 1418 esset
640 1373 673 1429 h,
710 1388 918 1429 seseque
952 1373 1226 1418 venerabili
1262 1379 1277 1399 Ε
1316 1373 1499 1418 viatico
1540 1373 1690 1418 muni-

61 1449 215 1494 uisset
244 1448 278 1505 d,
306 1450 369 1494 ab
400 1449 531 1493 omni
567 1449 742 1494 mentis
777 1449 975 1494 occulta
1009 1464 1159 1494 cruce
1183 1458 1231 1495 et
1255 1449 1602 1505 desperatione
1637 1450 1685 1494 li-

61 1527 261 1571 beratus
284 1535 374 1572 est,
402 1526 512 1571 Hoc
546 1525 737 1571 silentio
773 1542 868 1571 non
904 1526 1208 1583 praeteribo,
1236 1527 1396 1572 virum
1422 1527 1685 1583 quemdam

60 1619 117 1648 eo
156 1603 542 1661 desperationis,
584 1598 786 1649 fallacia
826 1604 1102 1659 daemonis,
1145 1604 1433 1661 prouenisse
1471 1611 1503 1661 e,
1545 1614 1598 1649 ut
1636 1620 1688 1650 se

60 1681 154 1726 iarn
195 1681 241 1726 in
281 1681 565 1727 Danubium
606 1681 872 1738 proiecerit
912 1682 974 1727 ad
1013 1682 1419 1727 consciscendam
1465 1682 1553 1727 sibi
1602 1682 1688 1738 ipsi

60 1768 285 1804 mortem.
313 1758 442 1815 (Hoc
466 1759 757 1815 frequenter
781 1758 826 1804 in
852 1759 944 1804 hac
963 1759 1167 1804 ciuitate
1190 1759 1449 1816 contingit,
1477 1769 1528 1805 ut
1553 1759 1689 1805 multi

61 1836 148 1881 sibi
188 1845 396 1882 mortem
436 1836 700 1882 violentam
736 1836 991 1891 inferant.)
1029 1836 1091 1882 Et
1125 1852 1245 1882 sane
1280 1837 1420 1893 aquis
1445 1837 1687 1894 periisset,

60 1913 149 1959 nisi
175 1924 326 1959 nauta
351 1913 547 1970 quidam
573 1929 603 1958 a
627 1914 772 1971 longe
796 1913 1005 1959 hominis
1039 1914 1312 1970 periculum
1347 1914 1694 1971 prospexl‘Sset

59 1989 145 2035 etf
178 2006 289 2036 eum
329 1991 392 2036 ab
426 1990 567 2047 aquis
606 1991 925 2047 extraxisset,
963 1991 1161 2047 quidam
1198 2007 1320 2037 vero
1354 1992 1581 2037 eumdem
1607 1993 1689 2037 ad-

59 2078 367 2123 monuerunt,
406 2077 458 2113 ut
492 2068 530 2113 si
565 2083 594 2113 a
629 2068 804 2114 mentis
840 2069 1037 2114 occulto
1073 2070 1248 2115 morbo
1284 2069 1486 2115 liberari
1524 2071 1688 2126 uellet,

59 2155 252 2190 nostros
292 2145 573 2199 accederet,
610 2161 819 2202 sperans
857 2161 910 2191 se
949 2157 1303 2191 conseruatum
1343 2146 1416 2191 iri.
1459 2146 1689 2192 Accessit

59 2234 165 2279 post
204 2223 456 2268 octiduum
492 2224 754 2280 quemdam
789 2224 985 2280 collegii
1020 2224 1174 2269 nostri
1213 2225 1544 2280 sacerdotem,
1582 2240 1689 2270 suo-

60 2315 164 2345 rum
190 2310 513 2357 peccatorum
547 2301 737 2357 pondus
767 2301 964 2359 abiecit,
1001 2316 1202 2347 sacram
1227 2302 1437 2358 synaxin
1463 2302 1684 2358 sumpsit,

60 2377 129 2423 sic
162 2378 382 2424 adiutum
417 2394 469 2424 se
503 2378 763 2424 confessus
798 2388 872 2424 est
902 2383 1087 2435 postea
1120 2386 1156 2424 g.
1195 2378 1373 2437 [Aliud
1394 2379 1689 2435 exemplum

58 2455 375 2512 omittimus]
404 2455 508 2501 Nec
532 2456 691 2500 minus
717 2455 810 2501 hoc
833 2456 1017 2512 gaudio
1036 2456 1236 2512 dignum
1263 2465 1337 2502 est
1361 2456 1491 2513 quod
1516 2456 1589 2501 his
1612 2472 1687 2502 su-

0 2550 1 2588 ,
59 2532 332 2588 perioribus
356 2532 528 2578 diebus
552 2533 760 2590 contigit
794 2533 841 2578 in
875 2533 1178 2579 monasterio
1213 2533 1427 2590 quodam
1453 2549 1550 2579 non
1575 2549 1685 2590 pro—

0 2645 1 2656 ,
59 2609 133 2654 cul
167 2609 278 2655 hinc
302 2610 489 2668 dissito,
516 2610 563 2655 in
598 2626 692 2667 quo
727 2625 837 2655 cum
873 2626 1060 2667 graues
1094 2621 1142 2656 et
1176 2611 1489 2667 periculosae
1523 2620 1687 2657 essent

59 2696 265 2732 exortae
299 2687 629 2733 dissensiones
662 2687 790 2732 inter
823 2688 1243 2741 sanctimoniales,
1279 2687 1478 2744 quidam
1513 2703 1575 2733 ex
1606 2704 1686 2733 no-

59 2764 172 2809 stris
195 2780 253 2810 eo
277 2773 487 2810 uocatus
510 2764 617 2822 fuit,
644 2774 698 2810 ut
721 2781 811 2821 pro
836 2765 964 2810 virili
996 2765 1323 2810 consencieret
1345 2764 1363 2793 *¹
1389 2781 1687 2822 componere

104 2967 123 2986 a
172 2967 283 3004 Inter
301 2969 414 3005 alios.
461 2968 527 2996 —b
548 2973 621 3005 est.
669 2976 729 2996 —C
763 2969 1041 3006 sanctissimae
1063 2968 1333 3006 eucharistiae
1353 2969 1459 3007 add.
1509 2970 1572 2997 —d
1606 2983 1691 3007 mu-

58 3026 170 3064 niuit.
224 3035 287 3056 —e
319 3029 570 3075 peruenisse.
625 3028 682 3055 —f
709 3029 969 3075 prospiciens.
1026 3036 1089 3062 —g
1127 3041 1168 3065 se
1196 3029 1281 3076 ipse
1310 3035 1450 3076 postea
1482 3030 1689 3067 confessus

59 3090 131 3123 est.
185 3087 249 3114 —h
270 3088 465 3125 studeret.
