1971 3369
307 325 376 361 242
781 325 1001 362 LITTERAE
1029 325 1388 370 QUADRIMESTRES

261 435 342 466 res
366 428 414 465 et
440 420 637 465 modum
672 420 907 476 precandi
943 421 987 465 in
1024 420 1223 475 templO.
1262 419 1404 464 Nunc
1437 420 1681 465 excolitur
1722 420 1894 465 diuinis

204 538 206 542 ,
260 497 661 542 meditationibus
686 497 883 552 quidam
907 495 1099 553 juuenis
1123 496 1385 551 haebreus‚
1413 496 1492 551 qui
1516 496 1744 552 proximo
1765 512 1893 542 anno

259 590 370 620 cum
395 574 702 630 parentibus,
728 573 969 619 fratribus
994 583 1041 619 et
1075 573 1332 618 sororibus
1364 572 1528 618 factus
1562 583 1637 618 est
1672 574 1893 619 christia-

262 667 364 697 nus.
392 651 487 696 Hic
509 650 717 707 juuenis‚
745 661 796 695 ut
821 651 1032 706 primum
1067 650 1275 695 salutari
1299 650 1509 695 lauacro
1533 650 1623 696 fuit
1647 651 1890 706 expiatus,
1956 663 1966 674 ’-

257 727 492 785 flagrauit
517 727 676 772 studio
701 742 811 772 sese
837 727 1093 791 addicendi
1122 726 1322 772 Christo
1347 727 1393 771 in
1425 727 1589 784 aliquo
1624 727 1893 772 monacho·
1958 739 1971 762 ,¹

258 820 366 850 rum
390 805 626 850 instituto.
657 803 915 848 Postremo
940 804 1073 848 uenit
1099 803 1354 860 religionis
1378 804 1545 859 gratia
1570 804 1633 848 ad
1658 805 1752 849 hoc
1776 804 1894 848 Vir-
1956 806 1965 847 ἱ

259 881 387 938 ginis
411 882 663 937 templum,
690 880 737 925 in
763 881 891 936 quod
915 896 1025 925 cum
1049 881 1196 925 etiam
1222 896 1403 937 agmen
1427 880 1643 926 fratrum
1679 881 1893 938 singula·
1953 883 1959 914 ἶ

260 958 301 1003 ri
325 957 567 1003 modestia
592 966 640 1002 et
664 957 945 1002 animorum
969 957 1256 1002 sinceritate
1291 957 1586 1003 instructum
1621 957 1792 1003 uenire
1827 958 1894 1002 ui·
1950 987 1961 1002 v.

260 1035 425 1085 disset,
453 1034 578 1079 adeo
604 1034 665 1078 ad
691 1033 896 1079 instituti
930 1034 1087 1079 nostri
1121 1033 1333 1079 studium
1365 1043 1439 1079 est
1463 1033 1812 1085 inflammatus,
1840 1043 1894 1079 ut

258 1111 552 1167 contemptis
576 1110 751 1166 opibus
775 1120 824 1155 et
848 1111 1013 1155 mundi
1038 1111 1378 1167 apparatibus,
1412 1120 1647 1166 parentes
1681 1127 1894 1167 rogaue-

245 1177 323 1234 'rit
362 1188 724 1245 praecibusque
763 1188 962 1232 tandem
1002 1188 1264 1244 impulerit,
1303 1197 1355 1233 ut
1389 1188 1436 1233 in
1470 1187 1775 1233 Societatem
1810 1187 1893 1233 ad·
1944 1172 1959 1184 ἡ

260 1266 582 1310 scriberetur.
610 1265 691 1310 Ad
714 1265 805 1310 hec
830 1273 877 1310 et
902 1274 1085 1321 rogatu
1110 1265 1282 1310 matris
1306 1265 1567 1311 adiunctus
1590 1265 1683 1311 fuit
1713 1281 1890 1321 paruu-

259 1343 334 1387 lus
357 1342 531 1399 frater‚
559 1351 611 1387 ut
635 1342 678 1387 in
705 1350 880 1387 nostra
904 1342 1161 1387 erudiatur
1185 1343 1338 1396 scola,
1363 1352 1409 1387 et
1429 1343 1696 1388 virtutibus
1720 1353 1768 1388 et
1792 1358 1892 1388 mo-
1937 1332 1946 1358 ³

259 1419 396 1465 ribus
419 1430 630 1471 crescat,
654 1427 702 1464 et
726 1419 772 1463 in
795 1428 1038 1475 tempore,
1064 1418 1238 1464 fratris
1263 1419 1507 1475 exemplo,
1536 1419 1582 1464 in
1606 1420 1699 1464 hac
1723 1418 1891 1464 Socie-

257 1504 361 1542 tate
385 1495 586 1541 Christo
612 1496 827 1541 Domino
852 1505 1191 1541 consecretur.
1220 1495 1380 1541 Huius
1414 1496 1485 1542 rei
1521 1496 1688 1553 gratia
1726 1505 1894 1542 manet
1932 1527 1940 1554 χ
1970 1485 1971 1517 ;

259 1574 393 1630 apud
417 1574 663 1630 quendam
689 1573 865 1624 uirum,
894 1573 1142 1629 aliturque
1166 1574 1387 1629 paternis
1412 1573 1602 1630 opibus.

321 1650 389 1696 12.
457 1650 661 1695 Plurimi
687 1650 961 1695 adcurrunt
986 1651 1048 1695 ad
1072 1665 1177 1707 nos,
1205 1659 1257 1695 ut
1282 1650 1327 1695 in
1353 1651 1446 1695 hac
1470 1649 1722 1696 Societate
1748 1649 1887 1696 Chri·
1934 1663 1945 1717 ζ’,

258 1736 334 1772 sto
379 1727 592 1772 Domino
637 1727 859 1778 militent,
912 1726 1109 1772 adducti
1154 1735 1254 1771 tum
1302 1726 1464 1772 diuino
1509 1726 1581 1784 (ut
1625 1727 1891 1785 credimus)
1927 1725 1945 1783 fj-

259 1819 432 1849 amore
456 1814 558 1849 turn
583 1804 724 1848 {ama
749 1814 795 1848 et
821 1802 1088 1848 Societatis
1112 1804 1255 1848 huius
1280 1804 1478 1849 minime
1513 1804 1893 1850 commendatio·
1931 1787 1940 1857 ⁷,

258 1894 336 1929 ne:
363 1895 541 1925 verum
566 1896 663 1925 non
691 1879 892 1935 expedit
916 1879 1139 1936 quemuis
1163 1879 1417 1926 Societate
1442 1881 1645 1926 donare.
1683 1880 1752 1926 At
1786 1897 1890 1937 pro·
1931 1874 1943 1942 J

258 1956 401 2003 ximis
424 1957 597 2002 diebus
621 1966 850 2012 receptus
875 1967 947 2001 est
972 1957 1169 2012 quidam
1203 1957 1440 2002 sacerdos
1476 1957 1738 2003 mediocris
1777 1973 1889 2002 con·

258 2034 453 2079 ditionis
471 2041 508 2090 ³,
536 2034 615 2090 qui
637 2033 723 2090 (uti
750 2048 885 2089 spem
910 2034 969 2078 de
994 2034 1074 2078 illo
1099 2034 1435 2090 concepimus)
1457 2033 1657 2080 Christo
1676 2034 1893 2080 Domino

261 2111 493 2156 inseruiet
518 2111 563 2155 in
589 2110 791 2167 eiusque
816 2110 960 2155 uinea
985 2110 1191 2167 egregie
1216 2110 1554 2156 elaborabit...
1593 2111 1636 2156 b.

349 2188 670 2244 Praescripto
695 2187 860 2233 Patris
885 2188 1099 2233 rectoris
1123 2189 1154 2243 ¹,
1182 2188 1240 2233 T.
1271 2188 1323 2233 P.
1352 2188 1581 2234 minimus
1604 2187 1746 2241 filius,

1346 2283 1572 2328 FRANCIS
1604 2281 1774 2329 SCIPIO
1799 2284 1831 2329 ².

350 2371 642 2427 [ηεενῖρΐὶο.
690 2368 815 2415 IHS.
855 2371 920 2416 M.
964 2371 1212 2427 Perquarn
1254 2371 1571 2416 obseruando
1609 2371 1656 2416 in
1691 2370 1922 2417 Christo

231 2456 235 2489 ,·
260 2447 369 2493 Iesu
393 2446 550 2503 Patri,
578 2447 822 2504 magistro
847 2447 1050 2503 Laynez
1086 2446 1276 2493 vicario
1306 2454 1321 2474 (-
1345 2447 1571 2504 generali
1606 2448 1650 2492 in
1686 2447 1892 2493 aedibus

261 2523 529 2570 Societatis
552 2523 681 2569 Iesu,
708 2523 917 2569 Romae.
1935 2515 1940 2528 ⁴

349 2601 468 2647 Alia
507 2614 684 2646 mann.
732 2599 892 2659 Jesus.
945 2600 1071 2647 1557.
1121 2601 1343 2646 Laureti.
1390 2600 1793 2657 Quadrimestres
1836 2599 1921 2646 29

260 2677 395 2723 Maii.

307 2849 325 2869 a
395 2841 657 2879 condictionis
676 2853 755 2879 ms.
811 2841 876 2868 —b
923 2841 1199 2879 Omiltmztm‘
1216 2842 1294 2878 lzoc
1321 2841 1410 2879 loco
1431 2853 1479 2879 ea
1498 2853 1611 2889 quae
1627 2846 1732 2879 sunt
1750 2844 1795 2879 in
1815 2830 1926 2887 unci

264 2900 359 2938 9-10
376 2903 496 2947 epist.
516 2901 582 2938 34.
647 2908 698 2928 -c
743 2900 880 2938 Prius
899 2901 1114 2947 preposito.
1916 2889 1921 2901 '

310 3056 319 3074 1
371 3055 416 3091 P.
439 3054 646 3092 Oliverius
666 3054 927 3091 Manaraeus.

309 3114 321 3132 ²
374 3113 436 3150 De
459 3113 655 3160 epistolae
675 3118 840 3151 auctore
861 3113 951 3149 vide
972 3113 1113 3159 Epist.
1141 3113 1276 3154 Ma‘xt..
1304 3113 1378 3157 IV,
1399 3113 1478 3150 667.
