1909 3328
203 273 272 308 5]ss
673 271 889 307 er'rERAE
917 272 1270 316 QUAi‘nnxffis'sREs

156 368 285 424 quod
310 377 357 413 et
382 369 541 412 altera
566 367 642 412 die
667 382 849 423 magna
883 366 1095 412 omnium
1130 366 1488 422 approbatione
1523 367 1761 422 praes-tite

158 455 285 490 runt.
324 444 376 489 In
412 461 507 501 quo
542 454 590 489 et
630 444 745 488 illud
779 444 868 489 fuit
903 460 996 488 non
1039 459 1214 499 parum
1255 443 1615 499 admirandum,
1654 444 1782 499 quod

155 521 448 567 breuissimo
474 521 633 576 spatio
659 521 887 577 germani
912 520 1049 577 pueri
1069 520 1167 575 (qui
1189 520 1429 565 memoria
1454 520 1584 565 nulli
1605 524 1727 564 sunt
1747 520 1781 577 ⁸)

154 599 353 653 longam
379 611 438 642 ac
462 598 751 654 elegantem
775 596 1135 642 commoediam
1161 596 1431 641 memoriae
1466 597 1781 641 commenda-

156 674 265 719 rint.
295 671 566 730 Speramus
591 673 812 719 futurum
848 683 899 718 ut
933 690 994 718 ex
1029 673 1085 717 iis
1119 673 1196 729 qui
1235 673 1416 728 pietate
1451 688 1511 718 ac
1546 672 1700 718 literis
1736 674 1780 718 in

154 752 246 796 hac
284 750 403 809 jesv
443 750 615 795 schola
654 750 990 804 instituuntur,
1029 760 1349 794 assumantur
1389 750 1519 806 (cum
1561 750 1606 794 in
1648 750 1781 795 uiros

154 827 500 883 adoleuerint),
528 827 607 882 qui
635 827 987 883 rempublicam
1020 827 1286 882 prudenter
1311 826 1671 882 administrent,
1701 826 1781 883 qui

155 904 454 960 principibus
487 904 707 948 salubria
741 904 947 948 consilia
982 903 1271 959 praebeant,
1299 903 1377 958 qui
1404 903 1598 958 pietatis
1622 903 1779 959 operi-

156 982 244 1025 bus
270 980 661 1037 patrocinentur,
689 980 765 1036 qui
794 981 902 1025 boni
937 980 983 1024 in
1018 979 1110 1024 Dei
1149 978 1375 1023 Ecclesia
1409 979 1698 1023 sacerdotes
1723 994 1782 1023 ac

154 1068 381 1113 pastores
410 1057 504 1102 sint
528 1056 696 1113 futuri,
724 1057 803 1112 qui
829 1057 1036 1112 denique
1062 1056 1246 1112 pietate
1282 1071 1341 1100 ac
1375 1055 1601 1100 doctrina
1633 1071 1779 1111 popu-

154 1136 224 1179 los
250 1136 316 1180 ita
340 1135 569 1180 erudiant
603 1150 663 1179 ac
697 1135 760 1179 ab
795 1134 1052 1179 erroribus
1078 1146 1330 1189 reuocent,
1359 1143 1409 1178 ut
1434 1133 1496 1177 ad
1524 1133 1778 1178 meliorem

152 1212 417 1268 aliquando
442 1212 637 1268 frugem
662 1212 844 1256 misera
869 1213 992 1256 haec
1017 1209 1293 1256 Germania
1319 1219 1623 1255 reuertatur.

209 1290 251 1334 5.
281 1308 284 1311 ¹
320 1290 495 1334 Restat
518 1290 680 1345 modo,
709 1289 761 1334 P.
800 1289 942 1341 Rde.‚
971 1298 1021 1333 ut
1056 1289 1114 1333 de
1149 1288 1305 1332 nostri
1341 1287 1573 1343 principis
1608 1289 1619 1311 ¹
1656 1303 1782 1344 erga

151 1382 240 1411 nos
263 1367 440 1412 fauore
466 1382 526 1411 ac
551 1367 851 1411 liberalitate
883 1365 1029 1422 (quod
1060 1375 1311 1422 postremo
1337 1366 1444 1409 loco
1470 1365 1636 1410 dicere
1673 1380 1778 1421 pro-

150 1444 451 1499 posueram),
480 1444 700 1488 breuiter
735 1444 1011 1499 expediam.
1042 1442 1162 1487 Eius
1197 1442 1429 1498 principis
1463 1442 1502 1486 is
1536 1457 1661 1498 erga
1691 1457 1796 1487 nos⁴

150 1531 225 1565 est
265 1536 423 1576 amor,
462 1536 521 1565 ea
556 1520 836 1565 humanitas
871 1537 930 1564 ac
966 1519 1326 1567 beneuolentia,
1366 1529 1416 1563 ut
1451 1518 1678 1574 quicquid
1718 1518 1779 1563 ad

148 1613 257 1643 eum
283 1599 340 1642 de
366 1599 505 1643 nobis
531 1598 643 1643 mali
669 1597 941 1652 deferatur,
970 1598 1036 1641 ita
1061 1596 1239 1641 falsum
1265 1596 1512 1641 existimet
1536 1611 1596 1640 ac
1622 1596 1775 1651 repel—

150 1675 233 1730 lat,
261 1675 398 1732 qnod
419 1674 437 1701 b
462 1676 741 1719 nullatenus
775 1675 984 1731 amplius
1020 1673 1280 1729 quisquam
1315 1688 1488 1718 coram
1520 1688 1579 1717 eo
1614 1672 1674 1717 de
1697 1688 1779 1716 no—

149 1751 222 1796 bis
260 1752 644 1796 obmurmurare
675 1751 873 1807 audeat;
902 1760 1078 1795 contra
1103 1766 1224 1795 uero
1249 1765 1335 1795 eos
1363 1750 1439 1805 qui
1464 1759 1666 1794 nostrae
1691 1748 1778 1794 So-

149 1828 342 1873 cietatis
365 1828 497 1873 uiros
521 1844 581 1873 ac
605 1828 879 1873 institutum
900 1827 1132 1882 efferunt,
1155 1826 1499 1882 complectitur
1519 1841 1579 1870 ac
1603 1825 1791 1883 diligit,

147 1905 286 1950 cuius
312 1905 382 1949 rei
407 1905 626 1949 inditium
653 1904 849 1961 quidam
885 1904 1026 1949 huius
1061 1903 1278 1948 ciuitatis
1312 1902 1601 1948 sacerdotes
1634 1901 1775 1946 dede-

151 1993 279 2036 runt,
308 1982 386 2038 qui
411 1997 521 2026 cum
547 1992 745 2027 nostros
768 1981 814 2026 in
839 1997 1011 2026 eorum
1045 1981 1267 2026 ecclesiis
1303 1979 1578 2037 spiritualia
1613 1995 1776 2024 mune—

149 2075 207 2104 ra
231 2074 472 2104 exercere
498 2059 707 2103 molesto
732 2058 893 2102 animo
919 2058 1122 2111 ferrent,
1151 2057 1197 2101 id
1222 2057 1267 2101 in
1292 2057 1510 2113 ipsorum
1544 2055 1776 2101 damnum

150 2151 365 2192 uergere
405 2136 727 2192 arbitrantes,
769 2144 1017 2180 rectorem
1063 2144 1287 2179 nostrum
1327 2142 1682 2188 conuenerunt,
1726 2141 1777 2177 ut

149 2213 277 2268 quod
303 2228 332 2256 a
355 2212 574 2268 principe
610 2222 779 2268 petere
813 2227 907 2256 non
943 2211 1200 2265 auderent,
1228 2226 1257 2255 a
1290 2210 1485 2262 nostris,
1513 2225 1573 2254 ne
1597 2209 1794 2254 talibus.

148 2289 378 2334 uidelicet
403 2288 579 2334 muniis
613 2304 666 2333 se
690 2287 902 2344 amplius
927 2288 1276 2345 immiscerent,
1304 2297 1451 2344 pacto
1477 2287 1774 2343 obtinerent;

147 2366 215 2411 ita
239 2366 365 2411 enim
391 2365 712 2422 (inquiebant)
738 2365 965 2422 princeps
992 2380 1079 2410 uos
1103 2365 1277 2422 diligit,
1302 2374 1352 2410 ut
1377 2364 1554 2409 nullius
1579 2364 1792 2409 omnino

146 2442 365 2498 petitioni
391 2452 567 2488 contra
592 2457 681 2487 uos
705 2451 907 2487 annuat.
935 2441 1205 2487 Rectorem
1231 2457 1425 2498 quoque
1459 2449 1682 2486 nostrum
1711 2440 1776 2485 in-

146 2519 444 2565 simulabant
468 2520 582 2576 quia
606 2518 835 2575 quicquid
866 2519 1012 2563 uellet
1046 2533 1076 2563 a
1110 2518 1329 2574 principe
1365 2518 1520 2563 literis
1543 2517 1791 2573 impetra-

146 2606 238 2641 ret.
266 2596 432 2652 Atque
456 2596 496 2640 is
520 2611 646 2653 erga
669 2611 759 2640 nos
781 2595 1016 2652 principis
1040 2610 1182 2640 amor
1206 2594 1375 2651 efficit,
1405 2606 1454 2639 ut
1478 2595 1695 2640 maxima
1728 2594 1775 2639 in

145 2690 235 2718 nos
260 2673 501 2719 beneficia
525 2673 759 2719 conferre
784 2688 878 2717 non
904 2672 1126 2718 desistat:
1149 2681 1317 2717 certos
1341 2688 1432 2729 pro
1456 2672 1669 2728 collegio
1693 2686 1774 2716 no-

145 2762 250 2795 stro
276 2751 495 2796 redditus
520 2750 814 2807 assignauit,
841 2764 963 2805 quos
988 2750 1051 2794 ab
1075 2749 1399 2794 uniuersitate
1423 2749 1516 2794 hac
1541 2749 1789 2805 ingolsta-

191 2923 207 2942 a
276 2929 353 2953 non
374 2917 587 2953 admodum
608 2917 763 2963 pollere
783 2918 927 2953 solent.
982 2916 1048 2942 —b
1095 2920 1146 2951 vt.

193 3079 200 3097 ¹
254 3076 454 3112 Albertus
479 3076 527 3119 V,
550 3076 752 3113 Bavariae
772 3077 868 3112 dux.
