1900 3380
486 283 773 322 221.—-PRAGA
799 284 840 321 31
871 284 1115 321 DECEMBRIS
1144 283 1234 320 155‘3
1570 281 1641 319 925

58 380 269 436 Plagae,
304 395 366 425 ex
399 379 598 425 minimo
623 380 836 437 collegio
861 379 1129 426 Societatis
1152 380 1269 440 Jesu
1296 379 1453 436 pridie
1478 378 1688 425 Calend.

57 456 299 516 Januarii,
331 456 459 502 1558.

146 533 202 578 T.
232 534 291 579 R.
321 533 373 579 P.
402 534 632 592 indignus
656 534 797 592 filius,

917 611 1122 657 PAULUs
1155 611 1433 657 HOFFAEUS
1469 613 1499 657 ¹.

146 718 438 774 Inscriptio.
461 723 487 772 ἢ·
511 719 604 764 Ihs.
634 720 758 765 Rdo.
784 720 829 765 in
851 719 1051 767 Christo
1073 719 1209 765 Patri
1235 720 1299 765 M.
1332 719 1526 778 jacobo
1561 718 1691 777 [Lai-

56 795 179 852 nez]‚
205 796 489 851 praeposito
514 797 738 853 generali
764 796 1062 853 So[cietatis]
1089 796 1210 854 Jesu
1236 806 1329 842 etc.
1357 796 1567 842 Romae.

145 871 263 917 Alia
287 887 506 919 manu...
536 873 705 919 vltimo
730 873 1025 920 Dezembris
1054 873 1181 920 1558.

150 948 329 1006 §ig-illi
349 950 646 1008 wstlge'um.

104 1130 113 1148 ¹
166 1128 314 1166 Postea
332 1128 698 1176 viceprovincialis,
721 1129 995 1176 provincialis,
1025 1129 1276 1167 Germaniae
1304 1131 1499 1168 assistens
1531 1135 1571 1167 et
1599 1130 1689 1167 visi-

60 1193 177 1225 tator.
208 1187 273 1225 De
301 1201 349 1225 eo
376 1188 482 1230 vide,
509 1189 577 1232 sis,
607 1188 750 1231 DUHR„
782 1189 1030 1226 Gesclzz'clzce
1056 1189 1135 1227 der
1153 1190 1359 1237 Jesm‘ten
1389 1192 1434 1227 in
1463 1190 1547 1228 den
1576 1190 1692 1227 Llin-

62 1248 171 1285 dem
190 1248 424 1286 delctsclzer
450 1248 612 1295 Znge,
640 1248 670 1292 I,
699 1249 769 1286 780
794 1262 878 1296 sqq.
906 1248 1030 1296 Juvat
1061 1256 1197 1287 tamen
1230 1250 1292 1287 hic
1324 1250 1555 1287 exscribere
1587 1263 1692 1297 quae

62 1308 249 1345 dicuntur
279 1308 318 1345 in
345 1309 532 1356 catalogo
560 1308 724 1355 collegii
752 1309 978 1356 pragensis,
1001 1310 1188 1346 exeuntis
1208 1309 1391 1357 Augusti
1412 1310 1515 1354 1559,
1538 1310 1588 1346 ab
1608 1310 1693 1356 ipso

60 1368 105 1405 P.
127 1367 303 1405 Hoffaeo
322 1368 547 1415 subscripto
568 1368 624 1413 (in
643 1368 731 1405 cod.
759 1368 900 1406 Germ.
923 1368 1013 1412 131,
1034 1368 1101 1406 fol.
1122 1368 1233 1413 304v‚
1255 1370 1366 1416 prius
1384 1368 1482 1414 427»
1518 1369 1693 1406 «Paulus

60 1427 269 1465 Hoffaeus.
289 1427 368 1464 Hic
387 1427 461 1465 fuit
482 1429 520 1464 in
539 1427 745 1466 Societate
765 1441 837 1476 per
852 1428 1029 1476 quinque
1050 1441 1189 1466 annos.
1212 1428 1306 1465 Fuit
1322 1429 1506 1465 minister
1522 1428 1691 1472 Romae,

59 1488 306 1526 sacristanus
338 1488 510 1532 Patavii;
540 1487 892 1534 confessionarius,
926 1489 1186 1526 concionator
1221 1494 1260 1525 et
1295 1490 1424 1526 lector
1458 1489 1692 1536 theologiae

61 1561 131 1596 per
157 1548 334 1585 medium
362 1561 513 1585 annum
542 1548 746 1586 Viennae.
775 1550 928 1586 Rector
955 1562 1060 1586 nunc
1085 1554 1125 1586 et
1153 1550 1280 1586 lector
1298 1549 1549 1586 Titelmanni
1568 1549 1692 1586 diale-

60 1609 188 1646 cticae
208 1608 385 1656 Pragae3
407 1610 477 1646 sed
497 1609 672 1646 nondum
692 1609 880 1646 transiuit
899 1622 972 1657 per
1001 1608 1134 1646 officia
1161 1609 1421 1656 probationis,
1451 1615 1494 1646 ut
1521 1609 1591 1646 alii
1619 1609 1694 1646 fra-

62 1674 145 1706 tres
172 1668 389 1707 Societatis
415 1670 560 1706 solent.
590 1668 755 1707 studuit
781 1668 866 1706 fere
895 1682 968 1717 per
998 1675 1123 1707 totam
1150 1669 1289 1707 uitam.
1320 1669 1457 1707 Habet
1484 1669 1694 1717 ingenium

62 1729 313 1777 perplexum,
335 1729 488 1766 humile
509 1734 549 1766 et
568 1729 794 1768 obscurum.
815 1729 923 1775 Quot
942 1742 1069 1767 annos
1096 1729 1258 1772 habeat,
1288 1729 1492 1776 ignorant:
1522 1729 1624 1767 forte
1650 1729 1697 1767 28

61 1790 150 1837 plus
169 1789 314 1827 minus:
334 1789 404 1826 alii
423 1789 680 1837 suspicantur
698 1802 791 1827 eum
810 1790 961 1827 habere
979 1790 1026 1827 30
1043 1795 1113 1827 aut
1130 1789 1187 1827 32.
1219 1789 1357 1827 Habet
1384 1789 1694 1837 propensionem

61 1849 110 1886 ad
129 1862 246 1887 casus
264 1849 537 1887 conscientiae
557 1854 600 1886 ut
618 1850 670 1887 sit
688 1849 961 1887 confessarius
980 1851 1153 1895 Rornae,
1176 1855 1216 1887 et
1235 1855 1278 1886 ut
1297 1854 1416 1886 uacet
1435 1849 1557 1886 rebus
1583 1849 1694 1897 spiri-

28 1928 32 1929 ⁷
62 1904 252 1956 tualibus,
274 1909 448 1947 maxime
469 1910 640 1957 propriis
658 1909 867 1951 Societati.
889 1910 1079 1947 nimirum
1100 1915 1143 1947 ut
1168 1922 1351 1957 congreg
1381 1914 1409 1953 t,
1438 1914 1478 1947 et
1505 1910 1545 1946 in
1573 1921 1695 1956 quen-

62 1969 153 2006 dam
179 1969 361 2007 ordinem
389 1983 412 2006 a
439 1970 630 2007 Patribus
656 1970 793 2007 datum
811 1970 972 2018 redigat
991 1983 1138 2014 mores,
1157 1975 1352 2007 consuetu
1384 1970 1485 2015 ines,
1507 1969 1697 2015 exempla

62 2029 302 2077 spiritualia,
324 2030 492 2067 consilia
511 2035 550 2067 et
570 2030 707 2067 modos
725 2031 982 2078 gubernandi
998 2036 1037 2068 et
1055 2030 1246 2078 quicquid
1264 2030 1357 2066 boni
1377 2034 1507 2077 potest
1522 2029 1696 2066 inueniri

63 2102 86 2126 a
103 2102 342 2137 quocunque
361 2090 525 2127 tandem
544 2090 583 2127 id
601 2089 793 2128 diuinitus
811 2096 944 2128 actum
964 2090 1015 2128 sit
1035 2091 1074 2127 in
1093 2095 1234 2127 sancta
1253 2089 1459 2127 Societate
1484 2094 1634 2134 nostra;
1656 2094 1696 2126 et

65 2150 103 2186 in
120 2150 194 2187 hoc
212 2150 339 2187 uitam
358 2155 569 2187 consumat
593 2150 643 2187 ad
667 2150 886 2188 utilitatem
914 2151 1116 2198 propriam
1145 2156 1186 2188 et
1213 2149 1402 2190 omnium,
1432 2153 1473 2186 et
1500 2148 1695 2186 maiorem

66 2209 144 2246 Dei
162 2210 350 2257 gloriam.
373 2209 442 2247 Ad
460 2210 561 2247 haec
580 2210 703 2248 sentit
721 2223 764 2248 se
784 2209 928 2249 fortem
955 2211 996 2248 in
1023 2216 1195 2258 utroque
1223 2209 1399 2252 homine,
1429 2213 1468 2245 et
1494 2212 1695 2245 tentatum

65 2282 270 2318 nunquam
289 2276 430 2307 contra
448 2270 709 2317 Societatem,
731 2284 781 2309 ne
801 2272 951 2310 leuiter
976 2271 1152 2320 quidem,
1179 2274 1445 2308 conseruatus
1471 2268 1522 2305 ab
1554 2280 1602 2305 eo
1628 2268 1695 2316 qui

64 2341 156 2365 eum
175 2329 225 2366 ad
243 2330 346 2367 hanc
365 2330 538 2376 uocauit;
560 2331 623 2368 cui
643 2335 812 2368 aeterna
830 2332 977 2379 gloria.
1000 2331 1183 2368 Amen.»
