1900 3380
560 209 843 246 17O.-PRAGA
871 210 917 247 27
944 210 1051 258 MAJI
1082 212 1171 248 1558
1562 214 1631 251 683

47 303 108 348 ad
132 318 270 349 suam
299 319 519 350 mensam
543 305 834 351 inuitabant.
862 306 978 352 Sine
1012 307 1142 352 omni
1175 308 1521 365 impedimento
1557 326 1676 356 suae

46 389 214 426 sectae
240 392 286 426 et
312 382 416 427 sine
440 382 568 427 omni
593 384 886 440 exceptione
911 385 1087 442 hospes
1115 401 1210 431 vna
1234 401 1344 431 cum
1382 403 1539 433 vxore
1566 405 1674 445 pro-

46 460 283 503 miserunt
320 457 469 504 filium
504 475 645 505 suum
682 476 734 506 se
770 462 1043 507 tradituros
1079 472 1249 507 nostro
1284 464 1548 510 conuictui.
1578 465 1675 511 Da-

46 535 162 580 bant
187 537 433 592 quaedam
469 552 567 582 non
602 539 817 584 obscura
851 540 1013 596 signa,
1040 555 1136 585 non
1170 541 1367 586 omnino
1394 544 1674 598 perculsam

42 628 101 658 ac
130 612 447 670 desperatam
473 629 581 660 esse
606 630 745 661 suam
771 617 997 674 salutem,
1024 618 1063 663 si
1087 617 1231 663 modo
1256 629 1421 665 essent
1446 636 1474 665 a
1499 621 1674 677 quibus

43 689 418 737 adiuuarentur.
447 691 645 738 Pilznae
670 694 857 749 consul,
885 694 1023 740 cuius
1058 693 1182 739 filius
1216 695 1455 741 hactenus
1480 699 1570 743 sub
1594 714 1674 743 no-

42 768 113 813 bis
150 768 350 825 studuit,
379 769 425 814 in
462 769 537 815 die
578 771 856 827 palmarum
891 771 936 816 in
972 772 1289 828 processione
1324 773 1524 819 Patrem
1561 792 1674 821 eun-

40 845 148 890 dem
174 861 202 890 a
227 845 407 891 dextro
443 847 600 892 latere
626 847 808 893 habuit.
833 848 1129 905 Apparebat
1153 849 1331 895 ibidem
1356 851 1537 908 aliquid
1563 868 1672 899 esse

40 922 285 979 agitatum
311 939 340 968 a
365 933 539 969 senatu
566 924 625 969 de
651 925 863 982 collegio
887 924 1155 971 Societatis
1189 927 1471 983 obtinendo,
1500 929 1576 974 cui
1605 930 1673 975 rei

41 1008 339 1056 oportunum
364 1017 393 1046 a
419 1002 666 1058 plerisque
690 1003 1100 1049 subindicabatur
1137 1006 1492 1051 monasterium
1528 1008 1673 1053 domi-

39 1076 345 1134 nicanorum,
375 1079 505 1134 quod
532 1095 654 1124 vnus
679 1088 871 1125 tantum
896 1080 1208 1127 inhabitabat
1232 1083 1521 1129 monachus.

104 1154 171 1200 12.
240 1154 356 1212 Egit
382 1172 576 1213 quoque
602 1156 753 1202 Pater
777 1173 887 1202 cum
914 1173 1157 1204 caesarea
1181 1159 1443 1207 maiestate
1468 1171 1517 1208 et
1540 1178 1671 1208 sere-

38 1232 239 1278 nissimo
264 1233 482 1290 principe
508 1235 566 1279 de
593 1234 829 1291 religiosa
854 1236 1069 1292 quadam
1095 1252 1325 1295 persona;
1354 1254 1481 1295 quae
1511 1240 1671 1286 adhuc

38 1309 184 1355 ouina
209 1310 371 1356 cincta
395 1312 520 1367 pelle
545 1312 708 1357 multis
733 1328 792 1358 ac
817 1329 913 1358 non
939 1313 1099 1359 dubiis
1121 1314 1384 1360 haeresum
1416 1317 1473 1362 de
1508 1333 1561 1362 se
1597 1334 1675 1363 ru-

36 1388 286 1444 musculis,
333 1389 645 1445 grauissimis
684 1391 932 1436 scandalis
972 1391 1126 1448 plebis
1171 1393 1361 1439 animos
1401 1394 1671 1442 illectabat.

37 1464 132 1522 Qui
157 1466 269 1511 dum
295 1466 461 1512 sedem
487 1482 608 1513 suae
629 1468 938 1524 pestilentiae
957 1469 1085 1515 inter
1104 1470 1378 1516 catholicos
1397 1480 1444 1517 et
1464 1473 1674 1519 alteram

37 1553 229 1599 partem
254 1544 461 1600 locaret,
490 1554 543 1591 vt
567 1554 615 1591 et
639 1561 749 1591 cum
776 1545 885 1592 Deo
909 1555 958 1593 et
981 1556 1160 1593 satana
1184 1558 1449 1605 pugnaret,
1488 1565 1582 1596 non
1608 1553 1673 1597 al-

38 1622 130 1666 teri
156 1622 313 1678 potuit
338 1638 485 1679 quam
511 1623 601 1668 soli
627 1633 835 1670 satanae
860 1625 1088 1683 militare,
1116 1626 1176 1671 de
1201 1626 1339 1672 cuius
1373 1629 1673 1674 emendatio·

39 1714 98 1745 ne
132 1715 244 1746 cum
278 1716 374 1745 non
405 1701 526 1746 satis
550 1701 687 1747 Patri
712 1711 983 1760 constaret,
1012 1719 1186 1749 rursus
1215 1703 1275 1749 de
1301 1705 1475 1751 eodem
1499 1706 1673 1763 princi-

36 1777 82 1833 pi
107 1786 181 1823 est
205 1777 415 1834 locutus,
443 1778 521 1824 cui
544 1779 624 1824 ille
651 1780 903 1837 respondit
933 1780 1088 1838 pridie
1123 1792 1238 1827 ante
1272 1782 1424 1828 fuisse
1459 1785 1672 1830 accersi-

37 1863 139 1900 tum
164 1863 212 1900 et
236 1855 573 1901 examinatum
598 1856 731 1902 illum
757 1858 1178 1915 concionatorem,
1206 1859 1451 1918 grauiter,
1489 1861 1674 1908 adhibi-

37 1932 97 1978 tis
121 1948 314 1991 quoque
340 1933 668 1980 seuerissimis
692 1935 879 1991 poenis,
907 1951 960 1981 se
995 1936 1058 1981 illi
1094 1936 1464 1984 interminatum
1499 1955 1559 1984 ne
1596 1941 1673 1986 vel

37 2010 375 2056 tenuissimam
400 2027 639 2058 emanare
664 2012 723 2058 de
748 2029 800 2058 se
824 2012 1160 2060 huiuscemodi
1186 2015 1495 2071 permitteret
1518 2018 1671 2074 suspi-

37 2087 245 2146 cionem;
283 2098 429 2135 caute
464 2104 524 2135 ac
558 2089 811 2147 sapienter
844 2099 1038 2148 ageret,
1076 2107 1189 2137 narn
1230 2101 1278 2138 et
1318 2093 1673 2140 obseruatores

36 2180 174 2210 suam
199 2166 521 2212 serenitatem
546 2166 844 2225 addituram,
872 2183 1000 2225 quae
1025 2169 1290 2215 conciones
1323 2179 1371 2215 et
1405 2170 1555 2227 ipsius
1590 2172 1670 2217 do-

37 2243 244 2288 ctrinam
279 2253 659 2300 perscrutentur
693 2254 741 2290 et
775 2245 837 2291 ad
871 2261 925 2291 se
960 2246 1198 2293 referant.
1230 2247 1448 2293 Libellus
1473 2249 1670 2306 quidam

36 2320 98 2366 D.
146 2320 364 2367 Henrico
409 2320 688 2379 Scribonio,
737 2323 1000 2380 pragensis
1054 2325 1187 2370 arcis
1230 2327 1533 2383 praeposito,
1580 2326 1672 2373 fuit

37 2398 248 2451 oblatus,
278 2408 329 2444 vt
355 2400 527 2456 praelo
553 2400 773 2457 daretur,
801 2400 861 2446 de
885 2416 982 2457 quo
1006 2407 1290 2448 nostrorum
1321 2403 1422 2448 lata
1457 2418 1671 2450 censura

37 2490 353 2534 summopere
377 2477 578 2534 placuit.

97 2555 165 2601 13.
233 2554 414 2601 Sartor
439 2555 636 2612 quidam
660 2555 867 2614 iuuenis,
905 2572 934 2602 a
966 2557 1028 2603 D.
1065 2557 1194 2616 Jona
1231 2556 1238 2579 ¹
1277 2559 1668 2617 commendatus,

34 2631 288 2678 nobiscum
313 2632 519 2679 habitat.
548 2633 812 2691 Antonius,
840 2634 1130 2681 adolescens
1156 2636 1394 2692 egregius
1424 2645 1472 2682 et
1505 2637 1666 2695 agilis,

35 2725 227 2767 gnarus
250 2711 539 2757 bohemicae
563 2722 610 2757 et
633 2713 956 2769 germanicae
989 2703 1204 2770 linguae,
1243 2713 1323 2770 qui
1357 2714 1487 2770 apud
1523 2714 1668 2761 Clau-

37 2786 166 2833 dium
202 2788 436 2846 degebat,
478 2789 920 2848 pharmacopolam
955 2790 1206 2848 principis,
1242 2800 1504 2848 pertaesus
1528 2808 1669 2839 aeru-

83 2968 93 2987 ¹
145 2967 219 3005 Dr.
236 2967 413 3015 jacobus
423 2968 561 3016 Jonas,
578 2969 826 3008 Ferdinandi
842 2971 1099 3019 imperatoris
1113 2971 1269 3009 consilii
1284 2972 1406 3010 aulici
1422 2972 1670 3010 vicecancel-

36 3025 173 3070 larius,
199 3026 418 3066 Societatis
436 3029 603 3068 amicus.
