<?xml version="1.0" encoding="UTF-8"?>
<!DOCTYPE html PUBLIC "-//W3C//DTD XHTML 1.0 Transitional//EN"
    "http://www.w3.org/TR/xhtml1/DTD/xhtml1-transitional.dtd">
<html xmlns="http://www.w3.org/1999/xhtml" xml:lang="en" lang="en">
 <head>
  <title>
</title>
<meta http-equiv="Content-Type" content="text/html;charset=utf-8" />
  <meta name='ocr-system' content='tesseract 3.04.00' />
  <meta name='ocr-capabilities' content='ocr_page ocr_carea ocr_par ocr_line ocrx_word'/>
</head>
<body>
  <div class='ocr_page' id='page_1' title='image "./litteraequadrime1705lain_0562.png"; bbox 0 0 1909 3328; ppageno 0'>
   <div class='ocr_carea' id='block_1_1' title="bbox 270 257 1336 302">
    <p class='ocr_par' dir='ltr' id='par_1_1' title="bbox 270 257 1336 302">
     <span class='ocr_line' id='line_1_1' title="bbox 270 257 1336 302; baseline -0.002 -7"><span class='ocrx_word' id='word_1_1' title='bbox 270 260 339 296; x_wconf 72' lang='lat'>530</span> <span class='ocrx_word' id='word_1_2' title='bbox 738 258 955 295; x_wconf 79' lang='lat' dir='ltr'><strong>LITTERAE</strong></span> <span class='ocrx_word' id='word_1_3' title='bbox 980 257 1336 302; x_wconf 77' lang='lat' dir='ltr'><strong>QUADRIMESTRES</strong></span> 
     </span>
    </p>
   </div>
   <div class='ocr_carea' id='block_1_2' title="bbox 314 350 1847 411">
    <p class='ocr_par' dir='ltr' id='par_1_2' title="bbox 314 350 1847 411">
     <span class='ocr_line' id='line_1_2' title="bbox 314 350 1847 411; baseline -0.003 -12"><span class='ocrx_word' id='word_1_4' title='bbox 314 355 600 411; x_wconf 67' lang='lat' dir='ltr'><em>Inscriptio.</em></span> <span class='ocrx_word' id='word_1_5' title='bbox 637 363 665 410; x_wconf 49' lang='grc' dir='ltr'>ἢ·</span> <span class='ocrx_word' id='word_1_6' title='bbox 710 354 773 399; x_wconf 81' lang='lat' dir='ltr'>Al</span> <span class='ocrx_word' id='word_1_7' title='bbox 821 355 971 399; x_wconf 89' lang='lat' dir='ltr'>molto</span> <span class='ocrx_word' id='word_1_8' title='bbox 1018 352 1124 398; x_wconf 47' lang='grc' dir='ltr'>ΒΨ</span> <span class='ocrx_word' id='word_1_9' title='bbox 1176 353 1339 397; x_wconf 79' lang='lat' dir='ltr'>Padre</span> <span class='ocrx_word' id='word_1_10' title='bbox 1384 351 1429 396; x_wconf 89' lang='lat' dir='ltr'>in</span> <span class='ocrx_word' id='word_1_11' title='bbox 1456 350 1671 403; x_wconf 81' lang='lat' dir='ltr'>Christo,</span> <span class='ocrx_word' id='word_1_12' title='bbox 1720 350 1751 394; x_wconf 92' lang='lat' dir='ltr'>il</span> <span class='ocrx_word' id='word_1_13' title='bbox 1795 350 1847 395; x_wconf 82' lang='lat' dir='ltr'>P.</span> 
     </span>
    </p>
   </div>
   <div class='ocr_carea' id='block_1_3' title="bbox 225 428 1877 567">
    <p class='ocr_par' dir='ltr' id='par_1_3' title="bbox 225 428 1877 567">
     <span class='ocr_line' id='line_1_3' title="bbox 225 428 1847 487; baseline -0.004 -10"><span class='ocrx_word' id='word_1_14' title='bbox 225 434 369 478; x_wconf 79' lang='lat' dir='ltr'>Mtro.</span> <span class='ocrx_word' id='word_1_15' title='bbox 399 434 553 478; x_wconf 88' lang='lat' dir='ltr'>Iouan</span> <span class='ocrx_word' id='word_1_16' title='bbox 586 432 804 477; x_wconf 79' lang='lat' dir='ltr'>Polanco</span> <span class='ocrx_word' id='word_1_17' title='bbox 840 433 966 477; x_wconf 80' lang='lat' dir='ltr'>della</span> <span class='ocrx_word' id='word_1_18' title='bbox 1003 430 1315 487; x_wconf 88' lang='lat' dir='ltr'>Compagnia</span> <span class='ocrx_word' id='word_1_19' title='bbox 1340 430 1398 474; x_wconf 89' lang='lat' dir='ltr'>de</span> <span class='ocrx_word' id='word_1_20' title='bbox 1423 428 1559 486; x_wconf 85' lang='lat' dir='ltr'>Jesu.</span> <span class='ocrx_word' id='word_1_21' title='bbox 1589 428 1635 472; x_wconf 79' lang='lat' dir='ltr'>A</span> <span class='ocrx_word' id='word_1_22' title='bbox 1669 428 1847 472; x_wconf 87' lang='lat' dir='ltr'>Roma.</span> 
     </span>
     <span class='ocr_line' id='line_1_4' title="bbox 315 490 1877 567; baseline -0.004 -12"><span class='ocrx_word' id='word_1_23' title='bbox 315 510 491 567; x_wconf 68' lang='lat' dir='ltr'>Sigz’llz‘</span> <span class='ocrx_word' id='word_1_24' title='bbox 511 510 810 566; x_wconf 73' lang='lat' dir='ltr'>vestz&#39;gz&#39;mn.</span> <span class='ocrx_word' id='word_1_25' title='bbox 1874 490 1877 493; x_wconf 79' lang='lat'>.</span> 
     </span>
    </p>
   </div>
   <div class='ocr_carea' id='block_1_4' title="bbox 596 761 1487 928">
    <p class='ocr_par' dir='ltr' id='par_1_4' title="bbox 596 761 1487 928">
     <span class='ocr_line' id='line_1_5' title="bbox 990 761 1091 812; baseline 0 -1"><span class='ocrx_word' id='word_1_26' title='bbox 990 761 1091 812; x_wconf 68' lang='lat' dir='ltr'>l39</span> 
     </span>
     <span class='ocr_line' id='line_1_6' title="bbox 596 877 1487 928; baseline -0.004 -1"><span class='ocrx_word' id='word_1_27' title='bbox 596 883 649 928; x_wconf 81' lang='lat' dir='ltr'>P.</span> <span class='ocrx_word' id='word_1_28' title='bbox 688 879 1037 927; x_wconf 77' lang='lat' dir='ltr'>ANTONIUS</span> <span class='ocrx_word' id='word_1_29' title='bbox 1073 877 1487 926; x_wconf 79' lang='lat' dir='ltr'><strong>BOUCLETUS</strong></span> 
     </span>
    </p>
   </div>
   <div class='ocr_carea' id='block_1_5' title="bbox 708 986 1367 1035">
    <p class='ocr_par' dir='ltr' id='par_1_5' title="bbox 708 986 1367 1035">
     <span class='ocr_line' id='line_1_7' title="bbox 708 986 1367 1035; baseline -0.006 -9"><span class='ocrx_word' id='word_1_30' title='bbox 708 1000 898 1026; x_wconf 76' lang='lat' dir='ltr'>TORNACO</span> <span class='ocrx_word' id='word_1_31' title='bbox 924 988 968 1024; x_wconf 78' lang='lat'>27</span> <span class='ocrx_word' id='word_1_32' title='bbox 995 998 1195 1035; x_wconf 72' lang='lat' dir='ltr'>JANUARH</span> <span class='ocrx_word' id='word_1_33' title='bbox 1226 986 1316 1023; x_wconf 77' lang='lat'>1558</span> <span class='ocrx_word' id='word_1_34' title='bbox 1344 988 1367 1023; x_wconf 86' lang='lat'>¹.</span> 
     </span>
    </p>
   </div>
   <div class='ocr_carea' id='block_1_6' title="bbox 229 1083 1858 1307">
    <p class='ocr_par' dir='ltr' id='par_1_6' title="bbox 229 1083 1858 1307">
     <span class='ocr_line' id='line_1_8' title="bbox 229 1083 1858 1131; baseline -0.006 -7"><span class='ocrx_word' id='word_1_35' title='bbox 229 1088 300 1124; x_wconf 82' lang='lat'>1-2.</span> <span class='ocrx_word' id='word_1_36' title='bbox 335 1087 508 1131; x_wconf 71' lang='lat' dir='ltr'>colleg-iz·</span> <span class='ocrx_word' id='word_1_37' title='bbox 527 1087 797 1122; x_wconf 70' lang='lat' dir='ltr'>tornacensis</span> <span class='ocrx_word' id='word_1_38' title='bbox 813 1084 1132 1129; x_wconf 71' lang='lat' dir='ltr'>fundationem</span> <span class='ocrx_word' id='word_1_39' title='bbox 1159 1085 1372 1119; x_wconf 71' lang='lat' dir='ltr'><em>nostrates</em></span> <span class='ocrx_word' id='word_1_40' title='bbox 1399 1083 1522 1117; x_wconf 71' lang='lat' dir='ltr'>enixe</span> <span class='ocrx_word' id='word_1_41' title='bbox 1543 1084 1858 1126; x_wconf 63' lang='lat' dir='ltr'>procurant.—</span> 
     </span>
     <span class='ocr_line' id='line_1_9' title="bbox 297 1139 1858 1186; baseline -0.005 -3"><span class='ocrx_word' id='word_1_42' title='bbox 297 1148 334 1183; x_wconf 81' lang='lat'>3.</span> <span class='ocrx_word' id='word_1_43' title='bbox 365 1145 509 1183; x_wconf 78' lang='lat' dir='ltr'>Socios</span> <span class='ocrx_word' id='word_1_44' title='bbox 537 1156 690 1181; x_wconf 74' lang='lat' dir='ltr'>novem</span> <span class='ocrx_word' id='word_1_45' title='bbox 718 1147 796 1180; x_wconf 78' lang='lat' dir='ltr'>aul</span> <span class='ocrx_word' id='word_1_46' title='bbox 821 1144 969 1181; x_wconf 76' lang='lat' dir='ltr'>decem</span> <span class='ocrx_word' id='word_1_47' title='bbox 995 1143 1138 1179; x_wconf 81' lang='lat' dir='ltr'>Ronzn</span> <span class='ocrx_word' id='word_1_48' title='bbox 1159 1139 1701 1186; x_wconf 70' lang='lat' dir='ltr'>illm·1121·tt2·poscz·t.—-4-5.</span> <span class='ocrx_word' id='word_1_49' title='bbox 1731 1139 1858 1175; x_wconf 81' lang='lat' dir='ltr'>Mini-</span> 
     </span>
     <span class='ocr_line' id='line_1_10' title="bbox 298 1198 1857 1247; baseline -0.004 -5"><span class='ocrx_word' id='word_1_50' title='bbox 298 1207 430 1242; x_wconf 72' lang='lat' dir='ltr'>sfez‘z&#39;a</span> <span class='ocrx_word' id='word_1_51' title='bbox 450 1208 624 1242; x_wconf 71' lang='lat' dir='ltr'>nostrae</span> <span class='ocrx_word' id='word_1_52' title='bbox 649 1204 874 1241; x_wconf 75' lang='lat' dir='ltr'>Societatz&#39;s</span> <span class='ocrx_word' id='word_1_53' title='bbox 900 1214 984 1239; x_wconf 86' lang='lat' dir='ltr'>non</span> <span class='ocrx_word' id='word_1_54' title='bbox 1012 1203 1107 1239; x_wconf 76' lang='lat' dir='ltr'>sine</span> <span class='ocrx_word' id='word_1_55' title='bbox 1124 1201 1280 1247; x_wconf 67' lang='lat' dir='ltr'>frnctn</span> <span class='ocrx_word' id='word_1_56' title='bbox 1310 1199 1662 1237; x_wconf 50' lang='lat' dir='ltr'>&amp;ettennon—6.</span> <span class='ocrx_word' id='word_1_57' title='bbox 1698 1198 1857 1235; x_wconf 69' lang='lat' dir='ltr'>Pravo-</span> 
     </span>
     <span class='ocr_line' id='line_1_11' title="bbox 300 1260 1387 1307; baseline -0.007 -4"><span class='ocrx_word' id='word_1_58' title='bbox 300 1275 399 1302; x_wconf 68' lang='lat' dir='ltr'>a‘nnz</span> <span class='ocrx_word' id='word_1_59' title='bbox 419 1265 632 1301; x_wconf 65' lang='lat' dir='ltr'>librorum</span> <span class='ocrx_word' id='word_1_60' title='bbox 651 1263 946 1300; x_wconf 76' lang='lat' dir='ltr'>venditionem</span> <span class='ocrx_word' id='word_1_61' title='bbox 967 1263 1107 1299; x_wconf 63' lang='lat' dir='ltr'>nostri</span> <span class='ocrx_word' id='word_1_62' title='bbox 1124 1260 1387 1307; x_wconf 74' lang='lat' dir='ltr'>impediunt.</span> 
     </span>
    </p>
   </div>
   <div class='ocr_carea' id='block_1_7' title="bbox 230 1354 1892 2812">
    <p class='ocr_par' dir='ltr' id='par_1_7' title="bbox 230 1354 1862 1883">
     <span class='ocr_line' id='line_1_12' title="bbox 292 1354 1853 1415; baseline -0.006 -8"><span class='ocrx_word' id='word_1_63' title='bbox 292 1363 329 1407; x_wconf 87' lang='lat' dir='ltr'>l.</span> <span class='ocrx_word' id='word_1_64' title='bbox 394 1365 420 1415; x_wconf 76' lang='lat'><strong>†</strong></span> <span class='ocrx_word' id='word_1_65' title='bbox 454 1360 559 1406; x_wconf 84' lang='lat' dir='ltr'>Pax</span> <span class='ocrx_word' id='word_1_66' title='bbox 585 1360 722 1406; x_wconf 86' lang='lat' dir='ltr'>Chri.</span> <span class='ocrx_word' id='word_1_67' title='bbox 750 1359 854 1405; x_wconf 58' lang='lat' dir='ltr'>Rfle</span> <span class='ocrx_word' id='word_1_68' title='bbox 878 1361 923 1405; x_wconf 91' lang='lat' dir='ltr'>in</span> <span class='ocrx_word' id='word_1_69' title='bbox 949 1358 1099 1404; x_wconf 85' lang='lat' dir='ltr'>Chro.</span> <span class='ocrx_word' id='word_1_70' title='bbox 1130 1358 1295 1402; x_wconf 80' lang='lat' dir='ltr'>Pater.</span> <span class='ocrx_word' id='word_1_71' title='bbox 1324 1355 1454 1413; x_wconf 83' lang='lat' dir='ltr'>Quid</span> <span class='ocrx_word' id='word_1_72' title='bbox 1477 1354 1724 1400; x_wconf 86' lang='lat' dir='ltr'>mensibus</span> <span class='ocrx_word' id='word_1_73' title='bbox 1759 1354 1853 1399; x_wconf 89' lang='lat' dir='ltr'>ela-</span> 
     </span>
     <span class='ocr_line' id='line_1_13' title="bbox 230 1432 1859 1496; baseline -0.006 -12"><span class='ocrx_word' id='word_1_74' title='bbox 230 1439 329 1496; x_wconf 87' lang='lat' dir='ltr'>psis</span> <span class='ocrx_word' id='word_1_75' title='bbox 363 1439 628 1495; x_wconf 83' lang='lat' dir='ltr'>egerimus,</span> <span class='ocrx_word' id='word_1_76' title='bbox 665 1438 836 1494; x_wconf 79' lang='lat' dir='ltr'>paucis</span> <span class='ocrx_word' id='word_1_77' title='bbox 870 1436 1083 1493; x_wconf 83' lang='lat' dir='ltr'>accipiat</span> <span class='ocrx_word' id='word_1_78' title='bbox 1106 1435 1166 1480; x_wconf 84' lang='lat' dir='ltr'>R.</span> <span class='ocrx_word' id='word_1_79' title='bbox 1198 1435 1262 1480; x_wconf 80' lang='lat' dir='ltr'>V.</span> <span class='ocrx_word' id='word_1_80' title='bbox 1292 1434 1345 1479; x_wconf 80' lang='lat' dir='ltr'>P.</span> <span class='ocrx_word' id='word_1_81' title='bbox 1372 1432 1632 1489; x_wconf 78' lang='lat' dir='ltr'><strong>Imprimis,</strong></span> <span class='ocrx_word' id='word_1_82' title='bbox 1660 1440 1859 1488; x_wconf 86' lang='lat' dir='ltr'>praeter</span> 
     </span>
     <span class='ocr_line' id='line_1_14' title="bbox 232 1511 1858 1573; baseline -0.005 -12"><span class='ocrx_word' id='word_1_83' title='bbox 232 1516 512 1573; x_wconf 83' lang='lat' dir='ltr'>quotidiana</span> <span class='ocrx_word' id='word_1_84' title='bbox 538 1524 738 1560; x_wconf 88' lang='lat' dir='ltr'>nostrae</span> <span class='ocrx_word' id='word_1_85' title='bbox 764 1513 1029 1560; x_wconf 81' lang='lat' dir='ltr'>Societatis</span> <span class='ocrx_word' id='word_1_86' title='bbox 1053 1512 1309 1569; x_wconf 78' lang='lat' dir='ltr'>exercitia,</span> <span class='ocrx_word' id='word_1_87' title='bbox 1337 1511 1400 1556; x_wconf 92' lang='lat' dir='ltr'>ab</span> <span class='ocrx_word' id='word_1_88' title='bbox 1420 1511 1635 1555; x_wconf 83' lang='lat' dir='ltr'>aduentu</span> <span class='ocrx_word' id='word_1_89' title='bbox 1660 1524 1858 1565; x_wconf 91' lang='lat' dir='ltr'>prospe—</span> 
     </span>
     <span class='ocr_line' id='line_1_15' title="bbox 234 1586 1859 1646; baseline -0.006 -7"><span class='ocrx_word' id='word_1_90' title='bbox 234 1610 290 1639; x_wconf 88' lang='lat' dir='ltr'>ro</span> <span class='ocrx_word' id='word_1_91' title='bbox 323 1594 383 1639; x_wconf 83' lang='lat' dir='ltr'>R.</span> <span class='ocrx_word' id='word_1_92' title='bbox 422 1593 474 1638; x_wconf 80' lang='lat' dir='ltr'>P.</span> <span class='ocrx_word' id='word_1_93' title='bbox 514 1592 760 1638; x_wconf 85' lang='lat' dir='ltr'>Euurardi</span> <span class='ocrx_word' id='word_1_94' title='bbox 797 1594 811 1616; x_wconf 70' lang='lat'>‘2</span> <span class='ocrx_word' id='word_1_95' title='bbox 847 1592 1026 1638; x_wconf 78' lang='lat' dir='ltr'>fuimus</span> <span class='ocrx_word' id='word_1_96' title='bbox 1060 1590 1196 1636; x_wconf 87' lang='lat' dir='ltr'>simul</span> <span class='ocrx_word' id='word_1_97' title='bbox 1234 1604 1429 1646; x_wconf 87' lang='lat' dir='ltr'>semper</span> <span class='ocrx_word' id='word_1_98' title='bbox 1462 1587 1690 1643; x_wconf 88' lang='lat' dir='ltr'>occupati</span> <span class='ocrx_word' id='word_1_99' title='bbox 1725 1586 1859 1631; x_wconf 82' lang='lat' dir='ltr'>circa</span> 
     </span>
     <span class='ocr_line' id='line_1_16' title="bbox 232 1664 1859 1729; baseline -0.006 -12"><span class='ocrx_word' id='word_1_100' title='bbox 232 1671 434 1729; x_wconf 88' lang='lat' dir='ltr'>negotia</span> <span class='ocrx_word' id='word_1_101' title='bbox 459 1671 792 1726; x_wconf 85' lang='lat' dir='ltr'>tornacensia,</span> <span class='ocrx_word' id='word_1_102' title='bbox 820 1670 935 1715; x_wconf 83' lang='lat' dir='ltr'>nihil</span> <span class='ocrx_word' id='word_1_103' title='bbox 959 1669 1238 1714; x_wconf 87' lang='lat' dir='ltr'>omittentes</span> <span class='ocrx_word' id='word_1_104' title='bbox 1263 1682 1433 1712; x_wconf 84' lang='lat' dir='ltr'>eorum</span> <span class='ocrx_word' id='word_1_105' title='bbox 1460 1681 1586 1722; x_wconf 85' lang='lat' dir='ltr'>quae</span> <span class='ocrx_word' id='word_1_106' title='bbox 1610 1664 1859 1709; x_wconf 77' lang='lat' dir='ltr'>faciebant</span> 
     </span>
     <span class='ocr_line' id='line_1_17' title="bbox 233 1741 1862 1805; baseline -0.005 -11"><span class='ocrx_word' id='word_1_107' title='bbox 233 1749 294 1795; x_wconf 89' lang='lat' dir='ltr'>ad</span> <span class='ocrx_word' id='word_1_108' title='bbox 329 1749 478 1794; x_wconf 81' lang='lat' dir='ltr'>futuri</span> <span class='ocrx_word' id='word_1_109' title='bbox 515 1748 709 1805; x_wconf 88' lang='lat' dir='ltr'>collegii</span> <span class='ocrx_word' id='word_1_110' title='bbox 746 1748 1064 1802; x_wconf 74' lang='lat' dir='ltr'>erectionem,</span> <span class='ocrx_word' id='word_1_111' title='bbox 1097 1746 1236 1790; x_wconf 72' lang='lat' dir='ltr'>velut</span> <span class='ocrx_word' id='word_1_112' title='bbox 1264 1745 1399 1790; x_wconf 76' lang='lat' dir='ltr'>idem</span> <span class='ocrx_word' id='word_1_113' title='bbox 1424 1744 1487 1788; x_wconf 77' lang='lat' dir='ltr'>R.</span> <span class='ocrx_word' id='word_1_114' title='bbox 1515 1743 1576 1788; x_wconf 79' lang='lat' dir='ltr'>P.</span> <span class='ocrx_word' id='word_1_115' title='bbox 1605 1741 1862 1800; x_wconf 39' lang='lat' dir='ltr'>diffnsz&#39;zsts</span> 
     </span>
     <span class='ocr_line' id='line_1_18' title="bbox 235 1824 1352 1883; baseline -0.005 -11"><span class='ocrx_word' id='word_1_116' title='bbox 235 1826 488 1883; x_wconf 67' lang='lat' dir='ltr'>rescribet,</span> <span class='ocrx_word' id='word_1_117' title='bbox 514 1830 731 1882; x_wconf 69' lang='lat' dir='ltr'>propter</span> <span class='ocrx_word' id='word_1_118' title='bbox 752 1825 889 1882; x_wconf 75' lang='lat' dir='ltr'>qnod</span> <span class='ocrx_word' id='word_1_119' title='bbox 910 1825 972 1869; x_wconf 78' lang='lat' dir='ltr'>de</span> <span class='ocrx_word' id='word_1_120' title='bbox 995 1824 1171 1869; x_wconf 70' lang='lat' dir='ltr'>nnlltis</span> <span class='ocrx_word' id='word_1_121' title='bbox 1195 1827 1352 1867; x_wconf 77' lang='lat' dir='ltr'>taceo.</span> 
     </span>
    </p>

    <p class='ocr_par' dir='ltr' id='par_1_8' title="bbox 236 1896 1892 2812">
     <span class='ocr_line' id='line_1_19' title="bbox 293 1896 1852 1960; baseline -0.006 -11"><span class='ocrx_word' id='word_1_122' title='bbox 293 1905 334 1950; x_wconf 77' lang='lat'>2.</span> <span class='ocrx_word' id='word_1_123' title='bbox 404 1903 733 1960; x_wconf 85' lang='lat' dir='ltr'>Preparatam</span> <span class='ocrx_word' id='word_1_124' title='bbox 754 1903 903 1960; x_wconf 86' lang='lat' dir='ltr'>igitur</span> <span class='ocrx_word' id='word_1_125' title='bbox 928 1900 1334 1958; x_wconf 77' lang='lat' dir='ltr'>supplicationem</span> <span class='ocrx_word' id='word_1_126' title='bbox 1356 1897 1548 1943; x_wconf 84' lang='lat' dir='ltr'>senatui</span> <span class='ocrx_word' id='word_1_127' title='bbox 1574 1896 1852 1953; x_wconf 88' lang='lat' dir='ltr'>obtulimus,</span> 
     </span>
     <span class='ocr_line' id='line_1_20' title="bbox 238 1973 1857 2038; baseline -0.006 -11"><span class='ocrx_word' id='word_1_128' title='bbox 238 1998 334 2038; x_wconf 82' lang='lat' dir='ltr'>qua</span> <span class='ocrx_word' id='word_1_129' title='bbox 380 1982 623 2038; x_wconf 80' lang='lat' dir='ltr'>perlecta,</span> <span class='ocrx_word' id='word_1_130' title='bbox 671 1981 962 2037; x_wconf 85' lang='lat' dir='ltr'>modicaque</span> <span class='ocrx_word' id='word_1_131' title='bbox 1002 1978 1306 2024; x_wconf 77' lang='lat' dir='ltr'>discussione</span> <span class='ocrx_word' id='word_1_132' title='bbox 1346 1991 1493 2032; x_wconf 91' lang='lat' dir='ltr'>super</span> <span class='ocrx_word' id='word_1_133' title='bbox 1532 1975 1667 2020; x_wconf 79' lang='lat' dir='ltr'>illam</span> <span class='ocrx_word' id='word_1_134' title='bbox 1708 1973 1857 2030; x_wconf 74' lang='lat' dir='ltr'>facta,</span> 
     </span>
     <span class='ocr_line' id='line_1_21' title="bbox 237 2051 1859 2114; baseline -0.006 -10"><span class='ocrx_word' id='word_1_135' title='bbox 237 2059 401 2105; x_wconf 86' lang='lat' dir='ltr'>statim</span> <span class='ocrx_word' id='word_1_136' title='bbox 429 2074 554 2103; x_wconf 87' lang='lat' dir='ltr'>vnus</span> <span class='ocrx_word' id='word_1_137' title='bbox 578 2058 637 2102; x_wconf 88' lang='lat' dir='ltr'>de</span> <span class='ocrx_word' id='word_1_138' title='bbox 672 2057 839 2114; x_wconf 86' lang='lat' dir='ltr'>primis</span> <span class='ocrx_word' id='word_1_139' title='bbox 873 2056 1166 2102; x_wconf 84' lang='lat' dir='ltr'>consiliariis</span> <span class='ocrx_word' id='word_1_140' title='bbox 1200 2069 1427 2111; x_wconf 78' lang='lat' dir='ltr'>surgens,</span> <span class='ocrx_word' id='word_1_141' title='bbox 1455 2052 1524 2098; x_wconf 89' lang='lat' dir='ltr'>sic</span> <span class='ocrx_word' id='word_1_142' title='bbox 1559 2068 1646 2097; x_wconf 82' lang='lat' dir='ltr'>nos</span> <span class='ocrx_word' id='word_1_143' title='bbox 1682 2051 1859 2096; x_wconf 83' lang='lat' dir='ltr'>allocu-</span> 
     </span>
     <span class='ocr_line' id='line_1_22' title="bbox 236 2129 1858 2191; baseline -0.006 -10"><span class='ocrx_word' id='word_1_144' title='bbox 236 2146 312 2181; x_wconf 81' lang='lat' dir='ltr'>tus</span> <span class='ocrx_word' id='word_1_145' title='bbox 338 2145 426 2181; x_wconf 85' lang='lat' dir='ltr'>est:</span> <span class='ocrx_word' id='word_1_146' title='bbox 459 2135 694 2191; x_wconf 75' lang='lat' dir='ltr'>«Agimus</span> <span class='ocrx_word' id='word_1_147' title='bbox 720 2135 877 2190; x_wconf 88' lang='lat' dir='ltr'>vobis,</span> <span class='ocrx_word' id='word_1_148' title='bbox 905 2133 1072 2190; x_wconf 79' lang='lat' dir='ltr'>inquit,</span> <span class='ocrx_word' id='word_1_149' title='bbox 1100 2132 1294 2190; x_wconf 80' lang='lat' dir='ltr'>gratias</span> <span class='ocrx_word' id='word_1_150' title='bbox 1318 2131 1584 2176; x_wconf 88' lang='lat' dir='ltr'>immensas</span> <span class='ocrx_word' id='word_1_151' title='bbox 1608 2129 1666 2174; x_wconf 90' lang='lat' dir='ltr'>de</span> <span class='ocrx_word' id='word_1_152' title='bbox 1690 2137 1858 2173; x_wconf 82' lang='lat' dir='ltr'>vestra</span> 
     </span>
     <span class='ocr_line' id='line_1_23' title="bbox 238 2207 1860 2271; baseline -0.007 -11"><span class='ocrx_word' id='word_1_153' title='bbox 238 2229 363 2271; x_wconf 85' lang='lat' dir='ltr'>erga</span> <span class='ocrx_word' id='word_1_154' title='bbox 387 2228 476 2258; x_wconf 92' lang='lat' dir='ltr'>nos</span> <span class='ocrx_word' id='word_1_155' title='bbox 495 2212 858 2258; x_wconf 82' lang='lat' dir='ltr'>beneuolentia:</span> <span class='ocrx_word' id='word_1_156' title='bbox 882 2211 1023 2257; x_wconf 86' lang='lat' dir='ltr'>vobis</span> <span class='ocrx_word' id='word_1_157' title='bbox 1042 2220 1090 2256; x_wconf 89' lang='lat' dir='ltr'>et</span> <span class='ocrx_word' id='word_1_158' title='bbox 1112 2209 1289 2255; x_wconf 83' lang='lat' dir='ltr'>vestris</span> <span class='ocrx_word' id='word_1_159' title='bbox 1314 2207 1645 2266; x_wconf 78' lang='lat' dir='ltr'>promittimus</span> <span class='ocrx_word' id='word_1_160' title='bbox 1668 2220 1860 2251; x_wconf 89' lang='lat' dir='ltr'>omnem</span> 
     </span>
     <span class='ocr_line' id='line_1_24' title="bbox 238 2277 1891 2346; baseline -0.005 -10"><span class='ocrx_word' id='word_1_161' title='bbox 238 2291 465 2336; x_wconf 80' lang='lat' dir='ltr'>fauorem</span> <span class='ocrx_word' id='word_1_162' title='bbox 499 2301 545 2335; x_wconf 84' lang='lat' dir='ltr'>et</span> <span class='ocrx_word' id='word_1_163' title='bbox 580 2289 927 2346; x_wconf 81' lang='lat' dir='ltr'>patrocinium.</span> <span class='ocrx_word' id='word_1_164' title='bbox 966 2288 1207 2333; x_wconf 85' lang='lat' dir='ltr'>Dabimus</span> <span class='ocrx_word' id='word_1_165' title='bbox 1242 2287 1389 2332; x_wconf 89' lang='lat' dir='ltr'>etiam</span> <span class='ocrx_word' id='word_1_166' title='bbox 1431 2286 1622 2330; x_wconf 88' lang='lat' dir='ltr'>litteras</span> <span class='ocrx_word' id='word_1_167' title='bbox 1661 2277 1891 2328; x_wconf 60' lang='lat' dir='ltr'>nostrae&#39;</span> 
     </span>
     <span class='ocr_line' id='line_1_25' title="bbox 239 2363 1862 2423; baseline -0.006 -9"><span class='ocrx_word' id='word_1_168' title='bbox 239 2368 569 2414; x_wconf 85' lang='lat' dir='ltr'>concessionis</span> <span class='ocrx_word' id='word_1_169' title='bbox 604 2367 766 2423; x_wconf 89' lang='lat' dir='ltr'>sigillo</span> <span class='ocrx_word' id='word_1_170' title='bbox 805 2366 936 2411; x_wconf 83' lang='lat' dir='ltr'>vrbis</span> <span class='ocrx_word' id='word_1_171' title='bbox 970 2365 1260 2421; x_wconf 87' lang='lat' dir='ltr'>sigillatas.»</span> <span class='ocrx_word' id='word_1_172' title='bbox 1299 2363 1387 2409; x_wconf 89' lang='lat' dir='ltr'>His</span> <span class='ocrx_word' id='word_1_173' title='bbox 1424 2363 1588 2420; x_wconf 86' lang='lat' dir='ltr'>itaque</span> <span class='ocrx_word' id='word_1_174' title='bbox 1622 2377 1712 2418; x_wconf 91' lang='lat' dir='ltr'>pro</span> <span class='ocrx_word' id='word_1_175' title='bbox 1751 2368 1862 2405; x_wconf 81' lang='lat' dir='ltr'>voto</span> 
     </span>
     <span class='ocr_line' id='line_1_26' title="bbox 239 2435 1864 2503; baseline -0.006 -12"><span class='ocrx_word' id='word_1_176' title='bbox 239 2446 479 2503; x_wconf 84' lang='lat' dir='ltr'>expeditis</span> <span class='ocrx_word' id='word_1_177' title='bbox 502 2454 550 2491; x_wconf 90' lang='lat' dir='ltr'>et</span> <span class='ocrx_word' id='word_1_178' title='bbox 574 2445 747 2490; x_wconf 89' lang='lat' dir='ltr'>litteris</span> <span class='ocrx_word' id='word_1_179' title='bbox 770 2443 1103 2489; x_wconf 88' lang='lat' dir='ltr'>concessionis</span> <span class='ocrx_word' id='word_1_180' title='bbox 1128 2441 1356 2496; x_wconf 86' lang='lat' dir='ltr'>obtentis,</span> <span class='ocrx_word' id='word_1_181' title='bbox 1382 2440 1648 2496; x_wconf 89' lang='lat' dir='ltr'>capitulum</span> <span class='ocrx_word' id='word_1_182' title='bbox 1673 2435 1864 2483; x_wconf 90' lang='lat' dir='ltr'>canoni-</span> 
     </span>
     <span class='ocr_line' id='line_1_27' title="bbox 240 2508 1883 2578; baseline -0.006 -10"><span class='ocrx_word' id='word_1_183' title='bbox 240 2539 412 2569; x_wconf 87' lang='lat' dir='ltr'>corum</span> <span class='ocrx_word' id='word_1_184' title='bbox 451 2522 769 2578; x_wconf 84' lang='lat' dir='ltr'>accessimus,</span> <span class='ocrx_word' id='word_1_185' title='bbox 814 2520 928 2577; x_wconf 88' lang='lat' dir='ltr'>quia</span> <span class='ocrx_word' id='word_1_186' title='bbox 967 2519 1239 2564; x_wconf 88' lang='lat' dir='ltr'>iurisdictio</span> <span class='ocrx_word' id='word_1_187' title='bbox 1277 2517 1492 2563; x_wconf 86' lang='lat' dir='ltr'>ciuitatis</span> <span class='ocrx_word' id='word_1_188' title='bbox 1531 2531 1626 2561; x_wconf 91' lang='lat' dir='ltr'>non</span> <span class='ocrx_word' id='word_1_189' title='bbox 1667 2523 1740 2560; x_wconf 87' lang='lat' dir='ltr'>est</span> <span class='ocrx_word' id='word_1_190' title='bbox 1778 2508 1883 2559; x_wconf 57' lang='lat' dir='ltr'>sub&#39;</span> 
     </span>
     <span class='ocr_line' id='line_1_28' title="bbox 242 2593 1865 2658; baseline -0.006 -12"><span class='ocrx_word' id='word_1_191' title='bbox 242 2601 491 2658; x_wconf 88' lang='lat' dir='ltr'>episcopo,</span> <span class='ocrx_word' id='word_1_192' title='bbox 518 2600 604 2645; x_wconf 90' lang='lat' dir='ltr'>sed</span> <span class='ocrx_word' id='word_1_193' title='bbox 628 2599 719 2644; x_wconf 90' lang='lat' dir='ltr'>sub</span> <span class='ocrx_word' id='word_1_194' title='bbox 743 2597 894 2656; x_wconf 89' lang='lat' dir='ltr'>ipsius</span> <span class='ocrx_word' id='word_1_195' title='bbox 917 2597 1117 2654; x_wconf 87' lang='lat' dir='ltr'>capituli</span> <span class='ocrx_word' id='word_1_196' title='bbox 1141 2603 1411 2653; x_wconf 88' lang='lat' dir='ltr'>patronatu</span> <span class='ocrx_word' id='word_1_197' title='bbox 1445 2593 1731 2648; x_wconf 87' lang='lat' dir='ltr'>constituta,</span> <span class='ocrx_word' id='word_1_198' title='bbox 1757 2605 1865 2636; x_wconf 89' lang='lat' dir='ltr'>cum</span> 
     </span>
     <span class='ocr_line' id='line_1_29' title="bbox 242 2665 1892 2734; baseline -0.006 -12"><span class='ocrx_word' id='word_1_199' title='bbox 242 2678 415 2734; x_wconf 84' lang='lat' dir='ltr'>quibus</span> <span class='ocrx_word' id='word_1_200' title='bbox 453 2692 573 2722; x_wconf 87' lang='lat' dir='ltr'>sane</span> <span class='ocrx_word' id='word_1_201' title='bbox 608 2676 754 2733; x_wconf 84' lang='lat' dir='ltr'>paulo</span> <span class='ocrx_word' id='word_1_202' title='bbox 794 2674 969 2720; x_wconf 88' lang='lat' dir='ltr'>maiori</span> <span class='ocrx_word' id='word_1_203' title='bbox 1009 2689 1121 2719; x_wconf 88' lang='lat' dir='ltr'>curn</span> <span class='ocrx_word' id='word_1_204' title='bbox 1161 2665 1448 2718; x_wconf 71' lang='lat' dir='ltr'>difficultate</span> <span class='ocrx_word' id='word_1_205' title='bbox 1483 2670 1736 2727; x_wconf 83' lang='lat' dir='ltr'>negotium</span> <span class='ocrx_word' id='word_1_206' title='bbox 1769 2666 1892 2728; x_wconf 64' lang='lat' dir='ltr'>egi·v</span> 
     </span>
     <span class='ocr_line' id='line_1_30' title="bbox 242 2744 1879 2812; baseline -0.004 -15"><span class='ocrx_word' id='word_1_207' title='bbox 242 2769 364 2812; x_wconf 87' lang='lat' dir='ltr'>mus,</span> <span class='ocrx_word' id='word_1_208' title='bbox 393 2769 539 2810; x_wconf 85' lang='lat' dir='ltr'>quam</span> <span class='ocrx_word' id='word_1_209' title='bbox 564 2769 675 2798; x_wconf 89' lang='lat' dir='ltr'>cum</span> <span class='ocrx_word' id='word_1_210' title='bbox 708 2751 1137 2809; x_wconf 71' lang='lat' dir='ltr'>praecedentibus</span> <span class='ocrx_word' id='word_1_211' title='bbox 1175 2749 1492 2796; x_wconf 89' lang='lat' dir='ltr'>Obtinuimus</span> <span class='ocrx_word' id='word_1_212' title='bbox 1526 2757 1693 2794; x_wconf 85' lang='lat' dir='ltr'>tamen</span> <span class='ocrx_word' id='word_1_213' title='bbox 1727 2754 1774 2791; x_wconf 88' lang='lat' dir='ltr'>et</span> <span class='ocrx_word' id='word_1_214' title='bbox 1806 2744 1879 2790; x_wconf 63' lang='lat' dir='ltr'>ab,</span> 
     </span>
    </p>
   </div>
   <div class='ocr_carea' id='block_1_8' title="bbox 244 2889 1886 3118">
    <p class='ocr_par' dir='ltr' id='par_1_9' title="bbox 244 2889 1886 3053">
     <span class='ocr_line' id='line_1_31' title="bbox 292 2889 1886 2943; baseline -0.006 -10"><span class='ocrx_word' id='word_1_215' title='bbox 292 2900 297 2916; x_wconf 89' lang='lat'>¹</span> <span class='ocrx_word' id='word_1_216' title='bbox 353 2896 414 2933; x_wconf 81' lang='lat' dir='ltr'>Ex</span> <span class='ocrx_word' id='word_1_217' title='bbox 433 2896 623 2943; x_wconf 87' lang='lat' dir='ltr'>originali</span> <span class='ocrx_word' id='word_1_218' title='bbox 642 2896 682 2932; x_wconf 86' lang='lat' dir='ltr'>in</span> <span class='ocrx_word' id='word_1_219' title='bbox 701 2896 797 2932; x_wconf 86' lang='lat' dir='ltr'>codi‹</span> <span class='ocrx_word' id='word_1_220' title='bbox 815 2908 836 2932; x_wconf 86' lang='lat' dir='ltr'>e</span> <span class='ocrx_word' id='word_1_221' title='bbox 858 2895 998 2933; x_wconf 69' lang='lat' dir='ltr'>Germ.</span> <span class='ocrx_word' id='word_1_222' title='bbox 1020 2894 1114 2940; x_wconf 77' lang='lat'>185,</span> <span class='ocrx_word' id='word_1_223' title='bbox 1135 2894 1169 2930; x_wconf 83' lang='lat'>2.</span> <span class='ocrx_word' id='word_1_224' title='bbox 1191 2893 1251 2937; x_wconf 61' lang='lat' dir='ltr'>ff„</span> <span class='ocrx_word' id='word_1_225' title='bbox 1271 2907 1337 2930; x_wconf 89' lang='lat' dir='ltr'>nn.</span> <span class='ocrx_word' id='word_1_226' title='bbox 1359 2893 1417 2937; x_wconf 83' lang='lat'>33,</span> <span class='ocrx_word' id='word_1_227' title='bbox 1438 2893 1496 2938; x_wconf 73' lang='lat'>34;</span> <span class='ocrx_word' id='word_1_228' title='bbox 1523 2892 1635 2939; x_wconf 87' lang='lat' dir='ltr'>prius</span> <span class='ocrx_word' id='word_1_229' title='bbox 1659 2892 1716 2927; x_wconf 71' lang='lat'>85.</span> <span class='ocrx_word' id='word_1_230' title='bbox 1745 2889 1886 2927; x_wconf 15' lang='lat' dir='ltr'>Plura,</span> 
     </span>
     <span class='ocr_line' id='line_1_32' title="bbox 244 2947 1867 3002; baseline -0.005 -9"><span class='ocrx_word' id='word_1_231' title='bbox 244 2957 379 2994; x_wconf 79' lang='lat' dir='ltr'>deleta</span> <span class='ocrx_word' id='word_1_232' title='bbox 398 2961 467 2992; x_wconf 84' lang='lat' dir='ltr'>aut</span> <span class='ocrx_word' id='word_1_233' title='bbox 486 2956 686 3002; x_wconf 80' lang='lat' dir='ltr'>castigata</span> <span class='ocrx_word' id='word_1_234' title='bbox 705 2961 797 2992; x_wconf 88' lang='lat' dir='ltr'>sunt</span> <span class='ocrx_word' id='word_1_235' title='bbox 817 2968 938 2991; x_wconf 84' lang='lat' dir='ltr'>manu</span> <span class='ocrx_word' id='word_1_236' title='bbox 965 2954 1078 2991; x_wconf 77' lang='lat' dir='ltr'>nobis</span> <span class='ocrx_word' id='word_1_237' title='bbox 1105 2954 1257 3001; x_wconf 82' lang='lat' dir='ltr'>ignota,</span> <span class='ocrx_word' id='word_1_238' title='bbox 1287 2966 1392 3000; x_wconf 84' lang='lat' dir='ltr'>quae</span> <span class='ocrx_word' id='word_1_239' title='bbox 1420 2957 1611 2990; x_wconf 86' lang='lat' dir='ltr'>consueto</span> <span class='ocrx_word' id='word_1_240' title='bbox 1639 2963 1748 2987; x_wconf 83' lang='lat' dir='ltr'>more</span> <span class='ocrx_word' id='word_1_241' title='bbox 1775 2947 1867 2986; x_wconf 84' lang='lat' dir='ltr'>indi—</span> 
     </span>
     <span class='ocr_line' id='line_1_33' title="bbox 244 3016 441 3053; baseline -0.005 0"><span class='ocrx_word' id='word_1_242' title='bbox 244 3016 441 3053; x_wconf 83' lang='lat' dir='ltr'>cabimus.</span> 
     </span>
    </p>

    <p class='ocr_par' dir='ltr' id='par_1_10' title="bbox 291 3071 1739 3118">
     <span class='ocr_line' id='line_1_34' title="bbox 291 3071 1739 3118; baseline -0.003 -7"><span class='ocrx_word' id='word_1_243' title='bbox 291 3076 304 3095; x_wconf 84' lang='lat'>‘-&#39;</span> <span class='ocrx_word' id='word_1_244' title='bbox 354 3075 399 3112; x_wconf 73' lang='lat' dir='ltr'>P.</span> <span class='ocrx_word' id='word_1_245' title='bbox 420 3075 655 3113; x_wconf 77' lang='lat' dir='ltr'>Everardus</span> <span class='ocrx_word' id='word_1_246' title='bbox 675 3075 972 3112; x_wconf 77' lang='lat' dir='ltr'>Mei-curianus.</span> <span class='ocrx_word' id='word_1_247' title='bbox 994 3074 1057 3111; x_wconf 85' lang='lat' dir='ltr'>Cf.</span> <span class='ocrx_word' id='word_1_248' title='bbox 1079 3074 1234 3111; x_wconf 81' lang='lat' dir='ltr'>Laim&#39;z&#39;</span> <span class='ocrx_word' id='word_1_249' title='bbox 1251 3073 1464 3117; x_wconf 61' lang='lat' dir='ltr'>Monam„</span> <span class='ocrx_word' id='word_1_250' title='bbox 1485 3071 1535 3117; x_wconf 82' lang='grc' dir='ltr'>ΙΙ,</span> <span class='ocrx_word' id='word_1_251' title='bbox 1555 3071 1637 3118; x_wconf 79' lang='grc'>554,</span> <span class='ocrx_word' id='word_1_252' title='bbox 1658 3071 1739 3107; x_wconf 79' lang='lat'>557.</span> 
     </span>
    </p>
   </div>
  </div>
 </body>
</html>
