1971 3369
309 182 375 218 162
722 226 726 232 .
772 183 927 219 Luna<
938 195 990 219 ΑΕ
1018 184 1374 228 QUADRIMEs'rRES

258 294 406 334 quam
432 279 688 324 literarum
721 280 897 334 studio,
935 280 1047 325 licet
1084 279 1325 324 rationem
1361 279 1576 324 habeant
1611 279 1880 336 utriusque,

258 371 352 412 quo
379 356 565 401 debiles
599 357 759 402 adhuc
794 365 811 384 ³
842 367 889 402 et
923 357 1140 401 infirmos
1182 356 1397 401 retinere
1432 357 1618 412 possint
1644 357 1884 413 tantisper

258 433 415 478 donec
440 434 458 460 b
483 434 643 490 magis
666 434 1017 479 confirmentur
1039 441 1068 478 ς.
1098 434 1236 478 Haec
1263 433 1321 478 de
1346 433 1525 478 scholis
1550 433 1748 478 nostris.

317 510 358 555 (i.
426 510 567 555 Nunc
607 510 799 555 fructus
841 510 859 536 d
894 510 1259 556 confessionum
1295 525 1354 554 ac
1389 510 1679 555 concionum
1716 509 1884 566 paucis

259 587 470 643 accipiat
493 597 579 632 tua
604 588 881 633 reuerenda
910 588 1207 633 paternitas
1237 586 1489 632 Honestac
1514 596 1789 640 matronae,
1827 587 1885 631 de

260 664 433 720 quibus
457 674 621 717 antea,
651 674 700 710 ut
725 665 912 723 opinor,
941 665 1175 721 scriptum
1202 674 1291 718 est,
1320 664 1362 708 in
1385 680 1473 708 suo
1499 664 1767 720 proposito,
1795 663 1886 708 hoc

260 751 333 787 cst
358 742 401 786 in
428 742 624 798 pietatis
649 742 828 800 offici0‚
851 742 1056 788 firmiter
1076 751 1418 799 perseuerant,
1442 742 1555 787 licet
1574 741 1767 787 interim
1788 740 1883 786 suf-

261 818 393 864 ferre
418 829 666 876 cogantur
691 821 1014 865 aemulorum
1039 820 1339 865 inuidm'um
1370 825 1385 845 θ
1409 819 1682 863 calumnias
1711 817 1736 863 f.
1760 817 1885 863 Con-

261 895 455 941 fitentur
482 896 609 941 enim
635 912 1008 953 saepenumero,
1036 897 1279 953 quaedam
1315 896 1463 953 (quod
1495 896 1539 940 in
1563 896 1657 940 hac
1690 895 1887 940 natione

260 974 568 1019 rarissimum
594 974 685 1032 est)
711 984 891 1020 octauo
916 990 1110 1031 quoque
1135 975 1210 1019 die
1246 983 1443 1019 sumunt
1478 989 1676 1019 sacram
1711 973 1885 1018 eucha-

261 1050 467 1106 ristiam;
495 1067 694 1096 sacrum
719 1052 899 1097 missae
925 1051 1139 1097 officium
1166 1051 1382 1107 quotidie
1406 1051 1557 1095 certis
1575 1050 1708 1095 horis
1743 1050 1886 1094 deuo-

259 1136 307 1172 te
331 1127 550 1185 audiunt3
577 1127 648 1173 sic
671 1128 818 1173 etiam
842 1128 978 1173 multi
1003 1129 1237 1181 homines,
1273 1128 1501 1172 nmxime
1525 1134 1543 1161 g
1570 1127 1811 1183 hispanici
1842 1136 1889 1172 et

261 1204 435 1259 italicis
459 1205 606 1262 aliqui
632 1206 796 1263 etiam,
822 1205 909 1251 sed
935 1206 1094 1262 pauci,
1122 1205 1367 1261 germani.

319 1281 361 1327 7.
428 1281 480 1326 In
516 1282 644 1327 festo
679 1282 1075 1328 annunciationis
1117 1282 1352 1338 deiparae
1393 1281 1618 1337 Virginis
1652 1281 1788 1326 multi
1826 1281 1888 1326 ad

261 1358 623 1404 confessionem
668 1369 716 1405 et
761 1359 1152 1405 communionem
1199 1367 1575 1404 concurrerunt.
1626 1358 1888 1403 Dominica

262 1452 382 1481 uero
416 1436 710 1492 palmarum,
748 1445 888 1482 tanta
922 1437 1011 1482 fuit
1050 1436 1388 1482 confitentium
1423 1436 1583 1493 copia,
1620 1445 1671 1481 ut
1710 1435 1887 1482 Patres

262 1513 415 1558 nostri
440 1513 590 1569 longo
616 1514 786 1559 labore
811 1530 905 1559 non
931 1530 1108 1572 parum
1128 1514 1367 1559 debilitati
1389 1519 1522 1570 prae
1541 1514 1705 1559 nimia
1724 1513 1887 1558 multi-

262 1591 439 1636 tudine
462 1591 623 1637 coacti
648 1591 832 1637 fuerint
855 1608 973 1637 suas
996 1593 1137 1637 sedes
1168 1602 1214 1637 et
1245 1592 1565 1637 confessuros
1590 1591 1883 1648 relinquere.

262 1667 543 1713 Periculum
568 1668 695 1713 enim
720 1677 829 1714 erat
852 1684 912 1714 ne
943 1669 1199 1714 adstantes
1223 1669 1371 1714 etiam
1396 1677 1599 1725 praeter
1633 1684 1773 1714 suam
1809 1683 1888 1713 uo-

263 1746 497 1791 luntatem
523 1747 678 1792 uerba
702 1745 1037 1792 confitentium
1063 1747 1411 1803 intelligerent.
1436 1746 1488 1791 In
1512 1755 1688 1792 sancta
1712 1755 1760 1791 et
1784 1745 1888 1791 ulti-

263 1838 345 1868 ma
388 1824 803 1879 quadragesimae
846 1824 1156 1869 hebdomada
1196 1833 1336 1869 tanta
1382 1824 1474 1870 fuit
1518 1823 1792 1880 multitudo,
1839 1832 1888 1868 ut

263 1899 412 1945 etiam
437 1910 550 1946 octo
575 1901 863 1946 sacerdotes
887 1901 957 1946 eis
992 1900 1254 1946 difficulter
1288 1901 1584 1947 satisfacere
1619 1901 1890 1958 potuissent

264 1977 310 2022 in
349 1993 552 2024 munere
591 1979 947 2024 audiendarum
988 1979 1372 2025 confessionum.
1414 1979 1591 2025 Messis
1630 1994 1750 2024 sane
1790 1994 1889 2024 ma-

263 2069 364 2111 gna
387 2055 493 2114 fuit,
521 2056 736 2113 operarii
761 2072 882 2102 uero
906 2056 1049 2113 pauci
1076 2058 1103 2101 ¹.
1131 2056 1193 2102 Et
1217 2057 1332 2102 illud
1357 2056 1524 2102 dicere
1545 2062 1830 2113 possumus
1853 2055 1886 2101 ¹¹:

265 2132 466 2178 Paruuli
491 2142 661 2190 petunt
684 2149 879 2191 panem,
906 2134 991 2179 sed
1016 2150 1111 2179 non
1135 2138 1210 2179 est
1232 2135 1312 2191 qui
1337 2134 1547 2192 frangat
1568 2133 1575 2160 ³
1611 2134 1681 2180 eis
1707 2136 1739 2180 ².

323 2209 366 2255 8.
431 2211 554 2256 Boni
579 2211 671 2257 uiri
696 2227 811 2258 suos
835 2227 1012 2258 seruos
1037 2221 1085 2257 et
1109 2212 1316 2258 ancillas
1340 2212 1402 2257 ad
1427 2228 1516 2258 nos
1551 2213 1765 2269 mittunt,
1793 2211 1888 2258 exi-

265 2296 484 2345 guntque
507 2288 571 2334 ab
605 2288 674 2334 eis
697 2289 1045 2346 testimonium,
1069 2289 1409 2346 quofirnu'tetf
1431 2293 1779 2334 contestentur
1798 2303 1852 2334 se
1871 2287 1879 2322 ἱ

264 2366 447 2411 nostris
483 2365 714 2412 Patribus
747 2382 856 2412 esse
892 2366 1164 2412 confessos.
1203 2366 1468 2424 [Sequitur
1499 2367 1641 2412 locus
1674 2367 1736 2412 de
1774 2379 1909 2424 (μιθ-Ι

266 2444 510 2489 rumdam
534 2443 992 2500 anabaptistffl‘unz
1017 2443 1387 2501 conversionem]

317 2652 334 2672 a
377 2645 575 2682 debiles...
606 2646 645 2681 in
672 2645 761 2682 fide.
816 2645 881 2672 —b
918 2645 1025 2681 dum.
1094 2652 1157 2672 —C
1191 2644 1491 2682 confirmantur.
1568 2645 1627 2672 —d
1660 2645 1709 2682 de
1736 2644 1883 2682 fructu.
1912 2635 1914 2637 ‚

274 2725 283 2727 >
317 2712 333 2732 e
380 2705 563 2742 aliorum.
622 2705 675 2732 >—f
718 2705 808 2751 Seq.
837 2717 875 2742 v.
910 2705 1099 2741 abscondi
1125 2706 1194 2742 vel
1217 2695 1394 2742 abscindi
1423 2706 1559 2742 oblz'lt.
1610 2713 1677 2740 -g
1710 2715 1889 2751 praeser—

267 2765 350 2802 tim.
398 2765 461 2792 --h
498 2778 595 2801 vere
622 2765 835 2812 potuimus.
887 2764 940 2792 -i
969 2779 1044 2801 non
1065 2770 1152 2802 er’at
1171 2765 1237 2811 qui
1266 2764 1489 2812 frangeret.
1540 2765 1593 2800 —i
1626 2769 1781 2802 constet
1808 2776 1887 2801 eos.
1920 2784 1921 2789 =

319 2941 326 2959 ¹
378 2938 657 2985 MATTH.‚1X,
686 2939 744 2976 37.

317 2999 329 3018 ²
380 2999 557 3046 THREN„
578 2999 653 3042 IV,
674 3000 708 3036 4.
