1909 3328
249 279 317 313 018
714 278 729 313 I
738 289 932 315 ATTERAE
959 278 1051 324 QUA
1060 290 1314 317 DRIMESTRES

204 385 353 430 sente,
381 374 577 418 tandem
604 373 736 418 illum
762 374 1053 430 recepimus.
1082 373 1180 420 Sed
1215 376 1423 433 amplius
1447 377 1525 422 vir
1548 378 1628 424 ille
1652 380 1825 426 sollici-

204 460 310 495 tare
335 450 510 506 coepit,
533 458 584 494 ut
609 458 809 506 praeter
828 450 955 496 hunc
979 451 1102 496 duos
1126 452 1289 498 adhuc
1312 453 1434 499 alios
1458 470 1574 500 suos
1597 454 1721 501 filios
1745 457 1825 502 ad-

204 527 526 583 mitteremus,
565 542 686 584 quos
722 527 799 572 ille
834 529 1194 585 quamprimum
1231 530 1428 579 domum
1463 532 1706 589 rediisset,
1734 534 1827 580 huc

202 605 461 650 missurum
498 620 549 650 se
583 604 651 650 ait
686 620 782 650 una
816 620 927 650 cum
963 606 1175 662 quodam
1210 623 1300 653 suo
1335 607 1537 666 famulo,
1564 610 1643 666 qui
1678 611 1826 656 etiam

202 682 459 727 conuictos
493 691 639 727 esset.
677 681 880 740 Negare
915 682 979 728 illi
1013 683 1105 730 hoc
1138 699 1258 730 sane
1293 701 1387 730 non
1422 687 1684 745 potuimus,
1718 689 1826 733 uiro

202 759 494 815 praesertim
529 759 629 816 tali,
664 775 808 816 quem
842 760 1141 807 miraculose
1177 767 1195 788 ³
1217 761 1354 808 Deus
1388 763 1433 808 in
1458 773 1596 811 tanta
1619 765 1825 812 haereti-

202 852 370 881 corum
395 846 601 883 caterua
621 837 670 894 (a
695 837 869 894 quibus
893 848 1147 885 extremas
1170 841 1358 897 patitur
1382 841 1696 900 ignominias)
1716 859 1826 889 con-

202 923 388 971 seruat,
416 923 464 960 et
487 915 533 960 in
559 931 654 972 quo
678 915 984 972 singularem
1008 917 1245 974 pristinae
1279 919 1534 977 religionis
1558 921 1717 967 zelum
1743 935 1823 966 720-

201 993 433 1036 lauimus
456 990 491 1036 ¹³.
519 991 739 1048 Roganti
775 992 891 1039 mihi
925 992 1091 1052 filium,
1128 995 1236 1051 quis
1270 1005 1356 1042 aut
1390 997 1548 1054 qualis
1582 998 1627 1043 in
1661 999 1826 1055 patria

202 1083 291 1113 sua
315 1077 458 1124 pater
482 1069 633 1126 ipsius
658 1080 926 1116 uocaretur
956 1080 1042 1117 aut
1066 1082 1214 1129 esset,
1238 1074 1506 1133 respondit,
1527 1075 1736 1132 papista.
1764 1075 1828 1122 Et

202 1154 268 1202 tu,
296 1146 472 1192 iterum
500 1162 642 1204 rogo,
670 1147 775 1205 quis
800 1148 874 1193 es?
897 1148 1083 1195 Iterum
1114 1150 1198 1209 ait,
1227 1166 1322 1209 ego
1347 1168 1540 1210 quoque
1563 1170 1670 1200 sum
1695 1155 1825 1212 papi-

202 1233 294 1269 sta.
322 1222 601 1270 Uidebatur
624 1241 747 1281 puer
772 1242 1011 1272 annorum
1050 1228 1103 1272 14
1136 1228 1181 1273 in
1216 1228 1309 1275 hoc
1342 1230 1537 1277 nomine
1561 1231 1824 1289 triumpha*

203 1316 271 1357 re,
300 1300 437 1346 cuius
461 1303 640 1348 multos
674 1303 820 1350 etiam
855 1304 1127 1351 catholicos
1161 1306 1324 1363 pudet.
1354 1307 1499 1354 Hunc
1533 1309 1692 1355 uirum
1728 1321 1827 1356 tam

202 1378 483 1434 opulentum
519 1395 629 1425 esse
662 1380 813 1439 aiunt,
843 1390 893 1427 ut
927 1382 1007 1427 uni
1042 1382 1139 1429 filio
1174 1384 1380 1441 triginta
1409 1386 1541 1432 milia
1565 1396 1826 1434 coronato-

204 1470 309 1499 rum
353 1466 438 1501 aut
481 1456 753 1502 talerorum
791 1474 881 1515 pro
921 1460 1217 1516 patrimonio
1261 1462 1434 1519 legare
1474 1464 1641 1521 possit.
1684 1465 1829 1511 Hunc

203 1547 460 1589 speramus
483 1544 748 1590 praeterea
782 1551 929 1593 posse
963 1553 1043 1583 res
1076 1536 1340 1585 Societatis
1369 1550 1572 1587 nostrae
1596 1543 1758 1588 multis
1782 1543 1827 1589 in

204 1610 323 1656 locis
357 1611 617 1668 plurimum
651 1629 964 1672 promouere,
992 1625 1140 1673 atquc
1169 1617 1262 1664 hoc
1296 1618 1534 1676 imprimis
1558 1620 1703 1667 modo
1730 1637 1827 1667 ma-

204 1687 333 1733 xime
357 1704 541 1746 cupere
565 1701 611 1736 et
636 1691 934 1738 desiderare.

266 1765 329 1811 10.
393 1765 750 1814 Habemus'hic
773 1769 1141 1817 serenissimum
1161 1773 1429 1830 principem
1455 1775 1486 1832 ¹,
1509 1783 1666 1820 totum
1685 1775 1829 1832 plane

203 1852 442 1901 nostrum,
470 1844 548 1901 qui
573 1845 635 1890 ad
659 1855 857 1892 nostros
881 1847 1009 1894 misit
1032 1863 1173 1894 suum
1198 1851 1520 1909 sacellanum,
1546 1860 1598 1897 ut
1621 1861 1830 1909 rogaret

204 1920 503 1967 uellemusne
525 1923 778 1979 suscipere
802 1940 1005 1981 puerum
1031 1927 1275 1983 quendam
1300 1927 1554 1974 cuiusdam
1577 1929 1650 1974 sui
1681 1944 1828 1974 vena-

205 1997 342 2055 toris,
371 1998 637 2045 admodum
662 2016 782 2047 sane
809 2018 1033 2059 puerum:
1062 2005 1297 2051 recusari
1316 2005 1412 2051 hoc
1432 2019 1562 2052 suae
1583 2007 1826 2053 serenita-

203 2075 244 2120 tz'
281 2081 297 2102 ⁶
338 2076 548 2123 minime·
574 2078 747 2134 potuit.
790 2078 1042 2137 Receptus
1081 2097 1205 2139 ergo
1248 2081 1338 2128 fuit
1382 2083 1426 2128 in
1471 2082 1826 2140 conuictoifem,

205 2153 430 2208 quamuis
453 2154 823 2202 serenissimus
845 2157 1074 2215 princeps
1097 2168 1271 2215 postea
1294 2159 1354 2205 R.
1383 2159 1436 2205 P.
1470 2160 1731 2207 Victoriae
1764 2161 1828 2207 di-

206 2229 350 2286 xerit,
378 2245 430 2276 se
455 2231 587 2277 illum
617 2233 758 2279 nobis
792 2233 1003 2280 donasse
1033 2236 1123 2292 qui
1153 2236 1363 2282 haberet
1394 2251 1574 2283 curam
1609 2237 1830 2283 alicuius

205 2306 384 2353 Patris
412 2307 446 2366 ‘¹;
475 2309 560 2355 tali
585 2310 712 2356 enim
737 2314 1004 2369 opera'nos
1029 2312 1249 2370 indigere
1273 2315 1495 2371 putabat,
1532 2331 1592 2361 ac
1624 2315 1828 2372 proinde

206 2384 251 2429 in
275 2384 369 2431 hoc
393 2401 445 2431 se
470 2387 609 2433 nobis
633 2404 737 2434 rem
763 2398 962 2446 gratam
988 2389 1159 2437 facere
1184 2392 1436 2438 credebat.

267 2462 333 2508 11.
401 2462 614 2520 Quando
638 2465 734 2512 iam
760 2466 1055 2514 aduentaret
1089 2484 1238 2515 sacra
1261 2484 1504 2516 caesarea
1528 2470 1765 2516 maiestas
1793 2471 1825 2526 ⁴²,

207 2539 278 2585 bis
302 2539 502 2587 missum
526 2542 618 2589 fuit
640 2543 812 2590 eodem
836 2545 912 2591 die
936 2545 997 2591 ad
1021 2545 1083 2592 D.
1110 2545 1382 2593 Henricum
1407 2547 1439 2605 ³,
1466 2546 1663 2593 iubente
1681 2547 1826 2605 impe-

251 2719 270 2738 ⁸
320 2732 400 2756 non
431 2721 517 2758 sine
549 2735 698 2769 magno
729 2723 937 2761 miraculo.
991 2723 1057 2751 —b
1084 2723 1404 2762 obseruauimus.
1460 2732 1522 2753 -c
1553 2725 1740 2773 negari...
1774 2725 1825 2762 ei.
1874 2780 1876 2787 Ι

207 2778 271 2806 —d
304 2784 345 2816 vt
363 2780 477 2817 nobis
496 2780 727 2819 inseruiret.

255 2953 264 2972 ¹
316 2952 350 2989 F
354 2953 633 3001 erdinandum,
654 2955 911 3003 imperatoris
929 2954 1069 3000 filium,
1089 2955 1289 3004 intellige.

253 3011 266 3030 ¹
316 3011 598 3050 Ferdinandus
617 3014 848 3061 imperator.

253 3069 266 3089 ⁸
315 3069 362 3107 P.
384 3070 587 3109 Henricus
606 3072 859 3112 Blissemius.
881 3073 945 3112 Cf,
967 3074 1123 3112 Laim'z'
1138 3074 1349 3118 Mmzum„
1370 3074 1446 3121 IV,
1466 3075 1524 3112 90.
