1900 3380
0 436 3 472 l

0 479 3 508 «¹
52 473 368 519 concionibus
419 472 550 517 Pris.
613 472 859 517 Benedicti

0 514 4 600 l

476 299 558 335 142.
586 299 818 335 --PA'mvio
845 299 866 334 4
894 298 1127 335 FEBRUARH
1162 300 1248 334 1:338*
1564 299 1629 335 7)ss

0 411 3 427 ¹
53 396 147 442 Alii
173 396 251 452 qui
277 397 425 440 semel
453 404 641 440 tantum
669 396 711 439 in
738 411 867 440 anno
898 395 1120 440 confiteri
1145 406 1524 452 consueuerant,
1552 412 1680 441 nunc

910 472 914 494 ¹
964 472 1108 521 exciti
1155 472 1358 527 singulis
1403 473 1677 529 quindecim

51 550 218 596 diebus
247 550 560 605 confitentur,
588 565 647 595 ac
672 550 1013 595 sanctissimae
1040 550 1371 595 eucharistiae
1397 566 1677 595 sacramen-

51 638 150 673 tum
181 627 467 684 suscipiunt;
502 627 679 684 quique
716 627 961 672 blanditiis
996 627 1330 682 praesentium
1368 628 1676 683 uoluptatum

50 705 231 750 deliniti
256 716 402 761 atque
426 705 647 761 corrupti
668 704 833 749 diuina
860 704 1023 749 omnia
1061 704 1365 758 reiiciebant,
1406 705 1550 749 modo
1586 705 1679 750 fre-

50 790 252 838 quentes
283 797 453 827 earum
492 797 673 834 rerum,
711 797 836 838 quae
871 782 933 826 ad
958 781 1153 826 animae
1178 782 1389 826 salutem
1416 783 1677 839 pertinent,

50 860 110 905 ad
154 860 362 905 inuicem
413 875 666 905 sermones
719 860 952 904 conferre
998 860 1217 915 gaudent
1267 869 1315 904 et
1362 861 1681 906 uehementer

50 936 376 993 oblectantur,
420 937 633 993 nihilque
675 946 877 993 praeter
911 952 970 981 ea
1007 936 1233 992 cogitare
1264 952 1408 993 posse
1433 938 1677 983 uidentur.

49 1012 246 1069 Quanto
280 1029 402 1058 uero
432 1023 725 1059 cunctorum
761 1015 1001 1070 applausu
1040 1013 1119 1058 Pr.
1159 1013 1457 1059 Benedictus
1487 1016 1679 1060 concio-

49 1102 204 1143 netur,
234 1091 363 1135 haud
389 1106 570 1136 uereor
594 1091 705 1147 quin
734 1091 929 1136 facilius
963 1091 1257 1148 quicumque
1288 1107 1399 1137 eum
1435 1103 1682 1138 nouerunt

49 1183 135 1224 per
173 1183 224 1212 se
259 1168 487 1225 cogitare
524 1169 745 1225 ualeant,
780 1184 924 1225 quam
950 1184 1045 1224 ego
1071 1169 1238 1213 uerbis
1262 1169 1542 1225 exprimere
1567 1185 1679 1226 que—

50 1260 143 1290 am.
198 1244 324 1290 Cum
374 1246 499 1290 enim
552 1247 641 1290 hoc
692 1246 908 1291 aduentu
960 1245 1157 1290 Domini
1214 1246 1442 1301 permulti
1494 1247 1536 1291 in
1590 1247 1681 1292 hac

49 1322 167 1367 urbe
212 1323 592 1367 concionatores
640 1323 823 1377 forent,
871 1323 1032 1368 nullus
1077 1331 1241 1367 tamen
1293 1322 1679 1379 frequentiorem

47 1414 258 1456 unquam
283 1399 454 1445 habuit
478 1400 783 1445 concionem:
812 1401 960 1445 immo
987 1416 1108 1445 uero
1128 1400 1308 1457 cuncti,
1330 1400 1499 1445 audita
1521 1400 1682 1445 Patris

47 1477 196 1534 fama,
224 1488 451 1522 caeteros
477 1477 825 1534 relinquentes,
854 1477 917 1522 acl
943 1478 1086 1523 diuae
1113 1477 1335 1534 Lu[ciae]
1428 1479 1677 1535 templum,

48 1553 91 1598 in
115 1570 209 1610 quo
234 1554 645 1610 concionabatur,
672 1556 778 1600 solo
802 1555 905 1600 eius
936 1556 1131 1600 nomine
1166 1555 1361 1600 attoniti
1397 1556 1677 1603 ueniebant.

46 1630 206 1677 Tanta
230 1642 397 1677 autem
423 1642 533 1678 erat
564 1633 939 1678 aduentantium
974 1634 1252 1690 multitudo,
1292 1643 1341 1679 ut
1379 1634 1531 1689 locus,
1570 1634 1681 1679 licet

45 1709 233 1764 amplus
266 1709 401 1761 satis,
439 1710 634 1755 minime
669 1720 835 1755 tamen
874 1709 1077 1768 [cap]ax
1114 1710 1132 1737 ¹³
1172 1720 1318 1767 esset,
1357 1712 1681 1767 quamobrem

45 1784 210 1839 Pater,
239 1786 471 1831 nobilium
497 1788 763 1832 multorum
790 1797 837 1833 et
862 1788 1013 1845 ipsius
1037 1788 1254 1845 episcopi
1290 1789 1304 1812 ²¹
1339 1788 1569 1844 precibus
1599 1789 1680 1834 acl-

45 1862 233 1919 ductus,
261 1863 306 1908 in
331 1880 524 1909 summo
559 1865 774 1910 ciuitatis
808 1866 989 1921 templo
1023 1865 1366 1922 superioribus
1402 1865 1574 1910 diebus
1608 1874 1682 1910 est

45 1940 380 1996 concionatus,
423 1941 689 1998 aliquando
725 1958 847 1988 uero
882 1951 1086 1999 propter
1127 1942 1394 1988 maximam
1431 1943 1679 1988 hominum

45 2017 370 2074 frequentiam
395 2028 560 2064 tantus
586 2029 695 2064 erat
721 2020 973 2077 strepitus,
1001 2029 1052 2065 ut
1077 2035 1188 2065 cum
1223 2021 1511 2066 concionem
1546 2030 1678 2066 esset

1375 1480 1393 1498 a

27 2110 334 2153 aggressus,
361 2111 451 2141 nec
477 2097 627 2142 ullum
653 2113 858 2153 prorsus
883 2099 1090 2143 uerbum
1116 2098 1457 2155 exaudiretur,
1480 2099 1678 2143 desiste-

46 2188 98 2218 re
121 2174 181 2219 sit
207 2183 426 2231 coactus;
454 2189 663 2232 cumque
694 2175 928 2232 strepitus
964 2187 1335 2232 perseueraret,
1375 2184 1424 2221 et
1458 2176 1679 2220 clamore

45 2250 285 2296 silentium
309 2251 625 2297 indicentium
652 2252 809 2298 maior
833 2269 1027 2309 quoque
1052 2252 1208 2310 fieret,
1246 2252 1396 2298 Pater
1430 2254 1531 2298 alta
1556 2268 1678 2298 uoce

48 2343 97 2373 se
136 2329 224 2374 nisi
269 2328 486 2383 silerent,
530 2329 867 2375 discessurum
913 2330 1162 2387 minitans,
1205 2330 1367 2375 subito
1413 2330 1484 2387 (ut
1528 2329 1680 2386 inquit

45 2405 139 2463 ille)
164 2407 195 2462 3,
223 2407 508 2452 conticuere
533 2423 702 2453 omnes
726 2407 994 2464 intentique
1020 2424 1109 2453 ora
1135 2409 1383 2453 tenebant.
1418 2407 1591 2464 Itaque
1626 2419 1676 2453 ut

45 2493 245 2529 caetera
269 2485 509 2542 omittam,
538 2485 683 2530 facile
708 2485 996 2531 coniectura
1022 2501 1082 2531 ex
1120 2486 1211 2531 hoc
1246 2485 1456 2542 perspici
1493 2495 1672 2542 potest,

89 2629 108 2648 ἢ
160 2629 219 2666 Ob
239 2630 482 2666 atramenti
498 2630 727 2665 maculam
748 2629 833 2674 legi
851 2632 1069 2676 nequeam!
1090 2629 1276 2665 ultimae
1294 2629 1481 2671 litterae·
1497 2628 1575 2665 sed
1589 2630 1678 2675 agi-

47 2691 119 2725 tm‘
140 2689 194 2726 de
219 2689 379 2734 templo
409 2688 508 2725 stae
525 2688 702 2725 Luciae.
737 2688 796 2734 Cf.
826 2688 982 2725 Lal‘m'i
1006 2689 1215 2730 Monam..
1248 2688 1333 2729 HI,
1365 2687 1464 2724 360.
1518 2688 1584 2715 —b
1619 2688 1679 2725 Ol)

46 2749 244 2785 eamdem
264 2758 447 2785 causam
468 2749 552 2794 legi
570 2751 787 2794 nequeunt
807 2749 986 2794 aliquae
1005 2749 1186 2785 lz'ttc’rae.
1209 2747 1403 2793 Antiqua
1424 2758 1562 2784 manu
1578 2749 1679 2785 scri-

43 2810 168 2853 ptum
189 2812 252 2845 est
267 2820 306 2845 v.
328 2814 466 2855 supra
485 2819 673 2845 versum.

93 2941 99 2959 ¹
153 2940 196 2977 Ρ.
220 2940 465 2978 Benedictus
484 2941 679 2978 Palmius.
703 2940 766 2978 Cf.
790 2941 944 2978 Lainz'z'
962 2940 1173 2983 Momm„
1196 2939 1262 2983 ΙΙΙ,
1284 2939 1342 2981 91,
1368 2939 1450 2976 360.

92 2999 104 3018 “·’
158 2999 330 3037 Videtur
350 3001 416 3047 agi
437 3001 485 3038 de
505 3000 693 3038 Gerardo
712 3000 929 3047 ssusdragi,
951 3000 1138 3046 episcopo
1164 2999 1319 3035 titulari
1348 2999 1607 3046 argolicensi,
1638 3006 1678 3037 et

46 3060 259 3097 cardinalis
276 3060 425 3097 Aloisii
442 3060 576 3097 Pisani
595 3061 796 3097 auxiliari.
813 3059 876 3097 Cf.
896 3059 1055 3103 EUBEL,
1070 3058 1398 3103 Hz‘erm‘clzz'a‚..,
1416 3059 1484 3102 ΙΙΙ,
1503 3059 1580 3102 130,
1594 3058 1676 3097 284.

93 3119 105 3138 ³
156 3119 392 3165 YiRfflLIus,
417 3121 609 3163 flezzeid„
634 3121 698 3157 lib.
722 3120 770 3166 Il,
792 3121 823 3156 1.
