1909 3328
236 264 304 299 &oo
702 262 919 298 LITTERAE
947 261 1300 306 QUADRIMEsTREs

190 364 415 416 dialogus
457 362 819 408 inuocationem
860 362 915 407 B.
954 361 1197 418 Virginis,
1237 360 1372 406 cuius
1411 373 1674 415 personam
1713 359 1815 414 pul·

191 440 465 484 cherrimus
499 439 696 496 quidam
732 440 1022 484 adolescens
1058 438 1326 483 referebat.
1362 436 1504 492 Quae
1540 450 1620 480 res
1654 434 1814 480 mirifi-

192 534 299 561 cam
340 517 598 561 catholicis
632 516 795 561 attulit
831 515 1239 567 consolationem,
1278 525 1331 558 vt
1365 513 1511 558 etiam
1546 513 1703 569 ipsum
1738 527 1814 556 ar-

190 594 554 650 chiepiscopum
579 609 701 649 prae
726 594 909 649 gaudio
935 593 1212 649 lachymari
1238 606 1486 636 cerneres.

254 672 320 715 Ιὸ.
388 671 552 716 Venio
576 686 704 716 nunc
728 671 790 715 ad
814 680 1067 724 externos,
1090 680 1136 714 et
1161 684 1256 725 quo
1281 668 1327 713 in
1351 669 1461 712 loco
1486 682 1576 711 nos
1600 666 1817 710 habeant

196 748 465 804 quibusque
510 747 768 793 fauoribus
807 763 895 792 nos
935 755 1302 803 prosequantur
1341 744 1539 800 aperire
1578 743 1813 788 conabor.

194 825 452 870 Caesarea
476 824 697 880 inprimis
721 824 956 869 maiestas
991 826 1003 847 ¹
1042 832 1233 868 tantam
1258 821 1397 866 nobis
1422 819 1818 865 beneuolentiam

190 903 405 959 exhibet,
434 912 630 959 tamque
655 918 708 947 se
731 903 940 958 praebet
965 900 1278 956 familiarem,
1308 909 1359 944 vt
1383 913 1493 943 cum
1517 896 1625 942 filiis
1649 911 1817 953 saepe-

191 995 397 1024 numero
429 995 584 1035 agere
618 979 864 1036 videatur,
902 988 949 1024 et
986 978 1070 1023 vix
1100 978 1363 1034 quicquam
1398 977 1462 1021 ab
1495 991 1554 1020 eo
1590 975 1816 1031 petimus,

192 1057 417 1113 quamuis
442 1068 488 1101 et
512 1072 695 1113 magna
728 1066 774 1102 et
808 1056 1097 1113 frequenter
1122 1064 1366 1111 petamus,
1394 1053 1523 1109 quod
1549 1067 1643 1097 non
1670 1051 1818 1096 liben*

192 1135 376 1179 tissime
401 1133 657 1179 concedat.
685 1133 786 1178 Imo
811 1134 1042 1178 hortatur
1067 1132 1272 1177 subinde
1297 1140 1351 1175 vt
1375 1130 1413 1175 si
1438 1129 1551 1185 quid
1586 1128 1814 1182 velimus,

193 1211 443 1257 liberrime
468 1225 821 1267 proponamus.
849 1210 947 1256 Sed
983 1220 1031 1255 et
1062 1210 1224 1254 aliena
1257 1207 1467 1265 negocia
1491 1222 1520 1251 a
1545 1205 1685 1250 nobis
1710 1219 1818 1261 pro-

192 1289 322 1346 poni,
348 1287 692 1345 gratissimum
727 1287 817 1333 sibi
852 1303 960 1332 esse
986 1287 1121 1342 dixit,
1151 1299 1197 1331 et
1222 1285 1361 1342 quasi
1395 1283 1697 1329 mediatores
1732 1297 1820 1327 nos

192 1366 461 1412 constituit.
504 1365 708 1410 Indulsit
747 1365 887 1409 nobis
927 1364 1098 1409 diebus
1138 1362 1376 1420 proximis
1417 1361 1631 1417 diploma
1672 1360 1819 1416 quod-

194 1445 306 1488 dam
341 1458 434 1499 quo
471 1443 515 1487 in
549 1442 649 1486 suis
684 1442 834 1486 terris
869 1451 916 1486 et
951 1442 1121 1497 regnis
1156 1437 1495 1493 concionandi,
1533 1436 1739 1482 docendi
1774 1445 1821 1482 et

196 1521 386 1577 reliqua
420 1530 624 1564 nostrae
658 1518 927 1564 Societatis
961 1517 1126 1563 officia
1166 1515 1431 1562 exercendi
1465 1515 1672 1560 liberam
1707 1529 1819 1558 con-

195 1599 291 1643 fert
323 1606 637 1653 potestatem.
667 1594 822 1641 Cuius
856 1596 1047 1652 quidem
1085 1595 1244 1639 maior
1278 1604 1394 1639 tunc
1429 1591 1522 1636 erit
1557 1606 1674 1635 vsus
1709 1605 1820 1635 cum

195 1675 360 1731 plures
385 1675 430 1719 in
456 1690 667 1720 messem
691 1675 817 1719 hanc
841 1672 1196 1729 amplissimam
1221 1671 1551 1716 extrudentur
1584 1667 1816 1725 operarii.

199 1752 347 1798 Tanti
373 1763 538 1798 autem
561 1767 651 1797 nos
674 1751 794 1797 facit
813 1764 1063 1796 caesarea
1087 1750 1337 1794 maiestas
1359 1757 1651 1802 tantumque
1677 1745 1722 1790 in
1747 1760 1821 1790 re·
1876 1803 1878 1805 Ι

196 1832 285 1875 bus
309 1829 584 1875 dificillimis
607 1829 748 1875 nobis
774 1828 888 1884 fidit,
915 1838 965 1873 vt
985 1839 1031 1872 et
1056 1827 1159 1883 ipse
1185 1825 1629 1871 vicecancellarius
1652 1823 1714 1869 D.
1741 1822 1822 1882 Jo-

196 1923 302 1963 nas,
330 1906 409 1963 qui
434 1906 629 1951 caesari
663 1921 693 1951 a
726 1905 934 1950 secretis
969 1913 1059 1959 est,
1088 1904 1133 1948 in
1165 1902 1457 1959 quibusdam
1491 1900 1706 1957 negotiis
1740 1914 1821 1944 no-

198 1993 356 2029 stram
401 1983 533 2040 apud
578 1997 836 2028 caesarem
880 1989 1093 2038 quaerat
1137 1978 1559 2025 intercessionem.
1609 1975 1822 2033 Quando

198 2071 364 2107 autem
404 2061 606 2106 maximi
646 2059 879 2104 momenti
918 2073 998 2103 res
1040 2057 1205 2114 aliqua
1239 2054 1504 2101 tractanda
1538 2062 1629 2108 est,
1668 2051 1824 2097 nostri

198 2139 389 2193 adesse,
412 2153 617 2182 causam
641 2150 966 2193 cognoscere,
988 2133 1384 2188 sententiamque
1409 2131 1557 2176 etiam
1582 2129 1717 2174 ferre
1742 2143 1823 2173 no-

199 2215 420 2260 minatim
444 2215 675 2260 iubentur
709 2229 739 2259 a
774 2227 999 2258 caesare.
1028 2209 1346 2256 Occurrebat
1380 2208 1607 2265 proxime
1639 2205 1823 2251 difficil-v

198 2292 340 2337 limus
364 2301 412 2337 et
436 2293 597 2336 multis
631 2290 786 2335 modis
820 2289 1085 2345 perplexus
1120 2302 1283 2342 casus,
1311 2285 1390 2342 qui
1414 2300 1524 2330 cum
1548 2283 1705 2329 tribus
1729 2281 1824 2339 epi-

198 2369 361 2425 scopis
384 2368 598 2413 traditus
622 2377 754 2412 esset
778 2365 1152 2419 examinandus,
1177 2363 1331 2408 voluit
1354 2376 1534 2407 caesar
1558 2358 1824 2416 praedictis

201 2446 359 2491 tribus
385 2461 535 2490 vnum
570 2460 632 2489 ex
666 2444 850 2489 nostris
884 2440 1103 2499 adjungi,
1129 2450 1177 2486 et
1201 2440 1294 2485 Dei
1328 2439 1510 2496 gratia,
1539 2437 1608 2482 ita
1639 2436 1825 2493 episco—

200 2523 272 2579 pis
305 2522 412 2567 istis
444 2531 618 2567 nostra
652 2521 730 2566 hic
763 2521 999 2577 placuere
1024 2517 1247 2571 consilia,
1277 2526 1327 2561 vt
1351 2523 1617 2572 praeterea
1641 2513 1756 2558 nihil
1779 2511 1824 2556 in

200 2599 294 2643 hoc
328 2598 540 2655 negocio
575 2597 857 2642 faciendum
880 2610 989 2641 esse
1014 2594 1360 2649 decernerent,
1389 2605 1598 2646 cumque
1622 2590 1826 2634 decreta

200 2675 306 2731 ipsa
331 2674 677 2731 episcoporum
712 2671 1068 2721 vnuscaesari
1104 2670 1333 2725 offerret,
1361 2668 1574 2725 primum
1609 2664 1826 2712 omnium

202 2752 484 2808 quaerebat
510 2766 690 2796 caesar
712 2766 828 2796 num
851 2749 1005 2794 Rdus.
1033 2747 1087 2792 P.
1114 2746 1350 2792 Victoria
1372 2744 1485 2790 huic
1515 2741 1826 2789 deliberatio*
1866 2769 1874 2791 ⁴.

200 2827 247 2872 ni
282 2827 600 2873 interfuisset.
636 2825 926 2883 Respondit,
963 2824 1009 2869 ni
1044 2824 1211 2880 fallor,
1250 2822 1526 2879 episcopus,
1562 2835 1615 2865 se
1648 2831 1826 2864 nomen

201 2903 455 2960 ignorare3
484 2913 536 2949 at
560 2903 766 2949 affuisse
791 2901 1053 2959 quemdam
1089 2915 1153 2945 ex
1184 2898 1368 2944 nostris
1393 2896 1691 2954 praeclarae
1715 2908 1824 2939 eru·

251 3053 260 3071 ¹
312 3051 593 3088 Ferdinandus
611 3050 844 3097 imperator.

1866 3188 1909 3328 Qum
1866 3151 1897 3179 ᾗ
1868 3099 1897 3139 »τέ
1870 3064 1878 3076 *
1872 3016 1890 3044 .-Α
1867 2992 1891 3002 ἒξ
