1971 3369
318 166 385 204 136
781 167 999 204 LITTERAE
1026 167 1381 212 QUADRIMESTRES

268 277 504 320 exequar,
530 263 654 308 Rde.
682 263 728 308 in
753 262 904 309 Chro.
942 263 1109 319 Pater,
1147 279 1206 308 ea
1239 278 1366 307 nunc
1401 261 1617 307 referam
1651 277 1777 318 quae
1812 262 1889 307 de-

268 354 416 384 curso
441 355 624 393 mense,
651 355 763 385 cum
786 339 1051 385 Societatis
1080 339 1392 393 adminiculo,
1424 348 1526 383 tum
1557 339 1769 383 maxime
1798 338 1891 384 Dei

268 414 383 473 Opt.
412 417 545 462 Max.
572 426 684 462 sunt
707 417 887 462 eximia
911 417 1206 462 liberalitate
1236 416 1312 461 hic
1346 415 1543 461 effecta.
1580 416 1657 461 Ac
1681 416 1890 471 primum

269 493 499 549 omnium,
521 510 582 539 ne
599 495 746 549 longe
766 495 956 549 abeam,
980 493 1038 538 de
1057 493 1227 538 studiis
1242 493 1309 538 V.
1332 493 1384 537 P.
1408 493 1673 538 certiorem
1690 492 1887 538 faciam.

268 569 475 616 Decimo
500 572 666 627 quinto
690 571 801 616 Kal.
830 571 977 616 Mart.
1005 570 1317 627 gymnasium
1342 571 1405 615 ab
1428 570 1727 625 amplissimo
1751 585 1889 614 sena-

267 655 318 692 tu
343 647 482 692 nobis
507 648 741 693 collatum
765 649 775 671 ¹
804 647 986 703 aperiri
1012 646 1148 703 prius
1183 656 1410 702 coeptum
1443 656 1532 691 est.
1570 646 1780 702 Ipsoque
1814 645 1891 691 die

268 739 331 769 ex
354 725 536 769 nostris
560 724 656 769 duo
680 725 932 769 orationes
957 723 1350 780 pronuntiarunt:
1379 724 1506 768 alter
1530 723 1723 779 quidem
1743 723 1890 779 philo-

269 802 470 858 sophiae
496 802 665 847 laudes
688 817 778 846 sua
802 801 1028 846 oratione
1052 802 1354 857 complexus,
1383 801 1510 845 alter
1545 816 1665 845 uero
1699 800 1761 845 ad
1785 799 1890 844 rhe-

268 879 451 924 torices
469 879 682 924 studium
702 879 1005 923 iuuentutem
1022 878 1314 923 adhortatus
1329 887 1417 923 est.
1438 877 1701 923 Lectiones
1717 876 1891 934 postri-

268 955 345 1000 die
369 956 473 1001 eius
497 956 589 1001 diei
614 956 876 1001 inchoatae
900 964 1023 1000 sunt.
1049 955 1159 999 Non
1183 969 1444 1010 possumus
1475 954 1567 999 hoc
1592 954 1650 999 de
1676 969 1771 999 uno
1796 969 1892 999 non

268 1034 495 1089 grauiter
519 1033 874 1089 plurimumque
898 1032 1082 1087 dolere,
1105 1031 1234 1087 quod
1255 1032 1400 1087 longe
1420 1031 1672 1076 uberrima
1691 1031 1890 1076 foecun-

270 1109 566 1166 dissimaque
591 1109 763 1154 messis
787 1118 1069 1154 nostrorum
1095 1123 1300 1163 operam
1324 1117 1578 1164 exuperet.
1615 1108 1727 1152 Iure
1757 1108 1890 1164 equi·
1952 1114 1954 1117 ’

269 1186 377 1231 dem
402 1202 500 1231 una
523 1202 633 1231 cum
658 1186 871 1230 Domino
895 1185 1131 1241 conqueri
1150 1199 1294 1240 posse
1314 1184 1500 1229 uideor:
1523 1184 1697 1229 Messis
1717 1185 1887 1240 multa,

270 1263 484 1319 operarii
509 1272 672 1308 autem
699 1263 843 1319 pauci
867 1263 896 1306 ².

329 1340 370 1385 2.
437 1339 602 1385 Tanta
627 1350 700 1385 est
724 1340 850 1385 enim
871 1340 1150 1385 auditorum
1174 1339 1469 1396 frequentia,
1495 1348 1547 1383 ut
1577 1348 1625 1383 et
1649 1353 1783 1394 spem
1809 1354 1891 1383 an-

268 1418 542 1469 teuerterit,
571 1426 619 1462 et
643 1417 823 1462 mensis
846 1417 988 1462 unius
1012 1417 1273 1462 interuallo
1297 1415 1738 1473 grammaticorum
1768 1415 1891 1460 clas-

269 1509 348 1539 ses
371 1495 417 1539 in
442 1494 699 1551 angustias
723 1494 1006 1539 coniecerit.
1033 1494 1205 1550 Neque
1229 1493 1378 1538 etiam
1398 1493 1608 1548 exiguus
1628 1502 1700 1537 est
1720 1508 1892 1537 eorum

268 1587 521 1627 numerus,
550 1571 627 1627 qui
653 1572 715 1616 ad
739 1581 963 1616 nostrum
988 1571 1252 1627 collegium
1278 1570 1527 1626 anhelant,
1555 1570 1594 1614 si
1619 1569 1765 1614 modo
1798 1569 1890 1614 hoc

270 1649 426 1706 ipsum
450 1649 541 1694 illis
567 1649 812 1705 integrum
837 1647 983 1693 foret.
1011 1648 1137 1693 Nam
1163 1647 1521 1693 celeberrimae
1545 1647 1686 1691 huius
1718 1647 1891 1691 acade-

268 1726 396 1771 miae
420 1741 526 1771 mos
550 1735 697 1783 atque
722 1726 1028 1770 consuetudo
1063 1741 1091 1770 a
1126 1725 1397 1770 maioribus
1430 1724 1629 1769 inducta
1663 1732 1800 1768 uetat
1833 1738 1892 1768 ne

268 1804 324 1856 is,
352 1804 432 1861 qui
457 1803 586 1859 apud
611 1812 859 1848 rectorem
883 1803 1161 1859 quempiam
1186 1802 1337 1847 semel
1362 1801 1614 1858 professus
1634 1809 1723 1854 est,
1751 1801 1814 1845 ab
1833 1816 1891 1845 eo

269 1881 332 1926 ad
366 1881 493 1926 aliud
531 1880 809 1937 collegium,
848 1880 1171 1937 quodcunque
1206 1879 1354 1924 etiam
1389 1879 1504 1924 illud
1540 1879 1696 1935 ipsum
1726 1878 1890 1933 fuerit,

269 1958 518 2015 (quoniam
543 1958 619 2003 hic
644 1958 788 2014 plura
812 1958 940 2014 sunt)
962 1957 1114 2003 libere
1134 1957 1382 2002 traducat.
1410 1956 1503 2001 Hic
1522 1965 1596 2001 est
1614 1955 1888 2012 scrupulus,

269 2035 351 2091 qui
376 2044 423 2080 et
447 2035 794 2080 adolencentes
818 2035 947 2079 male
972 2034 1135 2091 habet,
1163 2043 1211 2079 et
1234 2034 1414 2079 inuitos
1439 2033 1482 2078 in
1509 2033 1720 2078 aliorum
1753 2047 1890 2088 gym-

269 2112 420 2157 nasiis
443 2111 635 2156 retinet.
665 2111 822 2155 Porro
849 2119 901 2156 ut
924 2110 1139 2156 nonnulli
1164 2125 1359 2166 semper
1383 2125 1490 2155 esse
1524 2109 1698 2166 solent,
1740 2108 1891 2153 maxi·

268 2204 345 2234 me
372 2204 490 2234 uero
514 2189 559 2233 in
584 2197 723 2233 tanta
747 2197 947 2244 tamque
966 2187 1214 2244 frequenti
1233 2187 1603 2232 adolescentum
1626 2187 1789 2242 turba,
1812 2186 1893 2242 qui

269 2266 508 2323 singulari
534 2265 790 2310 literarum
816 2280 988 2310 amore
1012 2274 1060 2309 et
1090 2264 1285 2321 pietatis
1316 2264 1544 2321 xpianae.
1582 2263 1742 2309 studio
1773 2263 1892 2308 effe-

270 2352 461 2399 runtur,
490 2343 557 2388 ita
582 2342 751 2399 paucis
775 2352 889 2387 ante
914 2341 1084 2386 diebus
1105 2341 1311 2398 contigit
1336 2351 1387 2386 ut
1410 2340 1606 2397 plurimi
1637 2340 1892 2386 cuiusdam
1914 2389 1917 2391 μ

270 2420 465 2476 collegii
490 2428 737 2465 rectorem
768 2418 863 2475 (cui
899 2427 1011 2464 ante
1046 2434 1192 2474 quam
1226 2434 1446 2463 essemus
1480 2418 1690 2475 collegio
1725 2417 1892 2463 donati

270 2513 446 2542 nomen
471 2497 746 2554 dederant),
775 2496 932 2553 posito
956 2496 1149 2549 timore,
1176 2496 1490 2551 accederent,
1512 2495 1713 2540 summis
1737 2494 1890 2552 preci-

272 2575 361 2618 bus
384 2589 673 2629 summaque
698 2572 1010 2618 contentione
1035 2572 1370 2629 efflagitantes
1395 2574 1457 2618 ab
1480 2570 1607 2617 illius
1626 2571 1777 2628 ipsius
1795 2571 1905 2617 col-⁷

271 2651 401 2706 legio
425 2652 487 2695 acl
511 2660 733 2696 nostrum
767 2649 993 2695 uidelicet
1026 2649 1302 2694 transitum.
1338 2649 1602 2694 Rationem
1636 2663 1757 2693 uero
1791 2647 1890 2693 dili-

320 2854 330 2872 ¹
382 2852 489 2889 Vide
505 2865 625 2899 supra
640 2865 731 2899 pag.
749 2853 806 2895 46,
823 2852 880 2890 60.
896 2851 959 2889 Cf.
977 2852 1099 2889 etiam
1113 2851 1301 2895 HANSEN,
1318 2851 1790 2896 Rheinz·scheAkten...,
1806 2850 1888 2890 286!

272 2924 356 2958 sqq.
673 2947 675 2949 ,

320 2972 332 2989 '²
384 2970 552 3013 MATTH,
573 2971 645 3015 IX,
662 2971 720 3008 37.
