1900 3380
495 334 784 372 221.-PRAGA
811 333 853 369 31
884 333 1131 370 DECEMBms
1160 331 1251 368 1558
1574 327 1644 364 917

63 449 180 480 uere
219 441 435 490 possent,
479 429 798 477 libentissime
833 428 926 474 hoc
965 428 1205 484 facerent;
1243 441 1453 483 quorum
1494 423 1690 482 quidam

64 509 243 567 aliquid
269 508 416 554 etiam
443 507 706 553 conferunt
728 520 1078 561 nonnunquam
1114 504 1158 549 in
1194 519 1336 549 usum
1368 517 1542 548 eorum
1568 515 1693 557 quae

64 594 292 645 spectant
316 585 378 631 ad
403 584 601 637 altaria,
629 583 714 629 sed
739 582 885 628 modo
920 582 979 627 de
1013 581 1143 627 italis
1177 590 1225 626 et
1258 579 1475 637 hispanis
1500 579 1691 634 loquor,

64 665 352 710 boemorum
387 661 535 707 etiam
572 660 709 706 multi
743 660 1047 715 singularem
1084 658 1333 714 quandam
1368 671 1504 713 spem
1535 654 1693 700 conci-

64 741 201 799 piunt
226 738 531 785 reformandi
566 738 685 783 cleri
724 736 874 783 totius
909 736 1051 781 huius
1075 735 1235 792 regni,
1261 734 1317 789 si,
1344 743 1397 780 ut
1422 733 1510 790 ipsi
1540 732 1693 788 aiunt,

66 817 293 864 Societas
317 825 490 861 nostra
515 816 662 872 paulo
685 814 845 871 magis
870 813 980 858 hinc
1005 813 1116 858 inde
1136 812 1181 857 in
1206 812 1300 857 hoc
1324 826 1532 867 regnum
1559 824 1696 865 spar-

72 904 293 953 geretur.
321 893 384 939 Et
408 909 505 949 ego
530 907 651 938 sane
675 892 828 937 multa
854 891 963 936 loca
987 889 1245 935 nominare
1270 903 1481 945 possem,
1510 885 1590 932 ubi
1616 901 1696 931 no-

66 973 156 1019 stri
191 986 382 1017 summo
407 970 568 1015 studio
602 978 835 1026 petuntur
869 983 929 1013 ac
964 967 1269 1024 flagitantur,
1297 975 1345 1011 et
1369 965 1414 1010 in
1439 964 1533 1010 hac
1557 973 1698 1021 parte

71 1064 420 1104 nonnunquam
462 1047 524 1092 ab
564 1045 736 1092 amicis
774 1045 957 1090 nostris
991 1060 1050 1090 ac
1083 1043 1289 1089 dominis
1323 1041 1699 1088 acerbiusculas

68 1126 283 1185 patimur
308 1123 737 1181 reprehensiones,
766 1122 962 1178 quando
987 1121 1203 1177 aliquam
1229 1120 1393 1166 nostri
1421 1117 1698 1164 excusatio-

70 1220 178 1249 nem
213 1203 276 1248 ad
310 1203 527 1259 ipsorum
559 1200 845 1257 petitionem
870 1198 1156 1254 adferimus,
1185 1197 1314 1255 quod
1339 1197 1569 1242 uidelicet
1603 1211 1699 1241 non

72 1282 342 1327 habeamus
367 1294 491 1336 quos
515 1278 712 1324 mittere
736 1277 995 1333 possimus.

127 1359 169 1404 8.
237 1357 514 1402 Praeterea
537 1358 738 1400 ueniunt
771 1353 833 1399 ad
867 1368 958 1398 nos
991 1352 1281 1410 saepissime
1307 1352 1400 1398 uiri
1425 1351 1594 1408 magni
1620 1351 1698 1408 qui

70 1452 185 1482 suos
219 1434 344 1480 filios
378 1434 614 1488 offerunt,
643 1447 763 1489 quos
797 1431 844 1477 in
878 1430 1194 1476 conuictores
1229 1429 1575 1485 suscipiamus,
1603 1428 1702 1485 qui-

71 1515 162 1560 bus
187 1528 295 1558 cum
321 1511 616 1557 satisfacere
642 1517 847 1566 propter
865 1508 1149 1566 angustiam
1169 1506 1263 1553 loci
1283 1522 1378 1552 non
1399 1506 1642 1564 possimus
1661 1510 1697 1561 ²¹,

74 1601 122 1639 et
145 1592 204 1637 de
228 1589 417 1636 securis
442 1587 673 1645 hospiciis
697 1597 842 1633 extra
866 1586 1132 1643 collegium
1157 1594 1379 1631 nostrum
1412 1583 1700 1641 prospicere

72 1685 162 1715 nos
200 1667 293 1713 illis
333 1666 529 1712 minime
568 1679 714 1722 posse
753 1679 1135 1722 conqueramur,
1178 1662 1444 1708 admodum
1487 1676 1517 1706 a
1560 1660 1701 1706 nobis

13 1772 16 1775 v
73 1745 298 1804 suspensi
337 1759 396 1790 ac
436 1743 578 1801 aegri
613 1742 885 1799 discedunt3
924 1741 1052 1798 quod
1086 1740 1266 1791 accidit
1303 1740 1433 1785 inter
1471 1739 1596 1784 alios
1629 1738 1702 1784 his

72 1822 369 1882 praesertim
395 1821 566 1867 diebus
589 1835 772 1877 magno
803 1819 998 1865 cuidam
1027 1818 1195 1864 comiti
1229 1817 1464 1874 palatino,
1492 1816 1631 1862 cuius
1654 1815 1701 1860 in

74 1918 127 1947 re
150 1901 235 1946 tali
260 1910 562 1956 procurator
596 1897 727 1954 apud
759 1912 850 1942 nos
883 1896 1135 1953 repulsam
1169 1910 1345 1953 passus
1379 1904 1469 1941 est.
1496 1893 1604 1939 Hos
1627 1903 1699 1938 ta-

73 1995 183 2024 men
208 1978 344 2023 uiros
368 1976 436 2022 ita
459 1990 669 2033 magnos
692 1990 788 2020 non
810 1973 958 2020 facile
982 1973 1355 2031 repelleremus,
1379 1972 1469 2017 nisi
1494 1987 1606 2028 spes
1630 1987 1703 2016 es-

74 2066 146 2101 set
171 2055 299 2112 quod
323 2053 544 2110 ipsorum
568 2067 723 2109 opera
747 2066 1006 2109 possemus
1029 2050 1230 2096 tandem
1256 2058 1366 2107 post
1380 2049 1567 2106 ‘longas
1592 2063 1705 2093 cau-

75 2149 172 2190 sas,
199 2132 389 2177 vicinas
421 2130 659 2187 quasdam
694 2139 743 2176 et
775 2128 1159 2187 percommodas
1192 2128 1342 2174 aedes
1378 2127 1620 2182 obtinere,
1648 2125 1708 2170 de

77 2210 252 2268 quibus
277 2209 499 2254 uidemus
533 2217 582 2254 et
615 2206 900 2264 experimur
924 2207 1056 2263 ipsos
1090 2222 1186 2251 non
1223 2205 1401 2250 minori
1425 2220 1548 2250 cura
1573 2203 1709 2249 labo-

79 2303 196 2333 rare
220 2287 327 2333 fere
351 2296 500 2343 atque
524 2301 630 2332 nos.

136 2364 178 2410 9.
246 2364 400 2410 Venit
424 2372 539 2409 ante
564 2362 666 2408 dies
690 2362 877 2419 aliquot
901 2362 1076 2408 doctor
1101 2361 1314 2418 quidam,
1343 2359 1421 2405 uir
1454 2368 1630 2416 potens
1663 2368 1712 2404 et

78 2442 236 2488 bonus
260 2441 279 2469 b
304 2457 367 2487 ex
389 2441 573 2486 ducatu
596 2440 825 2486 electoris
850 2437 1376 2495 brandemburgensis,
1404 2437 1484 2493 qui
1508 2445 1712 2493 praeter

80 2535 132 2564 se
157 2534 216 2564 ac
240 2533 380 2564 suam
404 2517 641 2563 familiam
675 2526 724 2563 et
757 2517 995 2574 pauculos
1030 2516 1302 2561 monachos
1337 2514 1414 2572 (16
1448 2515 1598 2560 credo
1634 2529 1714 2559 no-

80 2596 317 2653 minabat)
342 2605 390 2641 et
415 2594 662 2652 quendam
686 2610 854 2641 senem
889 2594 1204 2640 sacerdotem
1239 2593 1381 2650 (quos
1416 2607 1586 2637 omnes
1610 2591 1713 2649 ipse

81 2675 212 2720 bona
235 2689 297 2719 ex
322 2682 465 2731 parte
488 2672 553 2718 ibi
571 2674 835 2729 sustentat)
855 2672 1004 2718 alium
1027 2671 1269 2717 neminem
1293 2670 1340 2715 in
1364 2679 1470 2715 tota
1495 2669 1577 2714 illa
1602 2684 1714 2725 pro·

82 2750 235 2797 uintia
258 2750 558 2796 catholicum
592 2750 789 2796 nouisse
823 2766 876 2796 se
910 2750 1092 2795 aiebat.
1121 2748 1214 2794 Hic
1249 2748 1341 2805 vir,
1368 2748 1588 2804 zelosus,
1615 2746 1713 2792 lon-

82 2843 148 2885 go
187 2837 302 2873 ante
341 2837 564 2883 tempore
602 2826 845 2873 instanter
884 2834 1159 2883 rogauerat
1197 2835 1250 2870 ut
1288 2824 1335 2870 in
1373 2823 1713 2870 conuictorem

84 2904 447 2961 susciperemus
487 2903 731 2960 quendam
766 2919 907 2950 suum
947 2902 1114 2959 filium,
1150 2902 1227 2948 cui
1266 2901 1313 2947 id
1352 2909 1589 2958 negatum
1624 2899 1715 2945 fuit

85 2997 280 3038 semper
304 2996 458 3038 usque
482 2979 597 3026 dum
620 2980 814 3027 ueniret
836 2980 899 3026 R.
933 2979 987 3025 P.
1024 2978 1273 3036 Victoria,
1300 2993 1397 3037 quo
1421 2992 1552 3023 nunc
1574 2991 1715 3034 prae-

141 3130 161 3149 ²
211 3130 304 3177 Seq.
325 3141 404 3166 non
423 3128 620 3176 possimus
646 3129 780 3166 oblz'tt.
833 3128 899 3156 —b
932 3140 978 3164 ac
996 3127 1232 3164 catholicus.
