2038 3462
379 292 424 327 44
848 292 1064 329 Lrs'sfflffla
1092 294 1446 336 QUADRIMESTREs

334 401 516 442 magno
541 388 706 444 populi
732 389 974 444 applausu
1009 397 1057 434 et
1091 402 1353 434 concursu,
1390 388 1466 434 Ita
1499 403 1620 434 sane
1654 389 1881 434 catholici
1910 389 1958 434 in

330 461 424 508 fide
448 479 572 508 vera
596 463 970 517 confirmantur,
998 474 1046 509 et
1068 465 1116 510 si
1149 471 1166 491 ²¹
1200 465 1278 521 qui
1313 479 1343 509 a
1373 464 1586 510 veritate
1618 465 1902 511 denz‘czrzmt
1918 464 1954 522 ¹³,

329 539 392 583 ad
432 551 623 586 rectum
662 541 836 586 salutis
875 542 1125 587 tramitem
1156 540 1326 598 (Chro.
1366 541 1506 597 duce)
1546 540 1783 597 paulatim
1817 541 1957 586 redu-

328 626 520 663 centur.

393 697 433 743 7.
501 697 646 753 Quod
672 696 734 741 ad
768 705 1053 740 nostrorum
1087 696 1429 740 conuictorum
1463 704 1646 740 statum
1682 695 1871 752 attinet,
1910 695 1956 753 ii,

330 779 369 824 si
393 791 611 834 vnquam
636 774 777 829 alias,
804 787 932 817 nunc
950 771 1176 828 profecto
1201 772 1383 828 optime
1402 786 1512 817 sese
1531 780 1728 827 gerunt,
1751 787 1959 828 quorum

329 853 565 912 pacificus
588 850 845 896 conuictus
864 858 911 894 et
935 849 981 893 in
1007 848 1227 893 moribus
1251 858 1299 893 et
1322 848 1494 893 studiis
1518 847 1771 903 profectus
1790 847 1858 892 ita
1877 862 1958 893 ex-

330 933 450 977 citat
489 936 866 983 commouetque
905 925 1097 971 animos
1137 926 1344 971 istorum
1388 933 1680 980 magnatum
1724 939 1783 969 ac
1827 923 1960 969 nobi-

330 1009 463 1064 lium,
491 1016 545 1051 vt
569 1005 844 1060 complures
874 1003 1095 1059 ipsorum
1130 1002 1324 1059 magnis
1358 1001 1588 1057 precibus
1622 1015 1739 1045 suos
1774 1000 1959 1045 liberos

330 1084 461 1142 apud
495 1098 583 1128 nos
617 1082 869 1126 collocare
904 1079 1220 1135 contendant,
1247 1078 1333 1123 sed
1359 1079 1552 1122 illorum
1579 1077 1708 1122 votis
1731 1092 1827 1121 non
1852 1091 1959 1133 per-

328 1161 525 1207 mittunt
548 1174 638 1204 nos
662 1156 955 1203 satisfacere
980 1156 1072 1201 loci
1097 1164 1145 1200 et
1168 1154 1486 1200 habitationis
1506 1154 1737 1210 penuria
1763 1159 1797 1199 ⁰.

387 1239 429 1284 8.
498 1237 814 1293 Quamquam
849 1234 946 1279 duo
985 1233 1233 1290 praeclari
1274 1232 1540 1289 primariae
1580 1230 1833 1287 dignitatis
1867 1230 1961 1275 viri

330 1316 398 1361 ita
422 1315 701 1370 importune
726 1310 1011 1368 praeteritis
1035 1310 1206 1354 diebus
1230 1309 1291 1354 R.
1319 1308 1524 1353 Patrem
1548 1316 1797 1353 rectorem
1823 1309 1835 1331 ¹
1856 1316 1959 1352 tum

329 1408 416 1449 per
441 1406 509 1447 se,
537 1399 639 1435 tum
665 1404 753 1445 per
782 1387 1098 1432 Rdissimum.
1136 1387 1480 1431 Labacensem
1515 1385 1529 1408 ²
1565 1393 1613 1429 et
1646 1385 1769 1429 alios
1803 1384 1960 1428 excel-

329 1470 488 1514 lentes
511 1466 529 1493 d
555 1466 777 1512 dominos
801 1464 1144 1519 sollicitarunt,
1167 1471 1221 1508 vt
1245 1462 1450 1507 illorum
1468 1462 1651 1518 gratia
1676 1468 1692 1488 e
1713 1461 1851 1515 alios,
1880 1460 1961 1517 qui

330 1546 588 1592 nobiscum
623 1544 811 1598 viuunt,
849 1550 1053 1587 coactus
1087 1541 1147 1585 sit
1178 1540 1224 1585 in
1260 1548 1454 1585 arctum
1488 1539 1685 1583 omnino
1710 1539 1957 1595 redigere.

330 1623 428 1669 Alii
445 1623 545 1668 suis
565 1621 838 1677 sumptibus
861 1618 1088 1664 cubicula
1107 1618 1257 1663 etiam
1276 1617 1470 1673 integre
1485 1622 1683 1673 parare
1707 1615 1718 1642 f
1741 1616 1957 1673 cupiunt,

330 1701 493 1758 potius
518 1714 666 1755 quam
692 1696 1024 1742 excludantur
1048 1694 1136 1739 sui.

419 1777 560 1822 Haec
584 1784 711 1832 sunt,
737 1774 862 1819 Rde.
890 1773 1054 1825 Pater,
1090 1787 1217 1828 quae
1251 1771 1298 1816 in
1333 1770 1616 1827 praesentia
1649 1769 1710 1815 R.
1748 1769 1807 1814 T.
1844 1769 1961 1815 scri-

330 1854 491 1901 benda
531 1862 779 1910 putamuS,
821 1849 1029 1895 eandem
1068 1848 1334 1893 humillime
1372 1848 1711 1903 obsecrantes,
1748 1855 1802 1891 vt
1835 1844 1961 1891 filios

330 1947 445 1977 suos
468 1930 761 1975 viennenses
786 1927 894 1972 Deo
918 1925 1245 1980 commendet,
1272 1924 1427 1981 iisque
1457 1923 1675 1980 gratiam
1708 1923 1961 1979 copiosam

331 2009 578 2065 impetret,
606 2021 702 2062 quo
736 2004 929 2049 maiora
964 2018 1108 2059 quam
1141 2002 1381 2047 hactenus
1414 2001 1555 2045 lucra
1590 1999 1741 2045 Chro.
1779 2015 1960 2056 sponso

331 2087 608 2132 animarum
635 2091 897 2139 reportare
919 2080 1195 2125 valeamus.
1225 2077 1457 2124 Calendis
1476 2077 1730 2135 Januariis
1752 2075 1879 2122 1557.

420 2162 481 2208 R.
509 2161 568 2206 T.
597 2160 649 2205 P.
677 2158 906 2215 indignus
929 2157 975 2202 in
996 2155 1147 2202 Chro.
1175 2171 1368 2212 seruus,

1083 2263 1349 2308 MARTINUS
1381 2260 1784 2307 STEUORDIENSIS
1807 2260 1838 2305 3.

421 2397 713 2454 Inscriptio.
761 2403 788 2450 †
832 2394 1034 2439 Literae
1068 2391 1455 2449 quadrimestres
1489 2405 1551 2434 ex
1585 2389 1795 2445 collegio
1829 2388 1960 2434 vien-

333 2469 486 2515 nensi.

422 2545 599 2603 Sz'gz'llz‘
619 2543 916 2601 vestzgz'nm.

380 2719 398 2740 a
424 2712 552 2748 multi.
593 2711 660 2737 —b
677 2723 700 2746 a
715 2707 897 2745 veritatis
915 2706 979 2742 via
993 2705 1311 2742 declinauerant.
1355 2710 1416 2730 -c
1437 2701 1663 2748 angustiae.
1705 2700 1770 2727 —d
1787 2711 1961 2746 magnae

335 2770 598 2808 auctoritatis.
652 2776 712 2796 -e
733 2768 783 2804 ad
802 2767 870 2804 eos
890 2764 1157 2812 excipiendos
1213 2762 1270 2789 -f
1300 2761 1499 2799 edificare.

383 2927 392 2945 ¹
449 2926 596 2960 Rector
615 2922 779 2969 collegii
798 2926 886 2958 erat
905 2919 950 2956 P.
972 2918 1165 2955 Nicolaus
1184 2916 1378 2963 Lanojus.

382 2985 394 3004 ²
445 2983 693 3019 Labacensis
713 2981 935 3029 episcopus,
955 2977 1148 3015 Urbanus
1167 2976 1319 3012 Textor
1339 2973 1539 3020 (Weber).

382 3044 395 3063 ³
446 3042 578 3090 Hujus
592 3041 634 3077 fit
648 3040 839 3087 frequens
854 3037 1004 3075 mentio
1019 3035 1124 3082 apud
1138 3035 1383 3076 POLANCUM‚
1401 3032 1568 3075 Chron„
1585 3031 1615 3075 I,
1632 3029 1713 3075 416;
1727 3029 1777 3077 II,
1792 3029 1851 3076 84,
1866 3035 1957 3075 etc.;
2024 3071 2026 3074 y

335 3101 404 3145 III,
424 3100 505 3145 240,
529 3106 620 3145 ete.;
642 3099 696 3142 V,
717 3098 798 3143 227;
821 3103 860 3135 et
879 3096 984 3144 apud
1003 3095 1158 3132 Laim‘z'
1174 3093 1367 3130 Monum.
