1900 3380
499 246 825 285 204.-B1LL0M0
856 247 898 284 12
925 247 1131 285 OCTOBais
1161 247 1251 284 1558
1573 246 1643 282 833

63 358 158 387 non
193 342 370 387 minori
409 342 671 398 prudentia
706 358 851 399 quam
886 342 1051 388 fructu
1086 342 1140 388 P.
1184 341 1410 398 Baptista
1450 341 1695 386 Violaeus

62 419 200 464 nobis
225 419 562 476 praescripsit.
587 418 688 465 Sex
706 435 914 465 numero
934 420 1121 466 classes
1140 428 1268 465 sunt.
1292 418 1561 464 Caeterum
1581 418 1694 475 quid

63 496 106 541 in
132 496 309 541 harum
329 495 546 553 qualibet
565 496 770 553 quisque
788 495 1098 553 profiteatur,
1122 512 1183 541 ex
1204 496 1436 553 catalogo
1456 496 1695 542 librorum

63 573 142 630 qui
166 588 276 618 cum
301 573 703 619 conclusionibus
726 573 920 630 publice
944 573 1112 630 spacio
1132 574 1341 619 duorum
1360 573 1550 618 dierum
1570 573 1693 618 cele-

61 650 137 695 bri
161 665 395 695 consessu
421 650 680 706 disputatis
704 650 767 695 ad
790 666 881 696 uos
905 651 1274 696 trasmittuntur
1298 652 1328 706 ¹,
1357 651 1416 697 Τ.
1438 650 1499 697 R.
1522 651 1695 696 Pater-

61 727 188 773 nitas
219 742 528 784 cognoscere
551 728 749 784 poterit3
778 728 823 773 in
848 728 1157 785 theologicis,
1185 727 1251 773 M.
1273 727 1500 773 Roberto
1521 727 1693 785 Clays-

62 805 201 850 sonio
225 804 328 850 eius
352 803 607 850 facultatis
631 805 916 862 professore
941 805 1186 861 praeside,
1217 805 1282 849 M.
1310 805 1520 850 Nicolao
1546 805 1693 850 Pare-

61 881 196 927 densi
241 880 521 939 defensorc3
570 881 615 926 in
655 881 994 938 metaphisica‚
1041 881 1245 939 phisica,
1288 881 1467 937 ethica,
1511 882 1691 939 logica,

61 958 377 1003 rhetoricaue
400 958 466 1003 M.
500 958 768 1004 Leonardo
798 959 1048 1015 parmensi
1074 965 1091 985 ²¹
1119 959 1150 1013 ²,
1189 958 1381 1004 duobus
1416 974 1536 1004 uero
1571 959 1694 1004 eius-

61 1035 170 1081 dem
195 1035 444 1092 discipulis
469 1035 858 1081 defendentibus.
887 1035 1031 1092 Quae
1055 1035 1265 1081 duorum
1301 1035 1491 1081 dierum
1526 1036 1694 1093 spacio

61 1120 175 1158 ante
209 1111 482 1157 studiorum
520 1111 929 1158 instaurationem
954 1111 1215 1158 durarunt.
1243 1112 1434 1168 Quibus
1458 1112 1604 1158 finitis
1628 1114 1692 1158 lo-

60 1204 170 1235 cum
197 1189 368 1235 habuit
402 1189 660 1235 comoedia
693 1189 917 1235 iambicis
951 1189 1122 1235 metris
1156 1205 1185 1234 a
1219 1189 1359 1235 nobis
1389 1190 1690 1246 conscripta,

59 1266 115 1312 B.
143 1266 324 1312 Malchi
349 1266 603 1324 eremitae,
630 1276 683 1313 ut
706 1282 736 1312 a
759 1266 872 1312 diuo
897 1266 1184 1312 Hieronimo
1209 1275 1516 1323 recensetur,
1539 1267 1692 1312 uitam

61 1344 409 1401 complectens,
436 1360 582 1401 quem
607 1360 696 1390 nos
720 1344 1031 1390 differentiae
1056 1359 1116 1390 ac
1139 1355 1346 1389 ornatus
1365 1344 1550 1401 gratia,
1573 1344 1693 1389 Mal-

60 1422 220 1467 chium
245 1421 621 1467 nominauimus.
644 1421 724 1467 De
741 1436 845 1479 qua
864 1436 927 1467 ne
944 1421 1072 1479 quid
1091 1425 1281 1467 temere
1299 1421 1487 1478 (licam,
1509 1421 1692 1466 nullum

60 1499 221 1545 utilius
245 1508 597 1556 argumentum
622 1500 786 1556 pueris
809 1499 1017 1556 proponi
1037 1499 1230 1556 potztz'ts
1248 1513 1405 1557 qnam
1430 1499 1448 1525 b
1473 1499 1541 1544 ita
1561 1499 1692 1544 exhi-

60 1576 288 1633 buerunt,
315 1587 366 1622 ut
391 1592 471 1622 res
496 1577 579 1634 agi
603 1576 735 1622 serio
766 1576 1037 1622 uideretur.
1077 1575 1255 1622 Paucis
1289 1591 1411 1622 uero
1446 1585 1560 1621 ante
1597 1576 1692 1621 die-

63 1653 166 1710 bus,
193 1668 301 1699 curn
327 1654 421 1699 hac
444 1653 539 1699 iter
563 1653 755 1699 faceret
777 1653 838 1699 R.
864 1660 880 1680 ⁰
908 1653 1179 1699 Niuerniae
1213 1654 1430 1710 praesul,
1467 1653 1693 1699 doctrina

62 1746 121 1776 ac
143 1730 326 1787 pietate
357 1732 541 1788 clarus,
567 1730 788 1789 Jacobus
822 1729 1107 1788 Spifamius,
1143 1731 1350 1788 reginae
1384 1731 1400 1756 ³
1435 1746 1603 1787 causa,
1632 1732 1693 1776 le-

61 1807 262 1865 gatione
285 1808 515 1867 fungens,
542 1818 594 1854 ut
612 1809 905 1866 quibusdam
925 1809 1282 1855 controuersiis
1300 1825 1411 1854 cum
1432 1823 1692 1854 mecoena-

60 1889 106 1931 te
128 1894 300 1931 nostro
324 1886 384 1931 R.
411 1885 430 1912 ‘¹
456 1886 687 1943 episcopo
710 1887 727 1910 4
750 1884 891 1931 finem
917 1885 1209 1943 imponeret,
1237 1886 1300 1931 ad
1323 1885 1457 1931 illum
1476 1886 1692 1931 salutan-

61 1962 171 2007 dum
196 1971 296 2008 tam
319 1963 482 2008 soluta
506 1963 568 2008 ad
602 1978 711 2008 eum
744 1962 913 2009 habita
948 1962 1191 2019 oratione,
1229 1978 1373 2020 quam
1409 1962 1607 2019 graecis
1646 1972 1693 2008 et

63 2039 222 2085 latinis
246 2039 473 2085 uersibus
497 2040 668 2085 decem
693 2049 897 2086 nostrae
921 2040 1123 2086 scholae
1147 2040 1491 2086 adolescentes
1509 2054 1561 2085 se
1581 2055 1692 2085 con-

63 2117 293 2174 tulerunt,
331 2116 507 2174 quibus
531 2125 836 2173 quantopere
860 2127 1119 2163 recreatus
1148 2117 1297 2163 fuerit
1330 2116 1693 2174 Societatisque

63 2191 330 2238 institutum
355 2193 664 2250 approbarit,
690 2209 830 2239 suam
853 2193 996 2240 nobis
1019 2209 1224 2251 operam
1243 2193 1551 2251 promittens,
1574 2194 1691 2238 mul-

63 2270 122 2316 tis
159 2271 326 2316 uerbis
365 2271 658 2317 declarauit.
697 2271 931 2329 Quorum
964 2272 1196 2317 omnium
1225 2271 1463 2328 foelicem
1496 2285 1691 2316 sncces-

65 2360 177 2394 sum
202 2349 375 2394 autori
395 2349 447 2394 in
468 2349 660 2405 primis
683 2362 857 2394 rerum
880 2349 1137 2395 bonarum
1154 2349 1281 2406 Deo,
1303 2349 1406 2394 tuis
1428 2348 1614 2393 deinde
1633 2362 1693 2392 ac

63 2424 292 2484 fratrum
314 2425 637 2471 orationihus
659 2426 868 2472 omnino
893 2430 1162 2483 acceptum
1186 2425 1480 2484 referimus,

108 2615 128 2636 ⁸
175 2616 374 2664 praeslde.
429 2616 495 2645 -b
528 2616 705 2664 potuisse
725 2616 951 2663 videbatur;
973 2629 1063 2654 eam
1085 2629 1194 2653 vero.
1248 2622 1310 2643 -c
1344 2615 1487 2653 Rmus.

66 2675 130 2702 —d
162 2677 280 2714 Rmo.

112 2869 123 2889 ¹
172 2869 294 2906 Hunc
311 2869 544 2916 catalogum
563 2881 641 2905 non
660 2867 846 2905 vidimus.

109 2927 123 2948 ²
170 2928 411 2966 Leonardus
429 2928 655 2965 Masserus.
678 2925 742 2964 Cf.
763 2927 919 2965 Lm‘m'z'
937 2927 1148 2972 Momtm.,
1170 2926 1239 2971 ΙΙΙ,
1259 2926 1340 2963 434.

109 2987 122 3008 ⁸
171 2988 397 3026 Catharina
415 2989 465 3025 de
485 2988 669 3025 Medicis.

111 3047 126 3066 ⁴
175 3047 408 3085 Gulielmus
427 3061 450 3085 a
469 3048 608 3085 Prato.

169 3129 335 3158 LITTERAE
354 3129 652 3163 QUADRlMESTRES.
674 3132 760 3157 TOM.
784 3129 821 3158 V.
1552 3127 1587 3155 53
