1900 3380
405 268 626 304 APPENDIX
652 266 1001 303 IIL—OLIsiPONE
1026 266 1072 302 30
1094 265 1209 312 JUNH
1239 265 1328 301 1558
1355 266 1398 310 (ἒ)
1596 263 1660 300 961

83 379 207 409 vnus
231 363 424 409 animus
448 362 533 409 fiat
563 379 624 409 ex
648 362 884 420 pluribus;
912 361 995 408 vbi
1031 361 1145 407 mihi
1176 360 1486 407 obedientiae
1519 359 1594 404 vis
1618 358 1712 404 sita

83 457 192 487 esse
217 441 429 491 videtur,

170 520 211 566 2.
278 519 387 565 Non
421 528 468 564 te
508 520 663 565 latere
702 518 923 564 arbitror
957 516 1153 563 venisse
1187 517 1281 562 huc
1315 532 1377 562 ex
1416 514 1712 571 Aethiopiae

81 612 254 654 regno,
283 596 476 641 nomine
501 595 753 653 Anguola,
781 596 976 653 legatos
1014 604 1117 640 tres
1152 594 1215 639 ab
1249 593 1374 638 illius
1413 592 1555 649 regni
1591 606 1713 647 rege

80 674 270 730 missos,
299 674 378 730 qui
404 690 433 719 a
453 674 629 731 regina
652 683 821 720 nostra
846 675 857 698 ¹
883 673 1086 719 summis
1110 671 1341 729 precibus
1366 668 1711 716 contenderint

82 752 269 807 aliquot
299 751 412 796 illuc
447 751 581 796 viros
617 760 666 797 et
705 751 838 796 vitae
871 760 920 796 et
958 765 1152 796 morum
1186 748 1473 805 integritate
1507 754 1713 792 ornatos

82 830 230 874 vellet
254 828 466 884 mittere,
494 829 573 885 qui
599 844 771 885 regem
797 839 843 873 et
872 828 1156 873 vniuersum
1183 841 1393 882 regnum
1418 824 1561 870 fidem
1587 823 1714 869 chri-

80 906 291 952 stianam
316 906 585 952 erudirent.
614 906 709 963 Qui
733 906 795 951 ad
821 914 1043 951 nostrum
1067 904 1332 961 collegium
1355 917 1506 959 saepe
1542 901 1714 947 venire

81 985 257 1041 solent,
299 993 347 1029 et
385 999 495 1029 cum
534 983 767 1029 Patribus
810 982 992 1028 nostris
1037 982 1203 1039 aliqua
1243 979 1625 1031 communicare,
1662 987 1716 1023 vt

82 1061 369 1118 quibuscum
405 1061 517 1106 illuc
556 1059 808 1106 reuersuri
843 1060 955 1115 sint,
987 1073 1206 1115 quosque
1230 1057 1340 1102 fidei
1366 1056 1714 1113 religionisque

81 1137 380 1184 christianae
404 1137 674 1194 magistros
692 1146 741 1182 et
758 1136 922 1182 socios
944 1136 1041 1182 sint
1064 1134 1295 1181 habituri.
1324 1134 1370 1179 A.
1391 1133 1567 1190 regina
1586 1133 1713 1178 enim

81 1226 382 1272 acceperunt
411 1216 570 1260 nullos
593 1214 717 1260 alios
741 1224 943 1271 praeter
973 1229 1120 1270 quam
1160 1228 1221 1258 ex
1255 1221 1426 1257 nostra
1462 1209 1715 1256 Societate

83 1293 260 1339 Patres
285 1293 397 1338 illuc
421 1307 530 1338 esse
553 1292 832 1337 mittendos:
870 1306 998 1348 quae
1032 1300 1080 1336 et
1119 1306 1149 1335 a
1183 1290 1334 1335 Patre
1364 1289 1560 1345 Ignatio
1595 1289 1609 1312 ²
1634 1303 1714 1344 pe-

82 1370 206 1427 tiuit,
244 1379 296 1415 vt
331 1370 403 1415 rei
436 1369 502 1414 illi
536 1369 714 1414 Patres
748 1368 936 1425 aliquot
971 1367 1355 1424 praescriberet,
1395 1381 1604 1423 quorum
1628 1365 1712 1410 ali-

83 1457 215 1505 quot,
243 1448 289 1493 ni
314 1463 426 1493 mea
450 1462 527 1492 me
551 1446 677 1492 fallit
700 1445 879 1503 opinio,
906 1445 971 1491 illi
996 1445 1222 1491 obeundo
1257 1444 1446 1490 muneri
1471 1442 1713 1499 assignati

81 1526 178 1571 iam
202 1534 331 1572 sunt.
358 1524 489 1581 Quin
513 1524 662 1570 etiam
686 1540 748 1569 ex
773 1522 996 1568 Castella
1020 1522 1149 1578 apud
1173 1536 1263 1567 nos
1293 1529 1404 1566 sunt
1439 1529 1487 1566 et
1520 1519 1603 1566 Pr.
1630 1535 1713 1564 no-

81 1603 209 1649 mine
233 1602 516 1659 Vernedus,
543 1610 591 1647 et
615 1601 773 1647 frater
796 1601 1005 1646 Ioannes
1027 1599 1192 1657 Roxo,
1219 1598 1299 1656 qui
1323 1598 1438 1644 illuc
1460 1606 1600 1643 certo
1626 1597 1714 1643 itu-

83 1681 123 1725 ri
154 1680 399 1735 dicuntur,
441 1680 532 1725 nisi
571 1678 771 1736 aliquod
804 1676 1103 1724 interueniat
1137 1675 1550 1733 impedimentum,
1588 1675 1717 1731 quod

82 1758 220 1803 Deus
251 1773 394 1803 omen
432 1766 649 1803 auertat.
686 1756 749 1801 Hi
783 1755 909 1802 enim
943 1755 1040 1801 duo
1064 1754 1369 1811 potissimum
1403 1768 1514 1798 cum
1539 1752 1716 1808 legatis

83 1835 175 1881 illis
199 1844 372 1892 agunt,
400 1849 585 1891 eosque
609 1833 909 1880 christianae
933 1831 1044 1878 fidei
1063 1831 1344 1877 rudimenta
1364 1830 1558 1876 docent.
1579 1829 1717 1875 Deus

83 1912 199 1969 Opt.
227 1912 360 1958 Max.
389 1912 452 1958 ad
475 1910 615 1969 cujus
638 1911 867 1968 gloriam,
888 1910 1127 1956 honorem
1144 1909 1270 1954 haec
1288 1908 1452 1954 omnia
1471 1916 1713 1965 spectant,

82 1990 209 2036 faxit
233 1999 286 2035 vt
308 1990 432 2035 haec
455 1989 651 2046 incepta
674 1989 739 2034 ad
760 1987 905 2034 finem
929 2002 1086 2044 Vsque
1115 1986 1327 2032 feliciter
1358 1984 1713 2042 perducantur,

84 2077 137 2114 vt
169 2066 291 2113 fides
325 2066 598 2123 religioque
637 2065 907 2112 christiana
941 2080 1030 2122 per
1062 2072 1221 2110 totum
1255 2072 1504 2108 terrarum
1544 2061 1715 2106 orbem

84 2144 383 2201 diuulgetur‚
409 2153 458 2189 et
481 2159 541 2189 ea
565 2143 621 2188 iis
645 2142 889 2200 angustiis
913 2153 961 2188 et
979 2141 1273 2199 quibusdam
1293 2139 1433 2197 quasi
1453 2138 1651 2196 angulis
1668 2138 1715 2183 in

83 2221 236 2266 latum
263 2229 311 2266 et
334 2220 606 2277 spatiosum
630 2234 858 2277 campum
883 2219 1141 2264 educatur.
1169 2218 1283 2274 Alii,
1320 2217 1400 2274 qui
1425 2226 1473 2262 et
1506 2224 1624 2273 quot
1646 2215 1716 2261 fu-

84 2299 181 2344 turi
204 2298 316 2355 sint,
354 2297 660 2354 ignoramus.
701 2297 872 2343 Mense
906 2306 1074 2342 autem
1114 2295 1346 2351 Augusto
1381 2294 1461 2339 vel
1495 2294 1558 2339 ad
1593 2308 1716 2338 sum-

84 2391 215 2421 mum
241 2373 520 2431 Septembri
539 2373 812 2430 profecturi
836 2373 1106 2420 creduntur
1131 2373 1163 2418 ³.

135 2545 143 2564 ¹
198 2541 423 2579 Catharina
442 2541 658 2587 austriaca,
675 2541 843 2588 Joannis
862 2541 918 2578 ΙΙΙ
938 2541 1072 2578 vidua.

132 2604 145 2624 ²
196 2601 300 2642 ssltus
318 2602 503 2649 Ignatius
521 2601 570 2638 de
590 2601 800 2638 Azevedo.

132 2664 146 2684 ³
197 2664 263 2701 De
283 2662 472 2700 missione
491 2661 696 2708 angolana
714 2661 782 2708 agi
810 2666 997 2708 coeptum
1025 2664 1085 2696 est
1113 2672 1218 2696 anno
1248 2658 1338 2695 1558
1365 2657 1427 2703 (cs.
1455 2657 1611 2695 Lainiz'
1634 2656 1718 2695 Mo-

86 2734 222 2770 mmz.,
252 2723 321 2769 III,
349 2721 432 2766 232,
452 2720 550 2766 280).
571 2720 696 2758 Pater
714 2721 876 2768 quidam
897 2733 946 2757 ex
965 2719 1150 2757 Castella
1170 2719 1267 2755 illue
1286 2717 1518 2762 mittendus,
1540 2717 1580 2754 in
1599 2717 1715 2754 Lusi-

85 2783 238 2820 taniam
256 2784 338 2831 jam
358 2784 603 2829 pervenerat
621 2786 715 2817 ante
734 2781 841 2817 diem
862 2780 906 2817 19
924 2779 1027 2828 MaJ’i
1050 2778 1140 2814 1558
1157 2777 1307 2822 (Ibz·d.,
1327 2776 1426 2821 280);
1456 2776 1605 2814 obortis
1636 2777 1719 2823 qui-

85 2843 254 2880 busdam
284 2839 597 2889 impedimentis,
629 2840 847 2887 praecipue
880 2844 1009 2876 morte
1040 2837 1151 2884 regis
1181 2837 1375 2884 Angolac
1403 2836 1715 2880 interveniente,

87 2902 223 2939 missio
242 2902 292 2939 ad
310 2901 431 2938 finem
451 2899 546 2936 anni
567 2899 657 2936 1559
674 2899 800 2936 dilata
820 2905 881 2936 est
901 2898 966 2943 (cf.
987 2898 1145 2935 Laz‘m‘z·
1162 2897 1343 2933 Monam
1365 2925 1372 2941 ‚
1393 2895 1468 2940 IV,
1488 2895 1658 2939 289-290,
1680 2900 1720 2932 et

88 2961 302 3010 epistolam
332 2959 673 3006 quadrimestrem
704 2959 846 2996 domus
877 2957 947 2996 Sti
975 2956 1104 2994 Rochi
1131 2955 1427 3003 olisiponensis,
1456 2955 1535 2992 diei
1569 2955 1610 2991 17
1645 2954 1721 2991 Fe—

87 3021 243 3059 bruarii
263 3019 367 3065 1560,
387 3030 492 3066 quae
512 3023 699 3055 servatur
726 3019 767 3055 in
794 3018 878 3055 cod.
910 3018 1015 3054 Lus.
1048 3016 1112 3053 51.
1147 3015 1192 3052 ff.
1228 3015 1416 3060 168-169).
1450 3013 1495 3052 Si
1526 3013 1625 3051 fides
1655 3014 1721 3051 ha-

87 3081 225 3119 benda
260 3084 321 3116 est
354 3078 528 3115 FRANco
561 3077 794 3124 (synopsis
828 3077 1075 3114 Annalium
1113 3075 1211 3112 Soc.
1243 3074 1355 3121 Jesu
1391 3075 1437 3111 in
1469 3073 1720 3117 Lusitania,

202 3163 370 3191 LITTERAE
390 3160 686 3194 QUADRIMESTRES.
707 3160 799 3187 ΤΟΜ.
822 3159 857 3187 V.
1546 3155 1577 3182 61
