1900 3380
548 288 886 326 loafflf’ANORmo
916 290 954 326 11
985 290 1094 336 ΜΑ][
1125 290 1214 326 1558
1589 292 1660 327 055

69 383 180 428 dam
206 384 500 439 constitutiS‚
530 385 616 429 sed
639 385 846 441 singulis
865 386 1016 431 etiam
1040 385 1147 431 fere
1172 386 1360 444 diebus,
1396 387 1632 444 plurimos
1657 387 1703 432 in

67 460 343 506 huiusmodi
385 461 653 507 utilissimis
688 463 882 519 quidem
924 463 1364 519 disceptationibus
1404 479 1704 521 progressus

67 537 256 583 faciunt
280 537 517 594 discipuli.
545 538 650 583 Nec
674 539 719 584 id
743 541 903 584 solum
928 540 1056 584 inter
1079 549 1280 585 nostros
1305 556 1427 596 quos
1462 541 1704 586 habemus

67 614 350 671 diligentiae
376 625 576 661 nostrae
601 618 817 662 creditos
841 617 1044 662 iuuenes
1068 617 1247 662 cotidie
1273 617 1338 672 fit,
1372 619 1459 663 sed
1484 619 1702 664 nonnulli

66 692 354 748 saepissime
379 709 408 737 a
432 693 682 749 discipulis
706 694 994 749 inuitantur,
1017 710 1191 740 eorum
1214 705 1408 740 mutuas
1427 696 1702 751 spectaturi

66 762 480 825 concertationes,
509 771 638 826 quod
673 772 806 816 hisce
841 772 1011 817 diebus
1044 773 1239 817 cuidam
1273 772 1438 818 iuueni
1474 774 1703 830 eloquen—

65 846 164 891 tiae
189 847 454 892 candidato
480 864 571 892 usu
597 848 744 904 uenit,
773 864 885 893 cum
905 849 1033 894 enim
1052 865 1169 894 suas
1190 850 1247 894 de
1273 866 1410 895 more
1430 851 1704 896 conclusio-

66 940 152 969 nes
168 924 515 980 condiscipulis
532 925 864 971 discutiendas
882 927 1238 984 proposuisset,
1263 936 1402 972 ratus
1423 928 1704 972 uberiorem

66 1000 262 1057 frugem
287 1001 397 1046 inde
422 1018 474 1047 se
498 1003 784 1058 allaturum,
812 1004 852 1048 si
876 1004 1064 1059 aliquot
1089 1004 1421 1061 ludimagistri
1446 1014 1532 1050 aut
1552 1005 1597 1049 id
1622 1020 1707 1061 ge—

66 1094 157 1124 nus
181 1079 328 1135 aliqui
353 1080 536 1125 literati
561 1081 808 1137 adessent,
837 1097 922 1126 eos
958 1081 1184 1127 inuitauit
1219 1082 1386 1139 eisque
1422 1083 1705 1138 propositas

64 1148 384 1213 quaestiones
403 1157 590 1214 aliquot
609 1167 723 1203 ante
743 1159 862 1213 dies,
885 1160 1126 1204 audacius
1146 1175 1293 1216 quam
1314 1161 1600 1218 sperabam,
1623 1162 1705 1205 ob-

66 1234 191 1279 tulit.
217 1233 364 1280 Vnde
383 1235 520 1280 multi
540 1251 601 1280 ex
622 1236 709 1291 his,
734 1236 812 1292 qui
832 1236 909 1281 hic
929 1237 1268 1293 celebrantur,
1291 1237 1705 1293 praeceptoribus

67 1327 119 1356 se
143 1311 393 1357 affuturos
418 1322 529 1358 sunt
554 1313 771 1369 polliciti.
800 1314 968 1370 Aliqui
992 1314 1143 1359 etiam
1169 1315 1249 1371 qui
1284 1314 1623 1371 philosophiae
1658 1325 1707 1360 et

64 1390 360 1438 dialecticae
383 1390 546 1436 studio
570 1402 770 1447 uacant,
799 1392 927 1437 idem
953 1392 1303 1448 promiserunt.
1331 1393 1555 1438 Tandem
1593 1408 1705 1437 con-

66 1469 237 1514 stituto
262 1469 360 1514 iam
391 1469 483 1526 die,
520 1479 572 1514 ut
608 1468 711 1513 fieri
747 1478 896 1514 antea
930 1479 1283 1526 consueuerat,
1322 1476 1705 1526 praeceptorum

66 1547 145 1591 uel
169 1562 336 1603 pugna
360 1547 464 1591 solo
489 1546 685 1591 nomine
710 1547 1007 1602 perterritus
1033 1547 1109 1591 uel
1144 1546 1253 1591 aliis
1287 1547 1528 1592 distentus
1563 1562 1704 1592 occu-

65 1614 344 1680 pationibus
374 1639 434 1668 ne
469 1639 594 1668 unus
628 1623 823 1679 quidem
858 1624 1096 1669 interfuit.
1130 1623 1341 1668 quenes
1377 1639 1501 1680 quos
1536 1639 1704 1668 recen-

64 1700 154 1755 sui,
177 1700 525 1757 philosophicis
545 1716 605 1745 ac
624 1700 896 1746 dialecticis
917 1701 1198 1757 praeceptis
1218 1701 1408 1758 imbuti,
1433 1717 1527 1746 non
1548 1700 1703 1746 affue-

66 1788 179 1822 runt
202 1778 365 1832 modo,
396 1793 569 1822 verum
595 1778 745 1823 etiam
770 1778 980 1834 primum
1000 1777 1280 1834 disputandi
1300 1778 1462 1822 locum
1484 1777 1705 1822 obtinue-

65 1864 197 1912 runt,
225 1855 304 1911 qui
330 1855 445 1900 licet
468 1855 623 1900 multa
647 1855 984 1911 philosophice
1020 1854 1182 1912 magis
1217 1865 1265 1899 et
1299 1854 1560 1900 dialectice
1596 1870 1704 1910 pro-

65 1942 309 1989 ponerent
333 1948 479 1989 quam
504 1932 742 1990 oratorie,
770 1933 1096 1978 solutionibus
1119 1942 1284 1978 tamen
1320 1933 1383 1977 ab
1418 1948 1477 1977 eo
1512 1931 1592 1988 qui
1626 1932 1704 1976 de-

65 2009 300 2055 fendebat
324 2010 526 2067 eiusque
551 2019 881 2066 praeceptore
905 2010 967 2054 ad
993 2025 1096 2055 rem
1122 2010 1347 2066 apposite
1372 2009 1552 2066 allatis,
1575 2009 1704 2065 quie-

67 2086 101 2131 ti
125 2103 186 2132 ac
211 2087 438 2144 ingentes
460 2088 601 2133 nobis
625 2087 755 2144 quod
780 2087 840 2132 ad
867 2087 1227 2143 disputationes
1261 2087 1470 2131 fuissent
1504 2086 1705 2131 admissi

61 2165 260 2222 gratias
285 2173 495 2221 agentes
520 2173 855 2210 recesserunt.
883 2165 993 2210 Deo
1013 2164 1126 2221 Opt.
1152 2164 1288 2209 Max.
1317 2165 1425 2209 laus
1449 2180 1509 2208 ac
1528 2163 1703 2219 honor,

67 2257 210 2299 quem
233 2242 409 2286 horum
428 2242 643 2287 omnium
662 2242 911 2287 bonorum
930 2241 1159 2287 autorem
1179 2257 1323 2286 nemo
1343 2240 1433 2286 nisi
1454 2240 1705 2285 hominum

66 2334 214 2364 sensu
240 2318 432 2375 penitus
456 2318 721 2364 destitutus
746 2318 966 2375 negabit.

60 2388 64 2391 i
154 2395 357 2441 Interim
382 2395 509 2441 Rda.
534 2396 588 2442 P.
610 2405 713 2454 tua,
736 2406 787 2441 ut
812 2397 954 2452 solet,
977 2412 1066 2441 nos
1089 2397 1192 2441 suis
1217 2395 1525 2440 orationibus
1549 2410 1610 2439 ac
1629 2409 1704 2439 sa-

65 2473 264 2519 crificiis
287 2473 418 2530 apud
438 2473 600 2518 Deum
620 2489 768 2530 quam
794 2474 1074 2519 arctissime
1095 2472 1478 2526 commendabit,
1502 2481 1554 2516 ut
1574 2471 1704 2528 quod

48 2552 320 2608 coepimus
344 2552 589 2609 persequi,
616 2561 665 2597 et
689 2552 818 2609 quod
843 2561 1072 2608 superest
1095 2553 1200 2597 eius
1224 2551 1401 2596 fauore
1432 2550 1706 2606 adimplere

66 2629 337 2674 ualeamus.
377 2628 612 2674 Panormi
641 2644 771 2674 anno
805 2629 1163 2675 incarnationis
1198 2628 1308 2673 Dni.
1339 2627 1388 2671 M
1432 2627 1478 2671 D
1518 2625 1701 2672 LVIII.

65 2705 137 2751 XI
161 2705 294 2751 Maii.

154 2782 313 2829 Rdae.
341 2783 461 2829 Ptis.
489 2792 605 2828 tuae
624 2798 801 2829 seruus
824 2784 871 2829 in
896 2783 1003 2836 X.0‚

689 2896 911 2942 IoANNEs
944 2896 1199 2940 BAPTISTA
1233 2893 1547 2939 CARMINATA
1582 2896 1612 2939 ¹.

115 3106 124 3125 ¹
178 3104 285 3142 Vide
305 3106 506 3152 superius,
528 3119 621 3152 pag.
640 3106 698 3148 55,
721 3111 860 3142 annot.
881 3105 918 3142 2.
