1950 3348
296 263 366 299 370
770 262 987 298 LITTERAE
1015 261 1374 306 QUADRIMESTRES

250 359 366 404 tatis
405 374 570 404 mores
611 358 740 403 intus
780 368 828 404 et
868 358 911 402 in
954 367 1066 403 cute
1105 357 1235 414 noui,
1274 373 1392 402 raro
1432 358 1614 402 nostris
1648 357 1878 403 Patribus

251 430 379 475 domi
404 430 688 487 quiescendi
712 440 906 486 tempus
930 428 1236 485 conceditur3
1267 429 1505 473 innumeri
1531 429 1658 473 enim
1682 429 1815 474 ciues
1840 430 1877 474 si

251 508 448 564 quando
472 508 600 552 male
625 508 858 562 habeant,
888 505 1074 551 relictis
1108 505 1232 561 aliis,
1259 505 1433 562 quibus
1458 504 1682 550 confiteri
1707 521 1736 549 a
1761 506 1875 550 mul-

251 584 312 630 tis
346 594 460 630 ante
494 584 635 629 annis
670 593 1051 633 consueuerant,
1079 592 1277 626 nostros
1311 582 1489 627 Patres
1523 582 1585 627 ad
1615 598 1667 627 se
1702 596 1876 638 qnam-

251 662 481 718 pz‘z'mum
522 661 854 706 accersendos
893 668 1085 712 curant,
1123 675 1152 703 a
1187 658 1362 714 quibus
1401 674 1573 704 eorum
1613 659 1878 704 audiantur

253 739 604 784 confessiones.
632 738 783 783 Pauci
809 737 1203 794 sumus,fate⁷01‘‚
1232 737 1421 782 cunctis
1444 737 1662 793 proinde
1686 736 1877 782 satisfa-

251 832 366 862 cere
391 830 490 861 non
517 830 780 872 possumus
804 822 839 869 ³3
867 814 928 859 sit
953 814 1193 859 Dominus
1228 813 1273 858 in
1308 814 1534 859 omnibus
1568 813 1873 870 benedictus,

251 894 340 950 qui
365 906 580 938 suornm
613 905 885 937 serzi-formu
921 904 1197 935 nnmerum
1232 894 1278 934 et
1307 890 1632 947 cmzplg'ftcm‘e
1663 894 1710 935 et
1734 876 1890 935 dimi!

252 985 410 1015 nuere
448 970 517 1025 (si
558 969 765 1026 qnando
796 969 971 1026 fuerit
1008 968 1160 1023 opus)
1200 967 1572 1023 benignissime
1612 968 1770 1012 nollit.
1816 966 1883 1012 Et

253 1052 307 1093 ut
350 1048 430 1093 [νίζ’
474 1048 629 1092 etiam
662 1046 862 1103 aliquid
889 1045 1076 1089 haheat
1116 1044 1252 1089 Rda.
1296 1044 1599 1089 Paterm'tas
1636 1049 1742 1097 sna,
1785 1058 1880 1102 qno

252 1125 472 1170 laetetur
503 1125 555 1168 in
584 1123 810 1168 Donum
845 1123 1132 1179 caeterique
1166 1122 1355 1166 Patres
1384 1135 1443 1166 ccc
1463 1122 1696 1180 fratress
1724 1121 1838 1166 licet
1862 1121 1881 1149 b

252 1201 468 1260 quotidie
513 1201 641 1256 fere,
689 1200 773 1245 sed
820 1200 993 1245 diebus
1038 1199 1253 1244 maxime
1299 1199 1438 1244 festis
1476 1199 1666 1255 plures,
1709 1208 1880 1244 nostra

253 1279 469 1325 omnium
495 1278 736 1334 opinione,
765 1276 827 1321 ad
852 1277 1216 1321 sanctissimum
1242 1276 1573 1321 eucharistiae
1598 1291 1880 1321 sacramen-

253 1368 351 1402 tum
378 1371 570 1401 summa
595 1355 857 1400 deuotione
883 1355 1172 1399 sumendum
1193 1362 1480 1408 accurrant,
1510 1363 1610 1398 tum
1636 1353 1682 1398 in
1707 1353 1784 1398 die
1809 1368 1880 1398 as-

254 1434 545 1490 sumptionis
580 1433 758 1477 beatae
798 1431 1019 1487 Uirginis
1059 1435 1128 1476 ίθΐ
1160 1438 1175 1458 C
1216 1440 1327 1476 sunt
1353 1431 1582 1484 confessi,
1610 1440 1658 1476 et
1681 1429 1881 1475 caelesti

255 1526 436 1556 manna
466 1509 656 1565 saciati,
685 1517 735 1553 ut
769 1509 915 1564 longe
950 1508 1116 1563 plures
1150 1507 1601 1553 desiderauerimus
1635 1507 1881 1553 confessa-

255 1588 369 1645 rios,
398 1602 569 1632 eorum
601 1586 726 1630 enini
758 1584 920 1640 inopia
955 1599 1058 1641 qna
1091 1585 1172 1630 ltz‘c
1205 1584 1505 1630 laboramus
1527 1585 1878 1642 potissimum,

256 1664 418 1710 multis
457 1662 750 1708 satisfacere
785 1676 844 1706 eo
879 1661 954 1706 die
988 1677 1303 1718 nequaquam
1342 1662 1609 1719 potuimus,
1651 1662 1765 1708 licet
1803 1677 1881 1719 po-

255 1750 389 1786 stero
413 1740 490 1785 die
515 1756 688 1786 eorum
719 1739 936 1784 nonnulli
976 1738 1159 1784 fuerint
1193 1739 1420 1784 confessi.
1460 1739 1883 1797 [Conversiormm

256 1818 530 1875 exempla]

315 1895 354 1940 2.
419 1895 568 1940 Hisce
594 1910 786 1951 quoque
811 1894 982 1939 diebus
1006 1893 1308 1950 grauissima
1342 1894 1576 1939 nonnulla
1600 1893 1729 1949 odia,
1758 1908 1882 1950 quae

257 1972 384 2017 inter
418 1971 655 2028 quosdam
690 1971 991 2027 praediuites
1026 1970 1247 2015 homines
1281 1970 1672 2025 intercedebant,
1711 1970 1881 2027 quibus

256 2049 537 2094 humanitus
561 2049 693 2092 nulla
718 2047 823 2093 fieri
849 2057 1046 2104 poterat
1066 2047 1325 2100 medicina,
1349 2047 1515 2093 diuina
1538 2046 1750 2104 primum
1773 2040 1899 2104 gra-J

257 2127 340 2185 tia,
367 2135 652 2171 nostrorum
678 2125 883 2170 Patrum
904 2125 1078 2169 deinde
1099 2140 1270 2181 opera,
1300 2124 1367 2170 ita
1391 2134 1504 2170 sunt
1528 2125 1769 2170 restincta
1792 2123 1810 2150 ‘¹
1833 2131 1897 2169 ut.

258 2204 439 2250 nullum
464 2203 592 2248 inter
622 2218 707 2248 eos
741 2202 976 2258 pristinae
1011 2201 1293 2247 inimicitiae
1329 2202 1611 2258 reperiatur
1645 2201 1903 2253 inditium„

259 2281 348 2327 His
372 2290 622 2338 postremo
646 2280 825 2324 addam
852 2279 1045 2337 aliquot
1075 2279 1334 2324 charitatis
1369 2278 1537 2324 officia
1572 2293 1701 2335 quae
1724 2285 1740 2306 θ
1769 2259 1888 2323 mul-¹

259 2358 293 2403 ti
332 2356 618 2403 nobilissimi
653 2356 744 2401 uiri
779 2366 891 2401 sunt
925 2356 1136 2412 executi3
1174 2365 1459 2401 nostrorum
1484 2356 1611 2401 enim
1638 2356 1842 2401 Patrum
1872 2352 1899 2381 f*

259 2434 501 2481 nonnullis
536 2433 871 2489 suadentibus,
910 2444 957 2478 et
996 2434 1307 2489 quarundam
1349 2433 1631 2479 monialium
1671 2433 1882 2490 inopiam

261 2512 638 2569 exponentibUS,
666 2511 900 2556 effectum
924 2521 997 2555 est
1031 2520 1084 2556 ut
1117 2510 1210 2555 illis
1244 2511 1382 2556 multi
1408 2512 1591 2556 multas
1615 2510 1902 2567 elargiren-.

261 2598 342 2634 tur
366 2589 616 2645 pecunias.
643 2586 715 2633 Sit
740 2587 983 2632 Dominus
1007 2587 1311 2632 benedictus.
1887 2634 1890 2636 ,

319 2666 362 2711 3.
429 2665 682 2721 Quantum
717 2680 838 2709 uero
873 2664 934 2709 ad
968 2672 1192 2708 nostrum
1218 2664 1311 2709 hoc
1335 2679 1591 2710 musaeum
1624 2679 1684 2709 ac
1706 2654 1898 2709 studio-f

262 2758 428 2787 sorum
455 2742 771 2798 multiplicem
796 2741 1010 2785 fructum
1041 2741 1234 2798 attinet,
1262 2741 1356 2786 hoc
1381 2741 1639 2786 dicendum
1674 2740 1880 2786 videtur.
1906 2775 1909 2778 Δ

262 2819 315 2863 In
349 2819 555 2875 singulis
589 2818 768 2864 scholis
803 2817 1069 2874 discipulos
1104 2818 1319 2874 quotidie
1355 2819 1600 2875 exerceri,
1628 2818 1817 2874 aliquos
1840 2808 1905 2877 in'¹⁴

310 2962 327 2982 a
393 2955 612 2992 Paueiores
643 2961 780 2991 tamen
810 2966 947 2991 sumus
978 2966 1099 3000 quarn
1136 2958 1178 2990 vt
1217 2954 1371 2991 cunctis
1407 2954 1643 2991 satisfacere
1678 2953 1909 3001 possimus*

262 3015 328 3041 -b
384 3027 487 3051 cum.
543 3022 603 3042 -c
636 3021 717 3051 tam
750 3014 877 3051 multi.
931 3012 997 3039 -d
1054 3013 1243 3049 extincta.
1296 3022 1359 3041 ——e
1418 3013 1663 3061 quoddam...
1702 3008 1910 3057 officium,³

263 3073 382 3121 quod.
435 3072 491 3100 -f
541 3074 735 3110 Patruum
756 3085 837 3111 ms.

1900 0 1921 41 <5-

1915 147 1920 229 -Λ
1913 65 1921 106 *v

1883 3122 1900 3159 ,i

1884 3241 1897 3258 τ

1881 3305 1901 3335 ἶ
