1971 3369
325 189 391 225 138
786 189 1004 225 LITTERAE
1032 188 1388 233 QUADRIMESTRES

276 285 571 341 theologicis
590 285 882 331 lectionibus
902 285 1077 330 Patres
1099 286 1204 341 plus
1223 284 1344 328 satis
1363 284 1561 337 habent,
1581 284 1709 341 quod
1729 294 1900 340 agant.

276 362 573 408 Rhetorices
598 363 748 411 etiam
774 378 897 408 unus
922 372 995 407 est
1027 362 1300 418 professor,
1339 370 1386 406 et
1421 361 1516 405 duo
1552 361 1903 417 grammatico-

278 456 387 485 rum
411 440 735 488 institutores,
766 440 975 485 Accedit
999 440 1061 485 ad
1086 440 1224 494 haec,
1254 438 1383 495 quod
1409 447 1590 483 octauo
1616 453 1809 494 quoque
1830 438 1904 483 die

278 517 487 574 (romani
511 518 706 574 collegii
742 518 966 572 exemplo
1003 516 1152 572 ducti)
1188 531 1313 560 unus
1352 531 1413 560 ex
1455 515 1708 560 rhetorum
1745 516 1905 560 classe
1968 523 1969 527 ’

278 594 555 638 orationem
581 594 880 649 pronuntiet.
908 592 953 637 Is
989 608 1109 637 uero
1145 592 1223 648 qui
1258 602 1512 637 oratorem
1547 592 1667 648 agit,
1703 606 1907 636 necesse

278 680 351 716 est
376 681 426 715 ut
450 671 495 715 in
521 671 735 715 maximo
760 670 1042 715 auditorum
1068 680 1315 714 conuentu
1340 669 1487 714 dicat.
1509 669 1650 713 Multi
1674 670 1904 724 probant,
1970 659 1971 663 ¹

279 747 415 792 multi
446 748 810 803 amplectuntur
843 746 1178 790 huiuscemodi
1213 745 1586 790 exercitationis
1620 742 1794 801 genus.
1831 745 1907 790 De
1968 783 1971 805 ζ

276 824 613 881 philosophiae
638 824 799 868 classe
824 823 915 868 hoc
948 839 1096 868 unum
1132 823 1310 879 dicam,
1348 822 1618 879 auditores,
1661 823 1723 868 olo
1759 822 1918 867 disse--
1968 845 1971 885 3

278 901 487 946 rentium
513 900 765 945 feruorem
790 915 850 944 ac
875 899 1175 944 acerrimum
1200 899 1258 944 de
1283 915 1337 943 re
1356 899 1611 955 proposita
1631 908 1902 953 certamen,

277 978 401 1034 rapi3
431 993 540 1022 cum
565 977 728 1021 omnia
752 978 859 1032 plus
883 992 1042 1032 aequo
1067 976 1275 1021 remissa
1300 976 1409 1021 aliis
1432 976 1477 1020 in
1503 976 1622 1020 locis
1646 975 1756 1021 sint.
1967 1028 1971 1041 ι

337 1055 379 1100 4.
446 1055 499 1099 In
523 1056 869 1110 theologosum
896 1054 1075 1098 scholis
1099 1069 1127 1097 a
1152 1053 1355 1098 Patrum
1380 1063 1666 1098 nostrorum
1691 1054 1908 1098 aduentu
1965 1053 1971 1105 Ξ

279 1141 419 1177 tanta
443 1131 853 1187 metamorphosis
877 1130 1014 1175 facta
1039 1140 1130 1186 est,
1158 1139 1210 1175 ut
1236 1130 1491 1186 repentina
1511 1139 1711 1185 tamque
1746 1129 1908 1174 subita

280 1224 447 1254 rerum
474 1208 680 1253 mutatio
705 1207 927 1263 singulos
952 1207 996 1251 in
1021 1207 1404 1252 admirationem
1429 1206 1656 1251 traxerit.
1679 1205 1807 1250 Nam
1827 1207 1908 1251 ab-
1967 1231 1969 1234 ·

280 1285 431 1330 ditum
458 1294 605 1330 antea
631 1285 876 1340 quoddam
901 1294 1099 1329 antrum
1124 1284 1292 1337 fuisse.
1321 1299 1466 1340 quam
1487 1283 1705 1328 scholam
1725 1283 1909 1328 rectius
1961 1311 1969 1348 ,¹

281 1361 505 1406 dixerim.
534 1361 716 1417 Ecquis
740 1376 837 1405 non
864 1360 1130 1405 miraretur
1154 1360 1299 1405 modo
1320 1369 1533 1416 quatuor
1558 1375 1738 1404 sacrae
1772 1360 1909 1416 pagi-
1955 1407 1963 1413 ,

280 1453 373 1484 nae
398 1440 627 1491 lectores,
657 1454 767 1482 cum
793 1447 943 1482 antea
967 1453 1026 1482 ne
1051 1437 1387 1493 unusquidem
1408 1437 1648 1481 extiterit?
1668 1435 1818 1481 Certe
1836 1422 1907 1481 sess
1961 1423 1968 1471 s

281 1517 355 1561 rio
380 1516 438 1561 de
462 1514 755 1574 theologicis
780 1514 951 1559 studiis
976 1515 1220 1570 pauloque
1244 1514 1391 1558 altius
1415 1522 1644 1569 coeptum
1670 1522 1743 1558 est
1778 1513 1908 1569 cogi·
1952 1513 1969 1569 '„

281 1593 393 1651 tari,
421 1593 547 1638 haec
571 1592 734 1637 onmia
758 1607 884 1636 nunc
906 1607 964 1636 eo
990 1592 1035 1636 in
1056 1592 1165 1636 loco
1185 1600 1488 1636 enarrantur
1507 1606 1536 1636 a
1555 1590 1708 1635 uariis
1726 1590 1906 1635 theolo-
1954 1594 1962 1655 J

281 1671 394 1727 giae
419 1669 804 1725 professoribus,
839 1668 1042 1725 scilicet,
1080 1668 1139 1713 D.
1175 1668 1313 1713 Pauli
1350 1669 1412 1713 ad
1446 1667 1701 1712 Romanos
1735 1667 1908 1723 episto·
1950 1662 1964 1698 ’Ϊ

283 1749 331 1793 la
369 1752 405 1801 ³,
448 1747 694 1803 Magister
739 1747 1121 1801 sententiarum,
1164 1745 1372 1791 Dauidis
1411 1745 1716 1801 psalterium,
1749 1742 1908 1790 Gene-
1953 1779 1958 1783 .

283 1840 492 1881 seosque
528 1825 732 1869 libellus.
771 1823 857 1868 Illa
894 1824 989 1868 duo
1023 1834 1276 1880 postrema
1316 1839 1345 1868 a
1383 1822 1566 1867 nostris
1601 1822 1693 1867 Dei
1735 1820 1910 1866 benefi-
1957 1809 1969 1861 f·

283 1902 359 1948 cio
384 1911 717 1958 praestantur.
1948 1953 1951 1961 .

339 1979 382 2025 5.
451 1978 704 2034 Quantum
726 1993 847 2023 uero
866 1977 1057 2022 fructus
1077 1993 1140 2022 ex
1158 1977 1230 2022 his
1250 1977 1544 2029 lectionibus
1563 1975 1907 2033 proficiscitur,
1950 1999 1961 2039 ¹..

283 2071 548 2101 recensere
573 2056 775 2111 longum
800 2054 948 2100 foret.
976 2055 1167 2100 Tamen
1192 2070 1252 2100 ne
1276 2055 1472 2110 singula
1495 2053 1688 2099 silentio
1717 2062 1909 2109 praete·
1944 2040 1963 2072 ³¹

283 2149 438 2191 ream,
465 2133 560 2178 hoc
584 2148 735 2178 unum
760 2132 994 2177 referam.
1025 2131 1152 2177 Cum
1189 2131 1313 2189 regii
1347 2131 1554 2176 Dauidis
1586 2130 1715 2175 hunc
1747 2130 1918 2175 locum'
1957 2123 1959 2126 ¹

282 2210 377 2256 Mr.
411 2209 658 2261 Henricus
691 2209 959 2266 Dyonisius
984 2209 1002 2235 ¹³
1027 2218 1314 2265 exponeret:
1342 2192 1501 2253 Edent
1535 2207 1763 2252 nimirum
1796 2222 1910 2263 pau·

284 2303 428 2345 peres
452 2297 501 2332 et
524 2288 884 2332 saturabuntur
909 2288 939 2344 1,
967 2296 1015 2331 et
1039 2302 1099 2331 ea
1122 2301 1249 2344 quae
1274 2287 1397 2331 haec
1421 2290 1772 2340 consecuntur,
1793 2284 1910 2330 data
1950 2283 1954 2334 ᾗ

285 2363 616 2421 amplificandi
640 2379 763 2408 ansa
787 2364 971 2420 optimo
997 2362 1262 2408 Societatis
1284 2378 1439 2419 more,
1467 2363 1524 2408 de
1548 2361 1821 2407 sacerrimo
1845 2361 1909 2407 al·
1936 2403 1939 2406 ,

286 2442 408 2487 taris
432 2451 746 2492 sacramento
771 2440 901 2497 loqui
925 2440 1127 2485 liberius
1151 2440 1328 2496 coepit,
1357 2439 1711 2495 auditoresque·
1725 2437 1788 2483 ad
1807 2452 1910 2484 cre-
1946 2442 1958 2486 ,ᾖ

286 2520 429 2564 bram
463 2518 860 2564 communionem
895 2518 1169 2575 adhortari,
1206 2518 1374 2574 sicque
1408 2532 1581 2562 eorum
1615 2515 1805 2561 animos
1843 2515 1910 2579 ita

285 2596 437 2654 flexit,
461 2607 510 2641 ut
530 2597 820 2642 adolescens
839 2595 1051 2653 quidam,
1073 2595 1273 2641 dimisso
1292 2594 1538 2640 auditorio
1559 2593 1638 2650 (de
1655 2593 1750 2638 hoc
1783 2592 1910 2642 enim
1934 2607 1947 2647 2,

286 2674 391 2718 solo
415 2673 670 2730 referam),
696 2688 808 2718 cum
832 2672 1030 2717 domum
1054 2688 1107 2717 se
1127 2672 1412 2729 recepisset,
1434 2687 1494 2717 ea
1518 2670 1682 2716 omnia
1700 2684 1826 2726 quae
1850 2683 1913 2715 ex
1927 2664 1940 2734 ,ἶ

335 2838 354 2856 ἢ
405 2839 522 2885 eplae
542 2849 622 2875 ms.
676 2838 742 2865 -b
771 2839 853 2881 Sic,
874 2839 945 2876 hic
963 2842 1003 2876 et
1020 2839 1152 2884 infra.

399 2961 680 3022 Ps.XX1,s27.
716 2972 740 2976 “’
