1971 3369
265 338 336 375 256
733 339 951 375 LITTERAE
980 339 1335 384 QUADRIMEsTREs

221 434 356 479 velut
380 434 459 490 qui
483 433 564 479 diu
589 434 933 480 delitescentes
958 434 1003 479 in
1035 443 1198 487 antro,
1225 433 1425 479 tandem
1455 434 1596 478 clara
1626 434 1734 478 luce
1770 450 1858 490 po-

219 510 308 566 titi,
344 511 449 556 sine
483 511 656 556 labore
690 512 1056 568 amplectuntur
1090 511 1330 567 laborem;
1367 509 1437 555 sic
1472 510 1614 555 labor
1653 521 1851 566 optatus

216 586 461 632 fratribus
486 596 617 632 esset
642 587 794 644 quies.

278 663 320 708 3.
389 663 493 708 Nec
517 663 711 708 interim
736 662 825 709 sibi
850 663 1024 709 desunt
1048 664 1093 708 in
1124 662 1428 719 expoliendis
1463 663 1698 718 moribus,
1736 679 1851 708 nam

219 755 311 796 pro
335 739 464 785 virili
490 740 756 785 virtutibus
780 740 1068 786 incumbunt
1092 755 1153 784 ex
1188 739 1352 784 animo
1377 754 1465 784 sue
1500 739 1639 784 carni
1674 740 1851 784 aduer-

220 825 407 872 santes;
450 815 518 860 ita
563 824 616 860 vt
660 815 797 860 multi
843 817 976 861 ciues
1015 816 1254 861 mirentur
1298 815 1492 860 illorum
1538 815 1849 861 modestiam.

218 891 397 937 Adhuc
422 891 690 936 nouissime
715 892 908 948 quidam
934 892 1062 938 haud
1089 891 1317 947 vulgaris
1340 891 1634 937 conditionis
1653 892 1734 937 diu
1753 901 1848 937 ste-

217 969 274 1015 tit
297 984 388 1025 pro
413 968 604 1014 foribus
627 968 768 1014 huius
794 969 968 1028 domus
992 984 1102 1014 cum
1128 968 1421 1025 quibusdam
1445 968 1554 1013 aliis
1573 970 1849 1014 obseruans

217 1046 417 1091 domum
442 1045 795 1102 ingredientes:
823 1046 902 1103 ah,
929 1046 1098 1103 inquit,
1126 1044 1460 1090 lubentissime
1484 1045 1697 1102 suspicio
1717 1045 1850 1090 illam

216 1122 520 1168 iuuentutem
545 1122 670 1167 adeo
696 1122 988 1178 modestam,
1023 1133 1074 1167 vt
1098 1122 1213 1167 nihil
1238 1137 1349 1167 cum
1384 1122 1566 1167 mundo
1591 1137 1850 1168 commune

217 1198 451 1244 videatur
475 1198 678 1244 habere.

276 1277 319 1321 4.
386 1275 465 1320 Ad
496 1275 687 1331 reliqua
722 1275 819 1321 iam
853 1276 1109 1332 accingor.
1147 1275 1429 1320 Paternitas
1463 1286 1549 1320 tua
1582 1276 1673 1320 scit
1706 1275 1846 1320 nobis

219 1368 329 1398 esse
354 1353 764 1398 consuetudinem
788 1353 960 1398 audire
984 1352 1324 1398 confessiones
1349 1352 1512 1398 multis
1536 1352 1581 1397 in
1602 1352 1738 1410 locis,
1760 1353 1847 1398 sed

218 1429 333 1487 quia
356 1430 490 1474 solus
514 1445 620 1475 sum
646 1429 882 1475 sacerdos
914 1428 1250 1486 (preterquam
1286 1429 1415 1485 quod
1449 1428 1714 1486 aliquando
1749 1429 1848 1485 qui-

218 1506 331 1551 dam
372 1506 480 1562 pius
512 1506 750 1551 sacerdos
774 1505 1161 1552 studiosissimus
1185 1505 1339 1550 nostri
1363 1506 1599 1551 auxilium
1624 1515 1849 1562 praestat

217 1583 349 1640 apud
374 1581 612 1628 Sanctum
638 1582 945 1629 Germanum
970 1598 1032 1628 ex
1056 1583 1378 1628 concessione
1403 1583 1462 1628 R.
1491 1582 1541 1628 P.
1567 1583 1628 1628 D.
1667 1582 1846 1628 Pasca-

218 1658 275 1704 sii
303 1659 350 1715 ¹),
378 1659 676 1705 satisfacere
701 1659 928 1705 omnibus
953 1675 1047 1704 non
1072 1659 1235 1704 valeo,

274 1735 318 1781 5.
389 1736 432 1780 A
457 1736 628 1793 paucis
652 1736 822 1782 diebus
846 1736 995 1781 multe
1029 1735 1336 1791 meretriceS,
1375 1735 1538 1781 diuina
1573 1736 1846 1793 opitulante

216 1812 495 1869 clementia,
543 1813 697 1858 vitam
742 1821 1013 1869 mutarunt,
1061 1812 1198 1857 cuius
1236 1812 1571 1857 testimonium
1615 1813 1847 1858 ferebant

218 1888 467 1934 vberrime
489 1889 762 1946 lachryme;
790 1898 839 1935 et
857 1889 1099 1946 deplorati
1125 1904 1185 1934 ac
1210 1888 1536 1945 flagitiossimi
1560 1889 1697 1934 multi
1722 1889 1843 1935 reci-

214 1965 354 2022 piunt
376 1981 429 2011 se
453 1966 516 2011 ad
540 1966 755 2023 frugem.
783 1966 847 2011 Et
870 1965 1135 2011 nouissime
1159 1966 1307 2013 homo
1333 1966 1531 2022 quidam
1550 1966 1679 2012 inter
1697 1966 1845 2012 confi-

214 2043 417 2089 tendum
442 2043 635 2089 dicebat
669 2059 721 2089 se
756 2043 926 2089 videre
961 2043 1211 2099 ingentem
1245 2043 1443 2088 turbam
1477 2043 1754 2099 demonum,
1797 2053 1845 2089 et

214 2120 299 2165 vix
318 2136 462 2177 posse
482 2136 534 2166 se
554 2121 808 2166 continere
828 2121 939 2177 quin
961 2121 1063 2165 alta
1083 2135 1209 2165 voce
1229 2120 1488 2177 clamaret,
1512 2121 1734 2177 quamuis
1753 2121 1845 2166 cir-

216 2206 473 2243 cunstaret
497 2197 861 2254 copiosissimus
886 2206 1058 2243 coetus
1081 2196 1263 2253 populi3
1291 2205 1339 2242 et
1362 2197 1620 2253 tantisper,
1642 2197 1756 2243 dum
1775 2197 1845 2243 sic

215 2275 521 2332 agitabatur,
545 2274 824 2320 conabatur
855 2290 907 2320 se
940 2273 1178 2331 paulatim
1214 2288 1243 2318 a
1278 2289 1355 2319 me
1389 2275 1703 2330 submoue1·e;
1740 2283 1844 2320 tan-

217 2352 327 2397 dem
352 2351 458 2408 pius
482 2361 529 2396 et
553 2351 836 2396 misericors
861 2351 1105 2396 Dominus
1129 2349 1362 2395 misertus
1386 2360 1461 2396 est
1484 2351 1612 2396 illius
1647 2360 1694 2397 et
1728 2351 1840 2407 mei,

215 2439 263 2474 et
296 2438 399 2473 tum
434 2427 626 2485 quietus
660 2427 910 2473 remansit.
954 2427 1150 2473 Obnixe
1183 2442 1274 2472 oro
1307 2426 1666 2473 Paternitatem
1706 2437 1843 2473 tuam

214 2505 430 2562 precari,
457 2515 700 2562 quatenus
729 2504 960 2562 dignetur
994 2504 1237 2550 Dominus
1271 2519 1576 2551 conseruare
1610 2505 1675 2550 illi
1710 2521 1839 2550 men-

213 2592 313 2629 tem
336 2583 536 2628 bonam.

272 2658 314 2704 6.
382 2658 472 2704 His
505 2658 639 2703 feriis
673 2658 1028 2704 Penthecostes
1063 2659 1151 2704 fuit
1176 2660 1337 2706 maior
1372 2658 1704 2705 confitentium
1729 2673 1841 2703 con-

215 2750 390 2780 cursus
414 2750 561 2791 quam
585 2744 733 2780 antea
752 2734 882 2790 apud
902 2732 1140 2781 Sanctum
1160 2735 1412 2793 Cosmam3
1436 2735 1702 2792 praecipue
1721 2734 1840 2779 mul-

215 2819 264 2856 te
288 2811 493 2868 egregie
517 2811 726 2868 domine,
752 2826 936 2857 vxores
960 2811 1153 2857 illorum
1178 2813 1257 2869 qui
1281 2813 1327 2857 in
1352 2821 1495 2869 parte
1520 2811 1856 2856 moderantur

216 2888 589 2945 rempublicam,
618 2887 887 2944 affuerunt,
915 2903 1008 2944 que
1032 2897 1147 2934 ante
1173 2889 1470 2935 videbantur
1502 2903 1591 2933 nos
1625 2896 1838 2933 contem·
1904 2934 1908 2941 ,

261 3072 271 3090 ¹
322 3070 366 3107 P.
388 3070 631 3107 Paschasius
650 3069 774 3107 Broet
796 3071 863 3117 qui
885 3071 1005 3118 paulo
1024 3076 1118 3107 ante
1137 3071 1311 3107 Romam
1336 3071 1386 3107 ad
1410 3071 1649 3118 generalem
1669 3082 1856 3108 conven*

214 3135 299 3168 tum
319 3129 468 3167 ordinis
486 3129 690 3176 profectus
709 3129 856 3167 fuerat.
