2054 3530
353 300 391 326 vl
822 289 1037 325 er'rfflmss
1065 288 1418 332 QUADRmisssTREs

301 384 479 442 Ignatii
505 386 697 430 nomine
722 386 958 437 scribens,
987 384 1193 440 primum
1226 399 1286 428 ex
1318 384 1593 429 litterarum
1627 385 1924 429 commercio

299 462 663 508 adolescentem
699 462 914 507 fructum
944 461 1078 517 ponit
1105 461 1178 515 «la
1202 460 1350 505 unio'n
1375 460 1433 505 de
1459 461 1505 506 la
1530 460 1808 518 Compasiia
1833 478 1924 518 que

299 540 428 584 anda
471 543 628 596 segun
673 555 728 584 su
773 538 1023 595 profesion
1070 537 1297 594 sparzida
1344 552 1402 581 en
1442 538 1613 583 varias
1651 547 1847 594 partes»
1892 540 1919 583 ¹.

298 614 347 660 S.
378 615 679 661 Franciscus
704 614 956 660 Xaverius
980 623 1027 659 et
1050 613 1106 658 B.
1130 613 1308 659 Petrus
1338 613 1521 670 Faber,
1559 615 1697 670 primi
1731 615 1924 670 Ignatio

297 692 342 737 in
382 691 631 738 Societate
665 692 921 738 condenda
959 690 1229 749 adjutores,
1268 700 1316 737 et
1350 691 1411 736 ad
1446 691 1608 736 socios
1644 691 1922 737 fidelissime

297 769 581 815 scribebant
604 779 652 815 et
676 770 739 814 ab
765 769 855 813 illis
889 768 1080 813 litteras
1115 768 1436 813 vehementer
1471 769 1710 824 optabant
1743 769 1774 813 ⁶2.
1813 768 1924 813 Lai-

295 846 402 891 nius
437 863 546 892 cum
570 845 671 903 jam
696 847 740 891 in
768 844 1018 890 Societate
1044 845 1265 901 regenda
1288 844 1483 901 Ignatio
1508 844 1747 889 suffectus
1771 855 1920 902 essct,

297 924 539 969 lusitanae
565 924 852 983 provinciae
879 922 1198 979 moderatori,
1225 922 1349 967 haec
1372 922 1498 967 inter
1528 922 1624 967 alia
1656 923 1920 968 scrIbebat:

298 999 369 1044 «Y
401 1003 476 1045 asi
509 1000 703 1058 [litteris
743 998 1190 1056 quadrimestribus
1228 998 1516 1055 scribendis]
1560 1013 1611 1043 se
1652 998 1778 1043 dara
1817 1010 1923 1044 esta

296 1077 613 1122 consolacion
638 1093 667 1122 a
692 1077 914 1132 aquellos
939 1084 1167 1120 nuestros
1193 1075 1459 1120 hermanos
1483 1075 1541 1120 de
1566 1076 1612 1120 la
1636 1075 1773 1120 India
1796 1093 1825 1132 y
1847 1076 1920 1120 del

295 1153 474 1210 Brasil,
501 1169 593 1210 que
618 1169 671 1198 es
696 1156 848 1197 razon
873 1152 1072 1197 darsela
1096 1167 1220 1208 para
1244 1151 1396 1207 algun
1430 1151 1579 1196 alivio
1615 1153 1672 1196 de
1712 1152 1785 1197 los
1821 1168 1919 1197 mu-

296 1230 413 1275 chos
447 1229 674 1287 trabajos
708 1246 799 1287 que
836 1230 1080 1285 padecen»
1118 1229 1149 1274 3.
1186 1228 1246 1274 Et
1277 1227 1478 1285 Gaspar
1501 1229 1561 1274 de
1585 1228 1810 1286 Salmar,
1840 1246 1920 1275 no—

296 1308 422 1353 mine
462 1307 672 1353 rectoris
711 1306 1078 1364 complutensis,
1120 1306 1295 1351 Lainio
1333 1306 1402 1351 ita
1441 1306 1624 1352 scribit:
1668 1305 1919 1352 «Grande-

294 1393 458 1430 mente
480 1401 533 1430 se
557 1386 823 1431 consuelan
850 1385 922 1430 los
943 1399 1035 1440 que
1059 1386 1175 1440 aqui
1198 1387 1337 1430 estan
1360 1401 1391 1441 y
1416 1384 1489 1429 los
1509 1384 1567 1429 de
1588 1383 1730 1430 fuera
1749 1400 1800 1429 se
1821 1385 1917 1430 edi-

296 1460 421 1506 fican
445 1478 475 1517 y
500 1477 709 1506 mueven
734 1477 825 1506 con
851 1461 924 1506 las
950 1476 1095 1506 cosas
1119 1476 1210 1517 que
1234 1476 1287 1506 se
1312 1460 1504 1506 scriben
1528 1477 1558 1517 y
1582 1476 1675 1518 que
1700 1477 1789 1517 por
1820 1463 1917 1507 alla

292 1538 418 1583 obra
440 1538 561 1583 Nro.
589 1537 700 1584 Sor.
724 1554 814 1595 por
838 1537 997 1583 medio
1022 1537 1081 1582 de
1107 1537 1178 1583 los
1202 1538 1260 1583 de
1284 1538 1331 1583 la
1351 1536 1643 1593 Compania.
1672 1538 1732 1583 El
1757 1538 1920 1584 Padre

294 1622 460 1660 rector
483 1615 670 1671 suplica
695 1631 724 1659 a
748 1615 814 1660 V.
842 1614 932 1659 RF
957 1630 1047 1670 por
1071 1630 1212 1660 amor
1237 1614 1313 1659 del
1337 1612 1496 1659 Sefior
1531 1614 1708 1659 mande
1739 1631 1832 1672 que
1867 1631 1919 1661 se

292 1691 484 1736 embien
517 1692 726 1748 algunas
760 1691 1150 1748 quadrimestres
1184 1691 1243 1737 de
1272 1692 1345 1737 las
1376 1707 1469 1748 que
1493 1706 1584 1747 por
1609 1707 1722 1737 esas
1746 1702 1917 1749 partes

295 1768 491 1814 scriben
517 1784 545 1813 a
570 1768 635 1814 V.
666 1769 778 1814 R.³¹'»
806 1770 838 1813 ⁴¹.

381 1844 507 1891 Cum
529 1845 769 1903 ejusmodi
794 1846 1117 1903 epistolarum
1142 1845 1580 1902 quadrimestrium
1611 1847 1672 1892 sit
1708 1847 1919 1892 materia

292 1933 339 1968 et
372 1922 494 1981 finis,
532 1924 674 1979 plena
708 1940 769 1969 ex
809 1924 900 1969 illis
939 1939 1106 1969 rerum
1144 1932 1427 1969 nostrarum
1470 1924 1678 1969 historia
1714 1940 1807 1969 non
1847 1934 1921 1970 est

291 2000 602 2056 postulanda.
630 2000 874 2046 Polancus
898 2001 1042 2057 enim,
1070 2001 1249 2058 Ignatii
1269 2001 1479 2057 nomine,
1503 2003 1762 2059 complura
1781 2011 1920 2048 notat

292 2092 419 2134 quae
445 2077 489 2122 in
514 2077 689 2123 litteris
713 2078 804 2123 illis
828 2093 923 2123 non
948 2087 1060 2123 sunt
1084 2078 1363 2135 scribenda,
1390 2078 1437 2123 in
1462 2079 1635 2135 quibus
1662 2095 1757 2125 non
1789 2080 1920 2125 mala

293 2154 449 2199 solum
485 2163 571 2200 aut
605 2155 762 2200 minus
797 2155 926 2201 bona
960 2164 1045 2201 aut
1079 2155 1276 2201 occulta
1309 2155 1529 2211 consilia,
1565 2156 1652 2201 sed
1685 2157 1919 2203 nonnulla

290 2231 437 2277 etiam
460 2231 558 2277 alia
582 2242 922 2289 numerantur,
950 2248 1075 2290 quae
1100 2233 1233 2278 nulla
1258 2248 1321 2277 ex
1346 2243 1486 2289 parte
1521 2233 1615 2278 sint
1654 2234 1917 2291 reprehen-

290 2307 465 2353 denda:
496 2308 595 2353 «Lo
620 2324 712 2365 que
735 2309 798 2354 ha
822 2309 881 2355 de
908 2309 1048 2355 venir
1072 2325 1132 2355 en
1156 2308 1379 2367 hijuelas‚
1407 2309 1452 2354 id
1478 2319 1568 2367 est,
1596 2311 1641 2356 lo
1662 2326 1755 2367 que
1780 2327 1841 2356 no
1867 2327 1919 2356 es

291 2399 415 2440 para
450 2394 683 2451 mostrar‚
719 2401 882 2442 agora
915 2402 1002 2432 sea
1038 2385 1319 2432 edificativo
1354 2402 1516 2443 agora
1549 2403 1629 2445 no,
1663 2403 1803 2432 como
1829 2403 1917 2433 son

290 2461 364 2505 los
388 2460 611 2506 defectos
640 2463 840 2519 propios
872 2481 902 2520 y
940 2463 997 2509 de
1032 2474 1186 2521 otros,
1222 2480 1255 2520 y
1288 2464 1499 2520 algunas
1533 2479 1678 2510 cosas
1712 2465 1914 2521 loablcs‚

289 2552 409 2594 pero
434 2553 496 2583 no
522 2554 644 2594 para
668 2540 838 2585 todos»
866 2541 896 2584 5.

381 2614 572 2661 Verum
597 2617 687 2662 etsi
711 2617 757 2662 in
783 2619 1225 2674 quadrimestribus
1248 2618 1425 2665 litteris
1451 2619 1604 2673 multa
1628 2619 1916 2664 omitteban-

289 2700 384 2749 tur,
411 2691 523 2738 falsi
553 2702 718 2740 tamen
753 2695 1016 2753 quidquam
1051 2696 1281 2753 proferre
1314 2697 1457 2742 nefas
1490 2705 1614 2742 erat.
1651 2695 1823 2753 Itaque
1858 2696 1916 2742 de

402 2857 596 2894 Mommz.
620 2859 777 2904 sgnum,
799 2873 878 2898 ser.
903 2861 971 2903 La,
992 2861 1022 2904 Ι,
1043 2861 1125 2898 537.

400 2917 594 2954 Monam.
617 2918 790 2965 Xaver„
810 2919 842 2963 Ι,
863 2920 945 2966 237,
965 2921 1048 2966 250,
1070 2926 1162 2964 etc.;
1184 2921 1320 2958 Fabri
1337 2920 1545 2965 Monam„
1567 2920 1624 2957 21.

401 2976 447 3013 In
465 2976 600 3013 codice
621 2977 764 3015 Instit.
787 2979 885 3023 206,
908 2979 974 3017 fol.
995 2980 1081 3017 83v.

398 3034 444 3071 In
463 3035 609 3072 litteris
628 3036 691 3073 die
711 3037 756 3073 30
776 3037 961 3076 Octobris
982 3039 1073 3076 1558
1090 3039 1207 3082 datis;
1229 3052 1299 3076 eas
1320 3039 1408 3076 vide
1428 3039 1533 3076 infra
1551 3051 1622 3075 suo
1642 3040 1740 3076 loco.

400 3093 595 3132 Monam.
619 3094 778 3142 Jgnat.,
800 3109 878 3134 ser.
903 3098 971 3142 La,
992 3098 1022 3143 Ι,
1043 3098 1124 3136 547.

336 2859 351 3113 Ψιῆωῆμ
