1909 3328
253 266 321 302 4ss)
720 265 936 304 LITTERAE
964 266 1313 311 QUADRJMESTRES

209 378 396 418 pacem:
426 372 667 407 tentatum
702 363 744 408 id
782 374 869 414 est,
898 375 943 408 et
976 364 1056 408 illa
1091 379 1217 419 quae
1253 364 1527 420 praecipua·
1557 364 1834 409 discordiae

208 440 422 483 (littln‘ix
459 445 474 464 ³
513 439 828 495 credebatur,
872 440 1117 485 humiliter
1156 456 1207 485 se
1252 440 1577 485 confessionis
1618 441 1835 486 remedio

208 516 430 570 subiecit,
459 528 504 560 et
529 516 596 560 sic
622 516 740 561 inita
765 533 859 573 pax
888 527 961 561 est
986 526 1033 561 et
1057 525 1229 561 secuta
1253 517 1539 562 concordia.
1574 517 1681 562 Hoc
1715 517 1834 562 nati—

209 594 375 638 uitatis
401 592 584 638 Christi
612 594 739 638 festo
776 595 909 639 multi
947 594 1279 639 eucharistiae
1314 604 1361 639 et
1396 595 1726 651 poenitentiae
1762 611 1835 640 sa-

209 680 516 715 cramentum
539 670 936 726 frequentarunt,
956 680 1002 715 ct
1024 680 1225 727 propter
1244 672 1559 716 sacerdotum
1582 672 1835 728 penuriam
1877 728 1881 733 ἱ

211 748 377 792 uariis
400 748 491 792 lloc*
515 751 744 803 tempore
778 748 1007 803 negociis
1041 752 1409 804 occupatorum]
1442 748 1666 794 omnibus
1700 750 1835 793 satis-

212 825 319 869 lieri
346 840 437 869 non
466 825 638 880 potuit.

269 902 310 947 2.
379 901 520 957 Quod
547 902 609 946 ad
635 903 898 949 conciones
923 902 1115 959 attinet,
1143 903 1261 949 fiunt
1287 904 1378 949 hae
1411 919 1548 948 more
1583 913 1836 960 consuetO,

210 988 257 1024 et
291 995 403 1035 non,
441 981 577 1036 qnod
599 981 615 1007 b
639 996 801 1036 spero,
830 981 933 1026 sine
959 981 1143 1038 fructu,
1172 982 1363 1027 etiamsi
1406 997 1500 1026 non
1541 997 1712 1026 omnes
1751 997 1840 1025 nos

210 1056 480 1102 christiano
515 1058 912 1114 complectantur
946 1058 1149 1103 aflectu.
1180 1058 1288 1103 Hoc
1324 1058 1518 1115 plurimi
1556 1058 1720 1124 dicere
1745 1074 1839 1102 non

212 1143 464 1188 ueremur,
493 1149 582 1179 nos
607 1135 799 1191 quidem
837 1136 960 1180 bene
995 1145 1042 1180 et
1078 1135 1249 1180 viuere
1274 1146 1320 1181 et
1344 1135 1653 1192 juventutem
1678 1136 1837 1191 probe

213 1211 485 1267 instituere,
523 1212 607 1256 sed
648 1213 912 1258 ueritatem
953 1229 1012 1258 ex
1049 1213 1276 1270 professo
1317 1229 1411 1258 non
1447 1213 1609 1258 fateri.
1649 1213 1770 1258 Hinc
1795 1213 1839 1258 in

212 1288 417 1334 Boe-mia
452 1298 498 1334 et
533 1305 619 1345 per
653 1299 806 1334 totam
840 1290 995 1335 ferme
1021 1289 1343 1335 Germaniam
1380 1290 1656 1336 aduersarii
1682 1290 1840 1335 nullos

213 1366 361 1422 (quod
392 1381 632 1422 persaepe
667 1367 911 1421 audimus)
947 1377 1148 1423 praeter
1182 1367 1450 1413 Societatis
1482 1367 1594 1412 Iesv
1619 1367 1839 1412 homines

213 1444 399 1489 timent.
428 1443 538 1489 Hoc
562 1454 728 1490 autem
754 1447 957 1491 multum
981 1450 1139 1491 lotam
1166 1444 1470 1491 Societatem
1502 1452 1517 1472 0
1542 1444 1841 1490 confirmare

213 1532 259 1566 et
284 1521 508 1566 animare
542 1531 718 1585 potest,
748 1532 797 1568 ut
833 1523 877 1567 in
914 1539 1147 1579 magnam
1183 1539 1319 1580 spem
1356 1523 1612 1568 ueniamus
1637 1522 1761 1579 fore,
1785 1531 1839 1573 >ut

214 1598 478 1654 aliquando
513 1614 600 1654 per
634 1598 942 1645 Socz'etatenz
966 1599 983 1626 ‘¹
1010 1600 1244 1645 uberrimi
1277 1600 1467 1645 fructus
1494 1608 1759 1645 metantur.
1788 1598 1838 1644 In

215 1676 307 1720 hac
341 1675 542 1721 ciuitate
576 1677 926 1721 ecclessiarum
961 1693 1197 1734 proceres
1224 1678 1293 1735 ad
1329 1693 1416 1722 nos
1453 1677 1667 1722 maxime
1712 1676 1838 1721 refu-

215 1753 370 1809 giunt,
413 1753 452 1797 si
497 1754 691 1809 quando
731 1770 854 1811 opus
898 1764 972 1799 est
1017 1754 1468 1809 concionatoi·ibus;
1511 1753 1842 1798 destituuntur

218 1830 363 1886 enim,
392 1839 442 1874 ut
466 1830 744 1886 plurimum,
773 1831 878 1876 fidis
903 1832 1329 1888 dispensatoribus
1355 1831 1707 1888 mysteriorum
1734 1821 1858 1887 Deis

218 1907 296 1962 qui
322 1908 501 1963 populo
526 1908 804 1953 catholicae
829 1908 937 1954 fidei
958 1913 1004 1953 et
1023 1910 1233 1954 (mimae
1253 1910 1485 1966 pabulum
1506 1908 1712 1954 fideliter
1737 1923 1844 1964 pro-

219 1994 420 2040 ponant.
450 1985 510 2030 Et
534 1985 761 2041 quamuis
785 2001 934 2042 saepe
960 1987 1002 2031 in
1030 1987 1235 2042 publicis
1270 1986 1588 2032 concionibus
1614 1986 1845 2030 aduersa-

217 2061 404 2106 riorum
430 2077 523 2106 non
550 2063 761 2108 obscure
797 2072 1041 2119 notemur,
1071 2073 1120 2109 ut
1146 2064 1356 2121 populus
1391 2064 1486 2108 odii
1522 2063 1704 2120 aliquid
1737 2078 1845 2108 con-

217 2144 293 2184 tra
318 2154 406 2183 nos
429 2139 690 2195 concipiat;
720 2140 866 2185 nihilo
892 2141 1049 2185 minus
1073 2152 1236 2186 tamen
1262 2142 1517 2198 pergimus
1541 2141 1685 2186 solito
1710 2154 1846 2184 more

220 2216 367 2261 diuini
408 2216 546 2262 uerbi
586 2233 752 2262 semen
795 2234 1054 2275 spargere.
1094 2219 1338 2264 Proximis
1379 2219 1451 2263 his
1490 2218 1679 2274 diebus,
1716 2217 1848 2262 finita

221 2293 477 2346 concione,
515 2294 559 2339 in
600 2295 725 2340 aede
765 2295 814 2340 S.
854 2295 1109 2351 Stephani,
1147 2297 1355 2341 hone-sta
1396 2295 1640 2352 quaedam
1677 2294 1848 2340 mulier

221 2370 340 2416 flens
375 2371 698 2417 confessionis
732 2372 1005 2417 antidotum
1041 2373 1193 2429 petiit,
1233 2389 1422 2429 suaque
1458 2381 1666 2434 peccata
1702 2371 1848 2417 etiam

221 2447 265 2492 in
292 2449 400 2494 loco
425 2449 668 2494 ecclesiae
693 2450 888 2506 publico
923 2466 1109 2506 magna
1145 2466 1255 2495 cum
1289 2450 1565 2496 humilitate
1604 2459 1651 2495 et
1689 2448 1849 2494 cordis

221 2525 517 2571 contritione
541 2536 615 2571 est
640 2527 886 2584 confessa,
914 2543 1002 2573 nec
1038 2528 1141 2572 sine
1176 2528 1417 2585 singulari
1455 2527 1602 2572 animi
1627 2526 1847 2572 consola-

222 2603 353 2648 tione
387 2603 628 2649 discessit.
656 2603 869 2660 Quidam
905 2605 1115 2661 ingenue
1149 2621 1201 2650 se
1236 2605 1450 2661 quodam
1485 2619 1668 2661 magno
1704 2602 1861 2649 dubio'

223 2678 332 2725 fidei
368 2680 629 2727 liberatum
665 2698 774 2727 esse
809 2682 945 2738 dixit,
976 2691 1233 2739 postquam
1271 2683 1532 2739 aliquoties
1568 2675 1871 2727 nostrorum¹

225 2757 410 2804 audiuit
434 2759 713 2805 conciones.
1605 2805 1609 2809 ,

282 2836 324 2879 3.
391 2835 467 2881 De
492 2838 626 2894 regis
650 2837 991 2883 Romanorum
1028 2839 1039 2861 ¹
1066 2853 1190 2894 erga
1221 2837 1523 2883 Societatem
1556 2846 1776 2882 nostram
1803 2834 1848 2879 li-

272 2995 288 3016 a
338 2985 472 3010 causa.
535 2971 595 2997 —b
628 2976 681 3007 vt.
735 2977 797 2997 ——C
842 2974 1032 3005 nostram.
1070 2968 1152 2994 ⁶—d
1186 2980 1289 3004 eam.

278 3099 286 3115 ¹
340 3093 621 3131 Ferdinandus
641 3091 670 3128 I.
