1971 3369
182 1142 185 1145 .
250 1113 585 1157 contumaces,
614 1102 857 1158 nullisque
882 1103 1310 1149 exhortationibus
1335 1119 1493 1160 neque
1528 1103 1802 1149 rationibus
1828 1113 1881 1150 ut

302 315 373 351 240
765 315 984 351 LITTERAE
1011 314 1370 360 QUADRIMESTRES

256 410 402 456 saluti
422 421 469 455 et
494 411 619 467 paci,
648 420 695 456 et
722 411 1021 467 reliquorum
1042 412 1270 467 (quorum
1289 426 1522 456 numerus
1542 410 1779 456 latissime
1799 427 1881 467 pa-

255 488 343 543 tet)
369 488 533 532 diuina
558 488 741 544 pietate
767 497 813 533 et
838 488 1090 544 diligentia
1116 504 1144 533 a
1164 487 1303 533 nobis
1328 496 1402 533 est
1426 488 1719 532 consultum.
1754 487 1880 533 Nam

255 564 496 610 Dominus
519 564 656 610 Iesus
682 574 873 610 tantum
899 565 1109 610 numinis
1133 574 1181 609 et
1204 564 1405 620 spiritus
1424 563 1621 608 ardoris
1639 564 1685 609 in
1705 564 1880 610 horum

254 651 576 698 peccatorum
603 651 810 697 pectora
834 641 1058 698 contulit,
1086 650 1136 685 ut
1161 641 1249 697 ipsi
1273 649 1544 698 stuperent,
1572 650 1620 686 et
1650 641 1761 697 quid
1789 641 1882 686 hoc

253 718 345 763 sibi
369 719 532 775 uellet,
560 718 870 774 ignorarent.
1635 776 1637 779 Ι

310 796 353 839 5.
422 794 625 850 Nequeo
651 794 843 839 silentio
867 795 1112 850 preterire
1136 795 1353 839 diuinam
1379 794 1692 839 clementiam
1711 810 1771 839 ac
1789 794 1879 839 sin-

252 872 429 928 gulare
454 871 787 916 adiumentum
814 872 943 928 quod
977 872 1220 916 maximus
1255 871 1391 916 Iesus
1426 871 1578 916 affert
1612 872 1879 917 sacerdoti-

253 949 342 994 bus
366 949 411 993 in
438 949 530 993 hoc
554 963 700 992 sacro
720 947 1086 994 confessionum
1121 964 1340 994 munere.
1378 948 1505 994 Nam
1540 964 1650 994 cum
1684 949 1881 1006 quidam

251 1025 442 1070 illorum
477 1016 712 1080 acceptos
752 1025 813 1069 ad
849 1024 1209 1071 confessionem
1245 1035 1537 1082 peccatores
1570 1025 1880 1071 intuerentur

1952 529 1958 538 »
1937 379 1965 516 τΫέ-’ῗῄ
1945 338 1966 372 ⁴.
1940 212 1965 334 {acm
1932 0 1971 208 acca->sm

1925 802 1969 1219 ἐξζᾈρ-όςῆπέ-Ἆγπυρἓη
1935 698 1963 796 ÷.-¹131⁴'1:
1933 555 1962 691 fro-*3:24

250 1179 601 1235 resipiscerent
621 1193 940 1224 commouere
959 1191 1175 1236 possent3
1198 1180 1494 1236 simulatque
1514 1180 1575 1225 ad
1596 1189 1793 1236 portum
1814 1180 1879 1225 di-

251 1256 394 1301 uinae
429 1257 625 1312 pietatis
660 1256 1013 1314 confugerunt,
1050 1258 1112 1303 ad
1153 1257 1314 1302 Deum
1350 1267 1538 1303 mentes
1578 1259 1898 1315 attollentes„

248 1333 415 1378 statim
440 1333 659 1379 homines
684 1333 750 1378 illi
774 1333 866 1378 feri
886 1342 935 1378 et
958 1333 1199 1379 immanes
1224 1334 1568 1380 transformati
1592 1344 1720 1392 sunt,
1741 1344 1794 1380 ut
1812 1336 1877 1381 la·

249 1410 413 1455 crimis
437 1419 485 1455 et
510 1411 681 1456 dolore
704 1426 803 1455 non
828 1411 1042 1456 obscure
1066 1411 1128 1456 ad
1154 1412 1420 1466 puritatem
1454 1412 1660 1457 honeste
1694 1412 1793 1457 uite
1826 1428 1880 1458 se

248 1487 515 1532 transferri
540 1487 870 1532 declararent
888 1493 920 1533 ἃ.

306 1564 347 1610 6.
417 1564 495 1608 Ad
520 1564 610 1609 hec
633 1564 852 1609 nonnulli
876 1580 938 1610 ex
963 1565 1145 1610 nostris
1176 1565 1452 1610 inciderunt
1485 1565 1532 1609 in
1566 1565 1758 1621 aliquos
1793 1566 1877 1610 ho—

248 1641 404 1685 mines
424 1640 767 1697 oppinionibus
786 1641 995 1687 infectos
1013 1651 1061 1687 et
1080 1641 1343 1698 disciplinis
1363 1641 1613 1700 im[bu]tos
1631 1641 1649 1668 b
1669 1642 1748 1698 qui
1767 1657 1878 1687 cum

251 1727 338 1762 aut
361 1733 457 1762 non
482 1718 705 1774 apprime
740 1719 933 1764 artibus
967 1728 1131 1764 essent
1163 1719 1408 1776 instructi,
1445 1728 1532 1764 aut
1564 1719 1609 1764 in
1645 1728 1878 1776 promptu

249 1804 550 1851 argumenta
574 1811 669 1840 non
694 1796 938 1841 haberent
962 1796 1139 1853 quibus
1162 1796 1411 1841 hominum
1444 1811 1646 1841 errores
1680 1796 1875 1841 demoli-
1922 1814 1954 1867 *j'*

247 1882 437 1928 rentur,
465 1887 575 1917 cum
601 1873 811 1929 primum
842 1873 905 1918 ad
928 1873 1195 1918 Dominum
1221 1873 1572 1930 confugerunt,
1610 1875 1673 1919 ab
1697 1873 1877 1930 illoque
1929 1887 1963 1934 J·

247 1963 391 2004 opem
410 1949 709 2004 petiuerunt,
730 1965 845 1994 mox
865 1959 1127 1996 senserunt
1145 1965 1197 1995 se
1219 1965 1248 1995 a
1266 1949 1376 1995 Deo
1405 1957 1420 1976 ⁰
1443 1950 1712 1995 instructos
1731 1958 1780 1996 et
1798 1965 1877 1996 ar·
1923 1948 1925 1950 ’

246 2026 497 2082 gumentis
521 2036 569 2071 et
587 2027 878 2072 testimoniis
903 2027 1094 2085 diuinis,
1116 2037 1169 2073 ut
1187 2037 1288 2072 tam
1308 2027 1398 2084 ipsi
1417 2027 1708 2073 sacerdotes
1727 2043 1876 2084 quam
1918 2015 1963 2066 ,ks-

244 2102 310 2147 illi
329 2102 419 2159 ipsi
444 2103 734 2159 quibuscum
759 2104 817 2149 de
842 2104 1026 2161 pietate
1061 2104 1378 2161 dimicabant,
1416 2104 1461 2149 in
1497 2098 1957 2150 admirationem

245 2190 681 2243 conuerterentur.
1918 2174 1935 2191 '³
1959 2238 1961 2245 γ

303 2255 343 2301 7.
413 2256 617 2302 Plurimi
643 2257 952 2315 dissidentes,
979 2274 1099 2314 pace
1119 2268 1167 2304 et
1186 2258 1459 2304 concordia
1477 2267 1590 2304 sunt
1608 2257 1872 2304 coniuncti.

243 2332 345 2379 Res
370 2333 537 2379 ablate
562 2344 610 2378 et
633 2335 802 2390 magni
825 2335 1020 2391 quidem
1039 2335 1182 2392 pretii
1200 2346 1313 2380 sunt
1331 2335 1539 2381 dominis
1557 2335 1799 2381 restitute.
1821 2334 1874 2380 In

243 2411 487 2457 nonnullis
527 2422 758 2467 preterea
796 2421 1081 2457 nostrorum
1119 2412 1440 2458 sacerdotum
1478 2412 1711 2469 impletur
1745 2411 1897 2468 quodi
1951 2418 1957 2466 j

243 2487 489 2532 Dominus
512 2486 643 2532 dicit:
671 2486 724 2532 In
748 2488 943 2533 nomine
969 2504 1079 2534 meo
1104 2488 1336 2534 demonia
1359 2488 1553 2534 eiicient
1577 2489 1606 2534 1.

304 2564 346 2609 8.
415 2562 540 2609 Sunt
562 2575 609 2609 et
633 2579 662 2609 a
688 2565 869 2610 nostris
892 2565 970 2595 —d
996 2566 1263 2623 religionis,
1301 2566 1347 2611 id
1380 2574 1454 2611 est
1478 2565 1782 2611 monasticae
1805 2565 1923 2625 ui--j

242 2650 323 2685 tae
349 2640 633 2685 desertores
656 2640 703 2685 in
727 2640 860 2685 uiam
884 2641 1055 2687 salutis
1085 2642 1290 2700 reducti;
1329 2652 1377 2688 et
1410 2642 1491 2688 alii
1525 2642 1606 2698 qui
1640 2642 1871 2687 decreue-

242 2725 357 2762 rant
379 2717 604 2762 instituta.
628 2717 878 2774 uitamque
902 2719 1228 2764 monasticam
1254 2719 1505 2776 deserere,
1539 2728 1651 2764 sunt
1685 2719 1748 2765 ab
1781 2730 1921 2767 sua

242 2793 495 2849 impietate
529 2793 743 2850 auocati,
780 2793 826 2838 in
861 2795 1202 2852 coenobiaque
1241 2811 1331 2840 sua
1370 2795 1638 2841 redierunt.
1676 2795 1882 2840 Verum
1904 2790 1951 2869 ³³3¹

1920 1763 1964 1781 ..ζ
1931 1744 1963 1759 7*
1918 1229 1958 1734 Qfflmstziefflffi*

288 2936 305 2955 ὃ
373 2929 475 2966 Alia
496 2940 635 2966 numu
651 2934 923 2976 peroptarent.
977 2929 1044 2957 -b
1076 2930 1281 2968 Abscissa
1297 2931 1462 2969 charta.
1502 2939 1564 2960 —c
1600 2931 1737 2969 Prius
1755 2931 1912 2979 adeo..)

241 2987 305 3014 —d
355 2987 623 3035 Consumpta
645 2989 812 3026 charta.
1901 3002 1904 3007 '

288 3112 298 3131 ¹
351 3112 492 3149 MARC.
515 3111 631 3158 XVI,
652 3112 723 3158 17.‚
