1909 3328
241 258 309 293 406
709 258 925 295 LITTERAE
952 259 1305 304 (Juvxmziixfflsriffls

197 362 414 397 remotas
438 368 467 396 a
492 364 662 397 nostro
687 353 808 398 orbe
832 368 950 398 oras
974 368 1259 409 queramus,
1283 362 1367 398 aut
1387 353 1511 397 alios
1536 353 1674 398 indos
1699 369 1819 409 quos

196 429 238 473 in
264 427 355 473 fide
386 428 566 473 docere
602 438 649 473 et
685 429 927 475 instruere
964 429 1223 485 possimus,
1251 445 1360 474 cum
1387 430 1431 474 in
1457 429 1696 486 Hispania
1731 445 1821 475 nec

195 506 239 551 id
265 506 457 562 quidem
483 506 526 550 in
556 516 705 563 gente
730 508 792 552 ab
818 507 1122 551 humanitate
1149 516 1195 552 et
1220 507 1470 552 comercio
1501 507 1820 563 amplissima-

195 599 302 628 rum
334 583 528 628 urbium
564 583 723 639 posita
748 583 874 641 [sic]
915 585 1080 640 plures
1116 585 1447 640 reperiantur,
1476 585 1553 640 qui
1591 585 1721 629 ultro
1757 584 1822 628 di-

196 670 310 706 cant
333 661 525 706 nescire
551 676 602 706 se
627 661 740 717 quid
766 661 826 707 sit
850 661 1087 715 TrinitaS,
1116 671 1201 706 aut
1226 678 1351 718 quae
1372 662 1631 707 Trinitatis
1656 677 1821 718 perso-

196 754 258 784 na
283 738 480 783 mortali
517 754 606 794 pro
641 738 781 783 nobis
815 754 967 783 carnc
1002 739 1285 784 circundari
1320 738 1526 796 dignata
1560 739 1636 796 sit;
1664 748 1712 784 et
1742 739 1822 783 alii

195 816 360 861 diuam
395 815 671 872 Uirginem,
709 816 790 861 alii
826 816 1024 861 Petrum
1062 826 1110 861 et
1146 817 1352 861 Paulum
1389 817 1681 862 Trinitatem
1716 832 1823 861 esse
1872 825 1877 827 ’

195 902 439 949 asserant3
467 903 515 938 et
539 892 635 938 alia
660 894 813 938 multa
839 910 964 949 quae
989 894 1229 950 consulto,
1258 909 1317 939 ne
1342 893 1623 949 epistolaris
1654 893 1825 938 uidear

196 971 455 1028 angustias
491 970 756 1016 uoluminis
791 971 1051 1022 excedere,
1080 979 1362 1026 praetereO.
1391 969 1516 1027 Spes
1540 980 1614 1015 est
1638 979 1821 1024 tamen,

196 1049 233 1093 si
259 1048 388 1094 uotis
413 1048 540 1093 Rmi.
571 1048 836 1094 cardinalis
857 1048 1034 1093 dextra
1059 1047 1396 1104 aspirauerint
1421 1047 1635 1101 numina,
1664 1063 1823 1092 resar-

196 1126 420 1171 ciendum
447 1125 664 1170 maximo
700 1141 809 1171 cum
848 1126 1003 1176 lucro,
1031 1125 1159 1182 quod
1195 1125 1435 1170 hactenus
1470 1136 1724 1181 pastorum
1760 1124 1824 1168 in-

197 1203 337 1249 curia
361 1215 607 1249 cessatum
644 1212 733 1248 est.
762 1202 1091 1259 Summopere
1116 1203 1241 1248 enim
1267 1202 1513 1259 efflagitat
1538 1203 1626 1247 sibi
1653 1217 1823 1247 conce-

197 1281 241 1326 di
267 1281 461 1335 Patres,
489 1296 612 1337 quos
636 1281 681 1325 in
707 1297 792 1326 eas
817 1290 985 1338 partes
1021 1281 1196 1326 mittat.
1227 1279 1382 1337 Cujus
1407 1290 1508 1325 tam
1544 1280 1632 1336 piis
1665 1289 1824 1336 postu-

197 1359 459 1404 lationibus
493 1359 607 1404 nihil
643 1358 903 1416 quicquam
939 1359 1111 1415 opinor
1146 1358 1380 1415 denegari
1419 1374 1577 1416 posse,
1615 1373 1824 1415 quarum

198 1453 365 1482 rerum
400 1447 629 1482 euentum
656 1437 701 1481 in
726 1437 935 1493 proximi
971 1436 1347 1493 quadrimestris
1382 1436 1574 1481 litteras
1601 1450 1821 1480 reseruo.

255 1515 298 1560 6.
365 1514 445 1560 Ad
471 1531 725 1571 praesens,
753 1515 917 1560 diuina
943 1514 987 1559 id
1013 1514 1318 1570 benignitate
1343 1514 1603 1571 largiente,
1627 1528 1826 1569 prospe-

200 1608 257 1637 ra
282 1607 452 1637 omnes
485 1592 644 1637 salute
680 1591 905 1649 fruimur,
945 1602 1112 1648 preter
1148 1592 1354 1637 fratrem
1392 1607 1557 1648 unum,
1595 1590 1671 1647 qui
1715 1589 1825 1634 leui-

199 1670 320 1715 culis
345 1670 541 1715 laborat
576 1669 813 1716 febribus.
843 1670 1099 1727 Contingit
1134 1680 1299 1715 tamen
1335 1669 1515 1726 elapsis
1550 1669 1720 1714 diebus
1755 1684 1825 1712 se-

199 1747 493 1805 ptemdecim
518 1747 659 1792 simul
684 1747 860 1792 Patres
880 1757 926 1793 et
945 1748 1129 1793 fratres
1154 1748 1389 1793 cathari-o
1415 1747 1628 1804 quodam
1650 1746 1825 1791 febrim

201 1825 476 1871 adducente
501 1825 753 1881 laborare3
781 1825 996 1870 omnium
1022 1834 1187 1870 autem
1212 1834 1313 1870 tam
1339 1825 1502 1870 subita
1526 1823 1615 1869 fuit
1640 1824 1825 1868 ualetu-

202 1903 280 1960 do,
308 1919 454 1959 quam
479 1903 582 1959 ipse
607 1904 809 1949 morbus
834 1903 1133 1959 repentinus.

290 1980 435 2038 Quod
475 1980 684 2037 amplius
725 1980 904 2026 addam
945 1981 1059 2025 nihil
1101 1981 1548 2038 inpraesentiarum
1590 1970 1825 2024 occurrit.

203 2058 256 2104 P.
293 2057 352 2103 T.
390 2057 505 2115 Opt.
549 2057 678 2103 Max.
718 2067 766 2103 et
801 2057 1085 2103 mitissimus
1121 2057 1258 2103 Iesus
1292 2057 1556 2103 uniuersae
1592 2054 1827 2101 Societati

150 2192 153 2201 ,
202 2147 368 2181 seruet
393 2136 646 2192 sospitem3
670 2150 728 2180 eo
753 2135 878 2181 enim
905 2135 1065 2192 magis
1089 2135 1301 2192 propitio
1330 2135 1437 2180 Deo
1462 2135 1528 2180 uti
1554 2149 1827 2191 speramus,

201 2212 240 2258 si
266 2212 446 2278 nost—ris
481 2212 729 2269 praeculis
759 2212 810 2257 P.
841 2222 924 2257 tua
960 2211 1182 2269 adjutrix
1215 2213 1501 2258 accesserit.
1531 2210 1686 2268 Cujus
1722 2226 1828 2256 ora-

202 2290 416 2336 tionibus
440 2305 529 2335 nec
560 2305 656 2335 non
691 2290 993 2346 reliquorum
1029 2290 1243 2335 omnium
1278 2290 1482 2335 Patrum
1519 2290 1830 2346 fratrumque

204 2367 345 2413 isthic
369 2367 669 2412 manentium
699 2365 862 2424 juuari
888 2366 1106 2425 obni[xe]
1132 2367 1359 2424 petimus,
1393 2377 1445 2412 ut
1486 2367 1596 2423 quid
1632 2382 1661 2411 a
1694 2365 1831 2411 nobis

205 2445 369 2490 diuina
404 2444 660 2501 Magestas
695 2443 933 2501 requirat,
971 2454 1018 2490 et
1054 2444 1335 2501 intelligere
1370 2454 1418 2490 et
1453 2444 1657 2500 implere
1682 2442 1829 2500 possi-

206 2514 325 2567 mus.
357 2521 523 2567 Datae
562 2521 744 2578 Burgis
778 2521 984 2577 septimo
1018 2521 1125 2566 idus
1162 2521 1380 2567 Ianuarii
1417 2537 1546 2566 anno
1578 2536 1607 2566 a
1633 2520 1830 2566 Christo

205 2610 323 2645 nato
351 2599 478 2645 1558.

295 2676 373 2722 Ex
397 2677 632 2723 mandato
657 2676 820 2722 Patris
845 2677 1056 2722 rectoris
1082 2679 1112 2731 ¹,
1136 2677 1190 2722 Ρ.
1212 2686 1328 2722 tuae
1353 2677 1581 2733 indignus
1607 2677 1651 2721 in
1677 2675 1828 2722 Chro.

207 2753 348 2813 filius,

1023 2836 1049 2885 ἢ
1079 2832 1340 2878 ANTONIUS
1374 2832 1583 2878 TURREs
1617 2841 1644 2890 †
1678 2833 1710 2877 ².

258 3016 266 3032 ¹
319 3013 480 3060 Gaspar
499 3014 546 3050 de
566 3013 775 3050 AcebedO.
800 3013 951 3050 Laz'nii
971 3013 1175 3058 Monam„
1198 3013 1267 3059 III,
1290 3012 1371 3050 237.

257 3075 269 3093 ²
320 3072 427 3110 Vide
447 3074 645 3121 superius,
667 3086 758 3120 pag
780 3073 838 3115 70,
860 3077 995 3110 annot.
1017 3071 1051 3110 2.

1902 171 1907 251 *a
1888 10 1908 130 ms*
