1900 3380
453 338 836 376 209.—>V1N0030NA
865 340 907 375 31
942 338 1148 376 OCTOBRIS
1179 338 1268 374 1558
1561 336 1632 373 859

48 444 216 501 fuisse,
252 457 397 488 nemo
434 458 531 487 non
568 441 890 498 intelligebat.
929 441 1201 487 Testantur
1235 440 1328 485 hoc
1362 439 1673 495 singulorum

49 520 233 578 scripta
267 529 378 577 post
411 519 695 566 triduanam
720 519 998 564 orationem
1032 518 1093 564 R.
1131 518 1182 563 P.
1222 517 1409 563 rectori
1435 516 1675 573 exhibita,

48 598 222 655 quibus
246 613 387 643 suam
411 596 615 654 quisque
650 612 712 642 ex
745 596 839 642 hoc
872 595 1125 642 electionis
1156 594 1323 641 factae
1357 594 1537 640 nuncio
1568 609 1676 651 per-

46 683 242 732 ceptam
266 673 314 719 in
338 674 552 720 Domino
577 673 968 719 consolationem
998 673 1297 730 explicabat.
1326 670 1605 717 Confirmat
1628 670 1674 716 id

47 752 205 808 ipsum
229 751 509 809 gratiarum
535 751 666 797 actio
691 750 934 803 continuis
958 760 1072 796 octo
1097 750 1269 795 diebus
1288 753 1408 806 post
1432 749 1675 794 decanta-

46 833 125 875 tos
146 828 354 885 vesperi
375 832 522 874 tonos
554 828 664 874 Deo
698 827 813 884 Opt.
842 827 977 873 Max.
1004 827 1274 884 persoluta,
1302 826 1559 872 recitando
1587 825 1677 871 Za-

47 905 249 952 chariae
288 904 537 951 canticum
571 905 870 951 Benedictus
909 904 1152 950 Dominus
1191 904 1329 949 Deus
1362 902 1521 948 Israel
1560 912 1674 960 etc.,

47 1000 146 1030 vna
185 998 296 1029 cum
340 983 529 1040 psalmo
573 983 655 1029 illo
700 981 1040 1029 ecclesiastico
1080 982 1153 1028 Te
1193 981 1354 1027 Deum
1395 981 1673 1038 laudamus,

49 1061 256 1118 aliisque
280 1059 605 1107 orationibus.

105 1139 148 1185 9.
214 1139 326 1196 Ipso
351 1147 517 1184 autem
544 1137 892 1194 assumptionis
916 1136 979 1182 D.
1002 1136 1246 1193 Virginis,
1270 1151 1468 1181 sacrum
1493 1134 1672 1180 facien-

48 1226 96 1263 te
118 1216 180 1262 R.
208 1216 262 1262 Ρ.
290 1215 539 1274 Victoria,
568 1224 688 1261 vota
712 1229 883 1260 omnes
917 1230 1013 1259 non
1048 1214 1151 1259 sine
1176 1213 1443 1270 lachrymis
1468 1228 1676 1258 renoua-

49 1295 224 1341 uimus
252 1300 284 1340 ³.
317 1293 629 1340 Peculiarem
662 1290 877 1350 'denique
911 1291 1301 1338 consolationem
1340 1290 1504 1336 attulit
1540 1290 1680 1336 nobis

48 1371 204 1418 Rdus.
238 1369 291 1417 P.
325 1369 642 1427 prouincialis
667 1384 780 1415 cum
803 1370 973 1426 legato
998 1368 1172 1414 summi
1197 1366 1441 1425 pontificis
1466 1369 1478 1392 ¹
1504 1366 1551 1412 in
1587 1366 1676 1412 Po-

52 1448 233 1494 loniam
252 1448 347 1494 huc
365 1447 658 1493 aduentans.
683 1446 958 1493 Enarrauit
976 1445 1104 1492 enim
1129 1460 1228 1491 sua
1252 1445 1393 1491 nobis
1412 1445 1506 1490 ΕΡ
1529 1460 1676 1501 quam

49 1525 296 1572 foeliciter
319 1525 484 1572 omnia
520 1525 567 1570 in
601 1525 708 1582 ipsa
741 1524 984 1571 electione
1007 1523 1355 1570 successerint.
1384 1522 1677 1568 Declarauit

50 1612 314 1661 paternum
339 1603 472 1649 illum
505 1602 681 1649 summi
714 1602 929 1660 pastoris
962 1617 1088 1659 erga
1121 1617 1210 1647 nos
1244 1600 1500 1657 affectum3
1528 1615 1676 1656 expo-

50 1680 146 1726 suit
169 1680 360 1727 diuinos
382 1680 525 1726 huius
549 1679 756 1726 instituti
780 1680 936 1726 nostri
960 1694 1278 1737 progressus,
1305 1686 1506 1735 tamque
1530 1677 1682 1723 diser-

11 1758 13 1760 ’
51 1768 103 1804 ta
136 1768 186 1805 et
219 1757 412 1805 efficaci
437 1757 678 1816 oratione,
707 1772 833 1815 quae
866 1757 996 1803 scire
1029 1772 1120 1802 nos
1154 1755 1425 1812 referebat,
1452 1770 1682 1811 prosecu-

51 1844 127 1882 tus
151 1845 242 1894 est,
269 1846 322 1883 vt
345 1836 589 1883 neminem
623 1835 775 1882 fuisse
806 1836 1042 1891 arbitrer,
1070 1835 1150 1892 qui
1184 1834 1279 1880 hac
1302 1849 1354 1879 se
1378 1833 1682 1879 exhortatio-

51 1928 115 1960 ne
139 1930 235 1960 non
260 1914 471 1961 senserit
505 1913 710 1960 mirifice
744 1913 791 1959 in
826 1929 916 1959 sua
952 1912 1216 1959 vocatione
1242 1910 1607 1969 confirmatum,
1635 1919 1683 1956 et

53 1990 118 2038 ad
155 1991 383 2037 brauium
416 1992 463 2037 in
497 2007 557 2037 ea
591 1990 1031 2048 perseuerantibus
1066 1989 1375 2047 propositum
1411 1988 1682 2046 apprehen-

53 2068 263 2115 dendum
288 2069 610 2116 vehementer
643 2084 926 2115 accensum.
955 2068 1197 2126 Quamuis
1222 2076 1389 2113 autem
1413 2066 1578 2112 multis
1602 2082 1683 2112 no·

53 2147 264 2194 minibus
295 2147 407 2193 Rdi.
445 2147 499 2193 Ρ.
538 2147 859 2205 prouincialis
883 2147 1172 2205 gratissima
1196 2145 1338 2191 nobis
1361 2144 1510 2190 fuerit
1540 2159 1682 2201 prae-

53 2224 228 2282 sentia,
256 2225 348 2271 hoc
371 2234 537 2271 tamen
561 2225 773 2283 gratior,
801 2224 930 2283 quod
955 2240 1013 2271 eo
1038 2224 1144 2282 ipso
1173 2231 1440 2279 momentO,
1469 2236 1564 2279 quo
1589 2222 1684 2267 col-

55 2300 242 2359 legium
266 2311 489 2348 nostrum
513 2302 770 2359 ingressus
793 2311 882 2359 est,
910 2301 1164 2348 referebat
1184 2300 1325 2346 nobis
1346 2299 1546 2357 quidam
1565 2299 1683 2345 ami-

56 2394 143 2426 cus
165 2388 352 2436 noster,
379 2395 474 2437 quo
506 2388 654 2438 pacto
689 2380 862 2426 eodem
897 2380 974 2425 die
1008 2379 1136 2425 inter
1171 2377 1513 2436 prandendum
1546 2385 1686 2423 certa

59 2455 159 2514 (vti
196 2457 430 2514 putabat)
475 2457 716 2504 relatione
760 2457 1030 2513 didicisset,
1080 2456 1188 2502 Rem
1233 2454 1487 2501 Canisium
1531 2469 1686 2512 prope

55 2533 347 2581 Tridentum
382 2550 492 2581 esse
525 2535 856 2590 interfectum3
884 2544 933 2581 et
958 2534 1087 2591 quod
1112 2533 1252 2579 huius
1276 2532 1346 2578 rei
1370 2532 1539 2589 gratia
1570 2548 1683 2578 con-

55 2611 306 2658 solaturus
323 2613 427 2669 ipse
446 2628 534 2658 nos
553 2612 864 2659 accessisset.
890 2611 954 2658 Et
973 2627 1090 2658 ecce
1110 2611 1225 2657 dum
1242 2610 1403 2656 tristia
1422 2611 1548 2656 haec
1571 2625 1686 2655 nar-

57 2698 153 2747 rat,
180 2689 427 2736 subintrat
457 2689 510 2736 Ρ.
539 2689 770 2736 Canisius
803 2698 852 2735 et
888 2697 1065 2746 coepta
1103 2688 1321 2734 lamenta
1345 2703 1435 2733 sua
1459 2687 1686 2745 interpel-

56 2766 128 2813 lat
149 2766 451 2823 praesentia.

111 2946 129 2967 ἃ
178 2943 442 2978 renouarunt.

109 3107 121 3126 ¹
172 3105 359 3154 Legatus
373 3107 519 3144 summi
533 3107 732 3155 pontificis
748 3108 788 3145 in
803 3106 1015 3144 Poloniam
1031 3105 1269 3144 mittebatur
1288 3104 1489 3144 Camillus
1503 3105 1689 3143 Mentua-

63 3169 140 3212 tus,
161 3165 373 3214 episcopus
391 3165 614 3205 satriensis.
