<?xml version="1.0" encoding="UTF-8"?>
<!DOCTYPE html PUBLIC "-//W3C//DTD XHTML 1.0 Transitional//EN"
    "http://www.w3.org/TR/xhtml1/DTD/xhtml1-transitional.dtd">
<html xmlns="http://www.w3.org/1999/xhtml" xml:lang="en" lang="en">
 <head>
  <title>
</title>
<meta http-equiv="Content-Type" content="text/html;charset=utf-8" />
  <meta name='ocr-system' content='tesseract 3.04.00' />
  <meta name='ocr-capabilities' content='ocr_page ocr_carea ocr_par ocr_line ocrx_word'/>
</head>
<body>
  <div class='ocr_page' id='page_1' title='image "./litteraequadrime1705lain_0085.png"; bbox 0 0 1925 3509; ppageno 0'>
   <div class='ocr_carea' id='block_1_1' title="bbox 496 300 1616 348">
    <p class='ocr_par' dir='ltr' id='par_1_1' title="bbox 496 300 1616 348">
     <span class='ocr_line' id='line_1_1' title="bbox 496 300 1616 348; baseline -0.006 -9"><span class='ocrx_word' id='word_1_1' title='bbox 496 302 810 339; x_wconf 67' lang='lat' dir='ltr'>12.—PAN0RM0</span> <span class='ocrx_word' id='word_1_2' title='bbox 836 302 858 338; x_wconf 91' lang='lat'><strong>7</strong></span> <span class='ocrx_word' id='word_1_3' title='bbox 881 301 1080 348; x_wconf 66' lang='lat' dir='ltr'>JANUAml</span> <span class='ocrx_word' id='word_1_4' title='bbox 1113 301 1201 336; x_wconf 59' lang='lat'>1:337</span> <span class='ocrx_word' id='word_1_5' title='bbox 1570 300 1616 334; x_wconf 69' lang='lat'>53</span> 
     </span>
    </p>
   </div>
   <div class='ocr_carea' id='block_1_2' title="bbox 34 394 1670 1770">
    <p class='ocr_par' dir='ltr' id='par_1_2' title="bbox 35 394 1666 1153">
     <span class='ocr_line' id='line_1_2' title="bbox 95 394 1661 446; baseline -0.004 -1"><span class='ocrx_word' id='word_1_6' title='bbox 95 401 162 446; x_wconf 88' lang='lat'>11.</span> <span class='ocrx_word' id='word_1_7' title='bbox 229 398 279 444; x_wconf 88' lang='lat' dir='ltr'>In</span> <span class='ocrx_word' id='word_1_8' title='bbox 306 398 630 444; x_wconf 83' lang='lat' dir='ltr'>renouatione</span> <span class='ocrx_word' id='word_1_9' title='bbox 655 397 929 443; x_wconf 87' lang='lat' dir='ltr'>studiorum</span> <span class='ocrx_word' id='word_1_10' title='bbox 955 405 1056 442; x_wconf 91' lang='lat' dir='ltr'>tres</span> <span class='ocrx_word' id='word_1_11' title='bbox 1080 411 1190 441; x_wconf 87' lang='lat' dir='ltr'>cum</span> <span class='ocrx_word' id='word_1_12' title='bbox 1211 395 1428 440; x_wconf 80' lang='lat' dir='ltr'>maximo</span> <span class='ocrx_word' id='word_1_13' title='bbox 1449 394 1661 439; x_wconf 89' lang='lat' dir='ltr'>omnium</span> 
     </span>
     <span class='ocr_line' id='line_1_3' title="bbox 35 471 1661 536; baseline -0.004 -13"><span class='ocrx_word' id='word_1_14' title='bbox 35 477 274 536; x_wconf 83' lang='lat' dir='ltr'>applausu</span> <span class='ocrx_word' id='word_1_15' title='bbox 297 475 497 522; x_wconf 81' lang='lat' dir='ltr'>habitae</span> <span class='ocrx_word' id='word_1_16' title='bbox 525 485 638 521; x_wconf 89' lang='lat' dir='ltr'>sunt</span> <span class='ocrx_word' id='word_1_17' title='bbox 662 474 933 531; x_wconf 83' lang='lat' dir='ltr'>orationes,</span> <span class='ocrx_word' id='word_1_18' title='bbox 960 489 1168 530; x_wconf 79' lang='lat' dir='ltr'>quarum</span> <span class='ocrx_word' id='word_1_19' title='bbox 1194 489 1291 518; x_wconf 82' lang='lat' dir='ltr'>una</span> <span class='ocrx_word' id='word_1_20' title='bbox 1315 487 1516 529; x_wconf 72' lang='lat' dir='ltr'>graece,</span> <span class='ocrx_word' id='word_1_21' title='bbox 1556 471 1661 516; x_wconf 90' lang='lat' dir='ltr'>reli-</span> 
     </span>
     <span class='ocr_line' id='line_1_4' title="bbox 35 547 1662 612; baseline -0.004 -12"><span class='ocrx_word' id='word_1_22' title='bbox 35 570 161 612; x_wconf 82' lang='lat' dir='ltr'>quae</span> <span class='ocrx_word' id='word_1_23' title='bbox 194 553 343 599; x_wconf 83' lang='lat' dir='ltr'>latine</span> <span class='ocrx_word' id='word_1_24' title='bbox 378 561 491 598; x_wconf 91' lang='lat' dir='ltr'>sunt</span> <span class='ocrx_word' id='word_1_25' title='bbox 527 551 899 610; x_wconf 83' lang='lat' dir='ltr'>pronunciatae:</span> <span class='ocrx_word' id='word_1_26' title='bbox 941 550 1128 606; x_wconf 81' lang='lat' dir='ltr'>aliquot</span> <span class='ocrx_word' id='word_1_27' title='bbox 1166 558 1279 595; x_wconf 90' lang='lat' dir='ltr'>sunt</span> <span class='ocrx_word' id='word_1_28' title='bbox 1318 549 1529 594; x_wconf 80' lang='lat' dir='ltr'>recitata</span> <span class='ocrx_word' id='word_1_29' title='bbox 1568 547 1662 603; x_wconf 89' lang='lat' dir='ltr'>epi-</span> 
     </span>
     <span class='ocr_line' id='line_1_5' title="bbox 35 627 1662 689; baseline -0.004 -12"><span class='ocrx_word' id='word_1_30' title='bbox 35 640 335 689; x_wconf 77' lang='lat' dir='ltr'>grammata,</span> <span class='ocrx_word' id='word_1_31' title='bbox 363 645 489 687; x_wconf 82' lang='lat' dir='ltr'>quae</span> <span class='ocrx_word' id='word_1_32' title='bbox 516 645 687 675; x_wconf 90' lang='lat' dir='ltr'>omnes</span> <span class='ocrx_word' id='word_1_33' title='bbox 710 628 815 674; x_wconf 82' lang='lat' dir='ltr'>fere</span> <span class='ocrx_word' id='word_1_34' title='bbox 840 628 918 685; x_wconf 89' lang='lat' dir='ltr'>qui</span> <span class='ocrx_word' id='word_1_35' title='bbox 950 637 1067 673; x_wconf 88' lang='lat' dir='ltr'>tunc</span> <span class='ocrx_word' id='word_1_36' title='bbox 1101 627 1328 683; x_wconf 64' lang='lat' dir='ltr'>aderanty</span> <span class='ocrx_word' id='word_1_37' title='bbox 1366 642 1461 671; x_wconf 91' lang='lat' dir='ltr'>non</span> <span class='ocrx_word' id='word_1_38' title='bbox 1498 634 1662 682; x_wconf 88' lang='lat' dir='ltr'>potue-</span> 
     </span>
     <span class='ocr_line' id='line_1_6' title="bbox 36 702 1661 764; baseline -0.005 -9"><span class='ocrx_word' id='word_1_39' title='bbox 36 717 148 755; x_wconf 91' lang='lat' dir='ltr'>runt</span> <span class='ocrx_word' id='word_1_40' title='bbox 180 724 276 754; x_wconf 93' lang='lat' dir='ltr'>non</span> <span class='ocrx_word' id='word_1_41' title='bbox 310 723 625 764; x_wconf 79' lang='lat' dir='ltr'>summopere</span> <span class='ocrx_word' id='word_1_42' title='bbox 660 706 883 752; x_wconf 80' lang='lat' dir='ltr'>laudare.</span> <span class='ocrx_word' id='word_1_43' title='bbox 912 705 1139 751; x_wconf 79' lang='lat' dir='ltr'>Interfuit</span> <span class='ocrx_word' id='word_1_44' title='bbox 1162 704 1378 750; x_wconf 81' lang='lat' dir='ltr'>ciuitatis</span> <span class='ocrx_word' id='word_1_45' title='bbox 1402 702 1661 761; x_wconf 80' lang='lat' dir='ltr'>magistra-</span> 
     </span>
     <span class='ocr_line' id='line_1_7' title="bbox 35 782 1665 840; baseline -0.005 -8"><span class='ocrx_word' id='word_1_46' title='bbox 35 795 128 832; x_wconf 85' lang='lat' dir='ltr'>tus:</span> <span class='ocrx_word' id='word_1_47' title='bbox 173 801 269 831; x_wconf 89' lang='lat' dir='ltr'>non</span> <span class='ocrx_word' id='word_1_48' title='bbox 315 784 578 830; x_wconf 76' lang='lat' dir='ltr'>defuerunt</span> <span class='ocrx_word' id='word_1_49' title='bbox 621 784 811 830; x_wconf 88' lang='lat' dir='ltr'>nobiles</span> <span class='ocrx_word' id='word_1_50' title='bbox 855 783 1149 840; x_wconf 83' lang='lat' dir='ltr'>complures:</span> <span class='ocrx_word' id='word_1_51' title='bbox 1198 782 1499 838; x_wconf 85' lang='lat' dir='ltr'>reliquorum</span> <span class='ocrx_word' id='word_1_52' title='bbox 1544 795 1665 825; x_wconf 89' lang='lat' dir='ltr'>uero</span> 
     </span>
     <span class='ocr_line' id='line_1_8' title="bbox 35 857 1665 914; baseline -0.004 -6"><span class='ocrx_word' id='word_1_53' title='bbox 35 862 281 909; x_wconf 90' lang='lat' dir='ltr'>hominum</span> <span class='ocrx_word' id='word_1_54' title='bbox 316 877 548 907; x_wconf 89' lang='lat' dir='ltr'>numerus</span> <span class='ocrx_word' id='word_1_55' title='bbox 583 877 640 907; x_wconf 91' lang='lat' dir='ltr'>eo</span> <span class='ocrx_word' id='word_1_56' title='bbox 676 860 921 906; x_wconf 82' lang='lat' dir='ltr'>maximus</span> <span class='ocrx_word' id='word_1_57' title='bbox 955 859 1204 905; x_wconf 87' lang='lat' dir='ltr'>confluxit.</span> <span class='ocrx_word' id='word_1_58' title='bbox 1243 858 1461 914; x_wconf 82' lang='lat' dir='ltr'>Singulis</span> <span class='ocrx_word' id='word_1_59' title='bbox 1495 857 1665 903; x_wconf 89' lang='lat' dir='ltr'>diebus</span> 
     </span>
     <span class='ocr_line' id='line_1_9' title="bbox 35 934 1662 992; baseline -0.004 -7"><span class='ocrx_word' id='word_1_60' title='bbox 35 939 231 985; x_wconf 90' lang='lat' dir='ltr'>ueneris</span> <span class='ocrx_word' id='word_1_61' title='bbox 255 939 301 984; x_wconf 91' lang='lat' dir='ltr'>in</span> <span class='ocrx_word' id='word_1_62' title='bbox 325 946 497 984; x_wconf 85' lang='lat' dir='ltr'>nostra</span> <span class='ocrx_word' id='word_1_63' title='bbox 527 937 740 984; x_wconf 82' lang='lat' dir='ltr'>ecclesia</span> <span class='ocrx_word' id='word_1_64' title='bbox 771 937 998 983; x_wconf 80' lang='lat' dir='ltr'>doctrina</span> <span class='ocrx_word' id='word_1_65' title='bbox 1032 937 1304 982; x_wconf 78' lang='lat' dir='ltr'>christiana</span> <span class='ocrx_word' id='word_1_66' title='bbox 1339 934 1662 992; x_wconf 65' lang='lat' dir='ltr'>praelegitur,</span> 
     </span>
     <span class='ocr_line' id='line_1_10' title="bbox 36 1012 1666 1074; baseline -0.003 -13"><span class='ocrx_word' id='word_1_67' title='bbox 36 1032 130 1074; x_wconf 90' lang='lat' dir='ltr'>quo</span> <span class='ocrx_word' id='word_1_68' title='bbox 154 1024 425 1062; x_wconf 81' lang='lat' dir='ltr'>accurrunt</span> <span class='ocrx_word' id='word_1_69' title='bbox 450 1031 546 1061; x_wconf 92' lang='lat' dir='ltr'>non</span> <span class='ocrx_word' id='word_1_70' title='bbox 572 1015 717 1061; x_wconf 91' lang='lat' dir='ltr'>modo</span> <span class='ocrx_word' id='word_1_71' title='bbox 742 1014 895 1061; x_wconf 81' lang='lat' dir='ltr'>nostri</span> <span class='ocrx_word' id='word_1_72' title='bbox 920 1023 1160 1072; x_wconf 87' lang='lat' dir='ltr'>quotquot</span> <span class='ocrx_word' id='word_1_73' title='bbox 1185 1022 1298 1059; x_wconf 92' lang='lat' dir='ltr'>sunt</span> <span class='ocrx_word' id='word_1_74' title='bbox 1321 1012 1560 1068; x_wconf 77' lang='lat' dir='ltr'>discipuli,</span> <span class='ocrx_word' id='word_1_75' title='bbox 1582 1012 1666 1057; x_wconf 90' lang='lat' dir='ltr'>sed</span> 
     </span>
     <span class='ocr_line' id='line_1_11' title="bbox 35 1089 1516 1153; baseline -0.004 -13"><span class='ocrx_word' id='word_1_76' title='bbox 35 1094 200 1153; x_wconf 89' lang='lat' dir='ltr'>plures</span> <span class='ocrx_word' id='word_1_77' title='bbox 225 1109 417 1150; x_wconf 90' lang='lat' dir='ltr'>quoque</span> <span class='ocrx_word' id='word_1_78' title='bbox 442 1093 539 1149; x_wconf 83' lang='lat' dir='ltr'>alii,</span> <span class='ocrx_word' id='word_1_79' title='bbox 567 1093 646 1150; x_wconf 92' lang='lat' dir='ltr'>qui</span> <span class='ocrx_word' id='word_1_80' title='bbox 670 1108 791 1138; x_wconf 88' lang='lat' dir='ltr'>uere</span> <span class='ocrx_word' id='word_1_81' title='bbox 816 1091 894 1138; x_wconf 53' lang='lat' dir='ltr'>&gt;4ss</span> <span class='ocrx_word' id='word_1_82' title='bbox 921 1093 1122 1149; x_wconf 90' lang='lat' dir='ltr'>cupiunt</span> <span class='ocrx_word' id='word_1_83' title='bbox 1146 1107 1253 1138; x_wconf 92' lang='lat' dir='ltr'>esse</span> <span class='ocrx_word' id='word_1_84' title='bbox 1278 1089 1516 1147; x_wconf 90' lang='lat' dir='ltr'>discipuli.</span> 
     </span>
    </p>

    <p class='ocr_par' dir='ltr' id='par_1_3' title="bbox 34 1167 1670 1693">
     <span class='ocr_line' id='line_1_12' title="bbox 98 1167 1665 1228; baseline -0.003 -12"><span class='ocrx_word' id='word_1_85' title='bbox 98 1170 164 1217; x_wconf 83' lang='lat'>12.</span> <span class='ocrx_word' id='word_1_86' title='bbox 233 1170 465 1227; x_wconf 86' lang='lat' dir='ltr'>Quotidie</span> <span class='ocrx_word' id='word_1_87' title='bbox 485 1186 679 1228; x_wconf 90' lang='lat' dir='ltr'>quoque</span> <span class='ocrx_word' id='word_1_88' title='bbox 699 1170 828 1216; x_wconf 91' lang='lat' dir='ltr'>domi</span> <span class='ocrx_word' id='word_1_89' title='bbox 854 1186 883 1216; x_wconf 75' lang='lat' dir='ltr'>a</span> <span class='ocrx_word' id='word_1_90' title='bbox 909 1179 1107 1216; x_wconf 88' lang='lat' dir='ltr'>rectore</span> <span class='ocrx_word' id='word_1_91' title='bbox 1131 1178 1304 1215; x_wconf 91' lang='lat' dir='ltr'>nostro</span> <span class='ocrx_word' id='word_1_92' title='bbox 1323 1168 1436 1214; x_wconf 83' lang='lat' dir='ltr'>Pre.</span> <span class='ocrx_word' id='word_1_93' title='bbox 1458 1167 1520 1213; x_wconf 88' lang='lat' dir='ltr'>D.</span> <span class='ocrx_word' id='word_1_94' title='bbox 1543 1167 1665 1212; x_wconf 81' lang='lat' dir='ltr'>Pau-</span> 
     </span>
     <span class='ocr_line' id='line_1_13' title="bbox 36 1245 1666 1305; baseline -0.003 -11"><span class='ocrx_word' id='word_1_95' title='bbox 36 1249 81 1295; x_wconf 94' lang='lat' dir='ltr'>lo</span> <span class='ocrx_word' id='word_1_96' title='bbox 106 1251 118 1274; x_wconf 79' lang='lat'>¹</span> <span class='ocrx_word' id='word_1_97' title='bbox 145 1248 492 1294; x_wconf 82' lang='lat' dir='ltr'>sacerdotibus</span> <span class='ocrx_word' id='word_1_98' title='bbox 517 1248 700 1294; x_wconf 85' lang='lat' dir='ltr'>nostris</span> <span class='ocrx_word' id='word_1_99' title='bbox 724 1263 871 1293; x_wconf 74' lang='lat' dir='ltr'>casus</span> <span class='ocrx_word' id='word_1_100' title='bbox 896 1247 1208 1305; x_wconf 78' lang='lat' dir='ltr'>explicantur</span> <span class='ocrx_word' id='word_1_101' title='bbox 1233 1246 1305 1302; x_wconf 92' lang='lat' dir='ltr'>(ut</span> <span class='ocrx_word' id='word_1_102' title='bbox 1329 1245 1530 1301; x_wconf 80' lang='lat' dir='ltr'>uocant)</span> <span class='ocrx_word' id='word_1_103' title='bbox 1556 1259 1666 1289; x_wconf 90' lang='lat' dir='ltr'>con-</span> 
     </span>
     <span class='ocr_line' id='line_1_14' title="bbox 34 1325 1663 1382; baseline -0.004 -10"><span class='ocrx_word' id='word_1_104' title='bbox 34 1326 285 1373; x_wconf 80' lang='lat' dir='ltr'>scientiae.</span> <span class='ocrx_word' id='word_1_105' title='bbox 314 1325 582 1371; x_wconf 90' lang='lat' dir='ltr'>Dominum</span> <span class='ocrx_word' id='word_1_106' title='bbox 606 1334 755 1371; x_wconf 87' lang='lat' dir='ltr'>noctu</span> <span class='ocrx_word' id='word_1_107' title='bbox 775 1325 954 1382; x_wconf 91' lang='lat' dir='ltr'>diuque</span> <span class='ocrx_word' id='word_1_108' title='bbox 978 1325 1248 1370; x_wconf 77' lang='lat' dir='ltr'>obsecrare</span> <span class='ocrx_word' id='word_1_109' title='bbox 1273 1339 1369 1369; x_wconf 91' lang='lat' dir='ltr'>non</span> <span class='ocrx_word' id='word_1_110' title='bbox 1394 1337 1663 1377; x_wconf 87' lang='lat' dir='ltr'>cessemus,</span> 
     </span>
     <span class='ocr_line' id='line_1_15' title="bbox 36 1398 1668 1460; baseline -0.003 -11"><span class='ocrx_word' id='word_1_111' title='bbox 36 1413 88 1450; x_wconf 90' lang='lat' dir='ltr'>ut</span> <span class='ocrx_word' id='word_1_112' title='bbox 110 1403 189 1460; x_wconf 93' lang='lat' dir='ltr'>qui</span> <span class='ocrx_word' id='word_1_113' title='bbox 214 1403 366 1449; x_wconf 82' lang='lat' dir='ltr'>foelix</span> <span class='ocrx_word' id='word_1_114' title='bbox 390 1402 580 1448; x_wconf 88' lang='lat' dir='ltr'>initium</span> <span class='ocrx_word' id='word_1_115' title='bbox 606 1402 678 1448; x_wconf 90' lang='lat' dir='ltr'>his</span> <span class='ocrx_word' id='word_1_116' title='bbox 699 1403 932 1459; x_wconf 86' lang='lat' dir='ltr'>operibus</span> <span class='ocrx_word' id='word_1_117' title='bbox 956 1401 1103 1458; x_wconf 79' lang='lat' dir='ltr'>dedit,</span> <span class='ocrx_word' id='word_1_118' title='bbox 1142 1402 1268 1447; x_wconf 87' lang='lat' dir='ltr'>idem</span> <span class='ocrx_word' id='word_1_119' title='bbox 1305 1415 1500 1457; x_wconf 87' lang='lat' dir='ltr'>quoque</span> <span class='ocrx_word' id='word_1_120' title='bbox 1534 1398 1668 1444; x_wconf 80' lang='lat' dir='ltr'>foeli-</span> 
     </span>
     <span class='ocr_line' id='line_1_16' title="bbox 35 1479 1669 1537; baseline -0.003 -11"><span class='ocrx_word' id='word_1_121' title='bbox 35 1481 222 1527; x_wconf 87' lang='lat' dir='ltr'>ciorem</span> <span class='ocrx_word' id='word_1_122' title='bbox 246 1479 386 1526; x_wconf 91' lang='lat' dir='ltr'>finem</span> <span class='ocrx_word' id='word_1_123' title='bbox 413 1480 668 1537; x_wconf 87' lang='lat' dir='ltr'>imponere</span> <span class='ocrx_word' id='word_1_124' title='bbox 692 1495 788 1525; x_wconf 90' lang='lat' dir='ltr'>non</span> <span class='ocrx_word' id='word_1_125' title='bbox 809 1479 1122 1536; x_wconf 77' lang='lat' dir='ltr'>dedignetur,</span> <span class='ocrx_word' id='word_1_126' title='bbox 1144 1488 1290 1534; x_wconf 88' lang='lat' dir='ltr'>teque</span> <span class='ocrx_word' id='word_1_127' title='bbox 1311 1486 1363 1523; x_wconf 92' lang='lat' dir='ltr'>ut</span> <span class='ocrx_word' id='word_1_128' title='bbox 1386 1486 1669 1523; x_wconf 90' lang='lat' dir='ltr'>nostrorum</span> 
     </span>
     <span class='ocr_line' id='line_1_17' title="bbox 36 1553 1670 1612; baseline -0.003 -9"><span class='ocrx_word' id='word_1_129' title='bbox 36 1557 251 1604; x_wconf 91' lang='lat' dir='ltr'>omnium</span> <span class='ocrx_word' id='word_1_130' title='bbox 286 1557 578 1603; x_wconf 81' lang='lat' dir='ltr'>memoriam</span> <span class='ocrx_word' id='word_1_131' title='bbox 613 1553 660 1602; x_wconf 83' lang='lat' dir='ltr'>in</span> <span class='ocrx_word' id='word_1_132' title='bbox 694 1557 790 1602; x_wconf 89' lang='lat' dir='ltr'>tuis</span> <span class='ocrx_word' id='word_1_133' title='bbox 828 1556 1135 1602; x_wconf 80' lang='lat' dir='ltr'>orationibus</span> <span class='ocrx_word' id='word_1_134' title='bbox 1176 1556 1378 1612; x_wconf 82' lang='lat' dir='ltr'>habeas,</span> <span class='ocrx_word' id='word_1_135' title='bbox 1421 1553 1670 1600; x_wconf 87' lang='lat' dir='ltr'>humiliter</span> 
     </span>
     <span class='ocr_line' id='line_1_18' title="bbox 37 1631 1667 1693; baseline -0.004 -12"><span class='ocrx_word' id='word_1_136' title='bbox 37 1635 182 1681; x_wconf 78' lang='lat' dir='ltr'>etiam</span> <span class='ocrx_word' id='word_1_137' title='bbox 203 1644 353 1692; x_wconf 85' lang='lat' dir='ltr'>atque</span> <span class='ocrx_word' id='word_1_138' title='bbox 372 1634 523 1681; x_wconf 82' lang='lat' dir='ltr'>etiam</span> <span class='ocrx_word' id='word_1_139' title='bbox 543 1650 762 1681; x_wconf 83' lang='lat' dir='ltr'>oramus.</span> <span class='ocrx_word' id='word_1_140' title='bbox 786 1634 1022 1681; x_wconf 82' lang='lat' dir='ltr'>Panormi</span> <span class='ocrx_word' id='word_1_141' title='bbox 1041 1633 1141 1680; x_wconf 82' lang='lat' dir='ltr'>VH</span> <span class='ocrx_word' id='word_1_142' title='bbox 1159 1634 1273 1679; x_wconf 88' lang='lat' dir='ltr'>Idus</span> <span class='ocrx_word' id='word_1_143' title='bbox 1292 1632 1517 1693; x_wconf 80' lang='lat' dir='ltr'>Januarii</span> <span class='ocrx_word' id='word_1_144' title='bbox 1541 1631 1667 1678; x_wconf 81' lang='lat'>1557.</span> 
     </span>
    </p>

    <p class='ocr_par' dir='ltr' id='par_1_4' title="bbox 128 1712 861 1770">
     <span class='ocr_line' id='line_1_19' title="bbox 128 1712 861 1770; baseline 0 -12"><span class='ocrx_word' id='word_1_145' title='bbox 128 1713 186 1760; x_wconf 88' lang='lat' dir='ltr'>T.</span> <span class='ocrx_word' id='word_1_146' title='bbox 213 1714 274 1760; x_wconf 85' lang='lat' dir='ltr'>R.</span> <span class='ocrx_word' id='word_1_147' title='bbox 303 1713 356 1759; x_wconf 87' lang='lat' dir='ltr'>P.</span> <span class='ocrx_word' id='word_1_148' title='bbox 384 1712 594 1760; x_wconf 88' lang='lat' dir='ltr'>filiorum</span> <span class='ocrx_word' id='word_1_149' title='bbox 618 1713 861 1770; x_wconf 85' lang='lat' dir='ltr'>minimus,</span> 
     </span>
    </p>
   </div>
   <div class='ocr_carea' id='block_1_3' title="bbox 603 1823 1550 1885">
    <p class='ocr_par' dir='ltr' id='par_1_5' title="bbox 603 1823 1550 1885">
     <span class='ocr_line' id='line_1_20' title="bbox 603 1823 1550 1885; baseline -0.003 -14"><span class='ocrx_word' id='word_1_150' title='bbox 603 1825 831 1885; x_wconf 81' lang='lat' dir='ltr'>JOANNEs</span> <span class='ocrx_word' id='word_1_151' title='bbox 864 1825 1115 1870; x_wconf 79' lang='lat' dir='ltr'>BAPTIsTA</span> <span class='ocrx_word' id='word_1_152' title='bbox 1151 1823 1485 1869; x_wconf 71' lang='lat' dir='ltr'>CARMINATus</span> <span class='ocrx_word' id='word_1_153' title='bbox 1518 1824 1550 1868; x_wconf 81' lang='lat'>2.</span> 
     </span>
    </p>
   </div>
   <div class='ocr_carea' id='block_1_4' title="bbox 131 1969 784 2027">
    <p class='ocr_par' dir='ltr' id='par_1_6' title="bbox 131 1969 784 2027">
     <span class='ocr_line' id='line_1_21' title="bbox 131 1969 784 2027; baseline -0.002 -12"><span class='ocrx_word' id='word_1_154' title='bbox 131 1969 479 2016; x_wconf 71' lang='lat' dir='ltr'>Desz&#39;deratur</span> <span class='ocrx_word' id='word_1_155' title='bbox 500 1969 784 2027; x_wconf 70' lang='lat' dir='ltr'>z&#39;nscrz&#39;pz‘z‘o.</span> 
     </span>
    </p>
   </div>
   <div class='ocr_carea' id='block_1_5' title="bbox 40 2086 319 2092">
    <p class='ocr_par' dir='ltr' id='par_1_7' title="bbox 40 2086 319 2092">
     <span class='ocr_line' id='line_1_22' title="bbox 40 2086 319 2092; baseline 0 0"><span class='ocrx_word' id='word_1_156' title='bbox 40 2086 319 2092; x_wconf 95' lang='lat' dir='ltr'> </span> 
     </span>
    </p>
   </div>
   <div class='ocr_carea' id='block_1_6' title="bbox 86 2148 1668 2255">
    <p class='ocr_par' dir='ltr' id='par_1_8' title="bbox 86 2148 1668 2255">
     <span class='ocr_line' id='line_1_23' title="bbox 90 2148 658 2186; baseline -0.002 0"><span class='ocrx_word' id='word_1_157' title='bbox 90 2150 99 2170; x_wconf 96' lang='lat'>¹</span> <span class='ocrx_word' id='word_1_158' title='bbox 150 2148 196 2186; x_wconf 92' lang='lat' dir='ltr'>P.</span> <span class='ocrx_word' id='word_1_159' title='bbox 217 2149 370 2186; x_wconf 90' lang='lat' dir='ltr'>Paulus</span> <span class='ocrx_word' id='word_1_160' title='bbox 390 2148 438 2185; x_wconf 92' lang='lat' dir='ltr'>de</span> <span class='ocrx_word' id='word_1_161' title='bbox 457 2148 658 2185; x_wconf 85' lang='lat' dir='ltr'>Achilles.</span> 
     </span>
     <span class='ocr_line' id='line_1_24' title="bbox 86 2206 1668 2255; baseline -0.001 -9"><span class='ocrx_word' id='word_1_162' title='bbox 86 2209 99 2228; x_wconf 81' lang='lat'><strong>²</strong></span> <span class='ocrx_word' id='word_1_163' title='bbox 148 2209 444 2246; x_wconf 88' lang='lat' dir='ltr'>Humaniorum</span> <span class='ocrx_word' id='word_1_164' title='bbox 479 2208 709 2245; x_wconf 83' lang='lat' dir='ltr'>litterarum</span> <span class='ocrx_word' id='word_1_165' title='bbox 745 2208 962 2255; x_wconf 80' lang='lat' dir='ltr'>professor.</span> <span class='ocrx_word' id='word_1_166' title='bbox 1004 2208 1069 2245; x_wconf 91' lang='lat' dir='ltr'>De</span> <span class='ocrx_word' id='word_1_167' title='bbox 1105 2208 1178 2244; x_wconf 85' lang='lat' dir='ltr'>hoc</span> <span class='ocrx_word' id='word_1_168' title='bbox 1215 2208 1302 2244; x_wconf 90' lang='lat' dir='ltr'>viro</span> <span class='ocrx_word' id='word_1_169' title='bbox 1337 2206 1385 2244; x_wconf 77' lang='lat' dir='ltr'>cf.</span> <span class='ocrx_word' id='word_1_170' title='bbox 1423 2207 1668 2251; x_wconf 83' lang='lat' dir='ltr'><strong>POLANCUM,</strong></span> 
     </span>
    </p>
   </div>
   <div class='ocr_carea' id='block_1_7' title="bbox 47 2268 498 2315">
    <p class='ocr_par' dir='ltr' id='par_1_9' title="bbox 47 2268 498 2315">
     <span class='ocr_line' id='line_1_25' title="bbox 47 2268 498 2315; baseline -0.002 -9"><span class='ocrx_word' id='word_1_171' title='bbox 47 2269 197 2306; x_wconf 79' lang='lat' dir='ltr'>Chron.</span> <span class='ocrx_word' id='word_1_172' title='bbox 206 2299 214 2315; x_wconf 90' lang='lat'><em>‚</em></span> <span class='ocrx_word' id='word_1_173' title='bbox 234 2268 308 2314; x_wconf 88' lang='lat' dir='ltr'>VI,</span> <span class='ocrx_word' id='word_1_174' title='bbox 328 2268 498 2307; x_wconf 82' lang='lat'>289-290.</span> 
     </span>
    </p>
   </div>
  </div>
 </body>
</html>
