1900 3380
0 577 8 604 -„
0 494 8 571 ³¹-*5„-2->
0 424 9 485 -—-..=·
0 238 10 419 :tw-rri-w-——x

517 280 822 317 122—H1sPAL1
850 280 895 315 29
924 279 1167 315 DECEMssizis
1199 279 1286 314 1337
1603 277 1669 313 401

62 380 359 425 'diosorunm
398 377 478 421 Ab
513 377 602 420 hoe
646 391 774 420 anno
810 374 991 419 artium
1026 374 1241 418 facultas
1276 373 1370 418 coli
1406 382 1584 428 Coepta
1623 382 1713 417 est.

93 455 338 513 Quoniam
377 463 544 498 autem
584 452 727 509 pauci
773 451 880 508 ejus
923 450 1176 496 auditores
1218 450 1546 505 reperiuntur,
1590 465 1618 493 3
1663 448 1715 493 Ρ.

92 531 362 578 Franciseo
388 534 641 586 prouisum
666 538 756 585 est,
783 539 836 573 ut
860 544 921 573 ex
946 527 1053 572 aliis
1079 527 1302 581 collegiis
1338 526 1524 571 fratres
1550 541 1717 571 aecer-

60 648 63 651 .
91 619 265 656 santur
289 609 401 654 huie
426 608 710 664 disciplinae
746 621 949 662 operam
985 604 1233 649 nauaturi:
1263 620 1471 659 quorum
1508 619 1717 648 conuen-

92 697 193 733 tum
220 687 396 732 cotidie
421 694 763 741 expectamus,
787 693 838 729 ut
862 692 963 728 tam
987 682 1079 727 hoe
1104 681 1318 726 studium
1345 696 1490 737 quam
1517 690 1720 726 eac-tera

61 801 64 804 .
91 765 188 810 alia
212 763 567 820 prouehantur.
597 760 648 806 In
684 775 876 806 summa
902 759 1124 804 futurum
1149 774 1411 814 speramus
1436 767 1485 801 ut
1511 758 1633 802 haee
1660 757 1719 802 ei-

92 843 234 896 uitas,
273 855 399 897 quae
433 838 571 884 nobis
612 838 875 894 plurimum
910 837 1153 882 beneuola
1189 846 1234 880 et
1269 835 1432 880 amica
1468 843 1559 890 est,
1599 834 1718 878 anti-

63 951 64 954 =
92 934 212 976 quos
242 932 408 963 mores
441 926 593 962 exuat
616 925 665 961 et
689 914 944 960 Christum
969 913 1137 958 induat
1173 928 1231 957 ae
1267 911 1443 968 sapiat.
1472 910 1616 967 Vale,
1639 910 1720 955 ad-

91 995 288 1041 modum
313 993 589 1040 reverende
613 992 780 1042 Pater,
808 1002 957 1048 atque
992 1006 1082 1035 ora
1116 990 1298 1035 erebro
1324 998 1376 1033 ut
1402 988 1470 1033 tui
1495 988 1719 1033 charissi-

92 1073 155 1118 mi
189 1071 270 1117 filii
305 1072 438 1128 digni
472 1070 687 1116 Domino
713 1068 921 1114 ministri
948 1067 1277 1112 inueniantur.
1307 1066 1493 1110 Datum
1522 1064 1720 1109 Placen-

93 1150 207 1205 tiae,
233 1143 425 1194 decimo
451 1156 595 1193 sexto
620 1147 859 1192 kalendas
884 1144 1111 1205 Januarii
1139 1143 1266 1188 1557.

179 1225 471 1282 Ilzsct‘z'pt‘e'o.
498 1229 523 1277 †
545 1224 641 1269 Ihs.
668 1223 733 1268 Al
754 1239 869 1278 muy
894 1222 1019 1266 Rdo.
1049 1220 1127 1265 Re
1153 1236 1258 1265 nro.
1287 1235 1346 1264 en
1368 1217 1540 1273 (ΠΗ-0.,
1570 1217 1613 1262 el
1638 1217 1690 1261 P.
1708 1224 1723 1243 θ

91 1304 155 1349 M.
183 1303 386 1358 Lainez‚
414 1301 666 1359 preposito
700 1301 907 1357 general
933 1299 991 1344 de
1016 1299 1061 1343 13
1088 1297 1367 1353 Compasiia
1392 1296 1450 1341 de
1474 1294 1635 1354 Jesus,
1663 1310 1720 1339 en

93 1380 271 1426 Roma.

181 1456 359 1514 sigilla·
381 1455 679 1513 vestz'ge'zmz.

861 1671 956 1721 122

395 1738 408 1758 ⁸
455 1779 508 1824 P.
565 1776 965 1839 JOANNES
1015 1775 1362 1822 PAULUS

576 1882 739 1909 HISPALI
764 1871 810 1908 29
836 1881 1071 1908 DECEMBRIS
1101 1871 1190 1906 1557
1218 1871 1242 1906 ¹.

64 1958 66 1960 ’
93 1954 123 1991 1.
153 1952 219 1989 De
236 1952 365 1989 domo
386 1951 591 1988 Societatz'
606 1953 712 1996 apta
732 1948 1018 1996 acquirenda,
1041 1948 1168 1995 cujus
1185 1948 1248 1984 rei
1263 1952 1361 1993 spes
1381 1946 1525 1993 major
1538 1945 1728 1991 affulget

161 2013 385 2049 occasione
410 2012 635 2048 haereseos
654 2009 838 2056 Hispali
863 2009 1065 2046 detectae.
1078 2008 1155 2044 —2.
1187 2007 1253 2044 De
1271 2007 1541 2043 christianae
1571 2005 1726 2042 doctri-

163 2083 248 2109 nae
262 2072 549 2118 explicatione
568 2074 607 2106 et
624 2070 679 2106 de
686 2069 844 2115 fractu
860 2069 1226 2105 adhortationum
1246 2066 1398 2103 Patris
1413 2065 1720 2111 provincialis.

155 2157 192 2202 1.
258 2165 286 2213 †
320 2155 423 2216 Jhs.
450 2154 552 2200 Mui
581 2154 708 2199 Rdo.
746 2169 806 2199 en
841 2153 992 2199 Chro.
1031 2152 1209 2198 Padre.
1248 2151 1355 2196 Pax
1390 2149 1591 2206 Christi,
1628 2144 1721 2195 ete.

94 2234 225 2279 Para
249 2232 514 2279 satisfazer
548 2248 577 2277 a
612 2233 658 2277 la
688 2231 979 2277 obediencia
1004 2231 1062 2276 de
1086 2229 1307 2275 esereuir
1331 2244 1360 2274 a
1385 2227 1452 2273 V.
1479 2227 1532 2273 P.
1561 2227 1608 2272 lo
1633 2242 1726 2283 que

94 2322 296 2357 nuestro
316 2310 478 2357 Senos
496 2326 526 2355 a
545 2309 674 2355 dado
694 2324 724 2354 a
744 2309 898 2354 obrar
916 2324 946 2353 a
966 2308 1013 2354 la
1039 2306 1315 2363 Compafiia
1339 2322 1398 2352 en
1423 2314 1555 2351 estos
1578 2305 1607 2350 4
1630 2320 1725 2350 me·

63 2424 66 2427 ⁴
93 2404 188 2446 ses,
211 2388 428 2445 primero
448 2387 553 2433 dire
572 2387 618 2431 lo
639 2402 732 2444 que
751 2401 934 2442 aeerea
953 2385 1013 2430 de
1032 2385 1216 2430 busear
1233 2399 1352 2430 casa
1370 2398 1493 2439 para
1510 2390 1615 2428 este
1630 2382 1726 2427 col-

94 2465 224 2523 legio
255 2481 284 2510 a
317 2464 461 2511 todos
493 2463 704 2509 admira.
741 2462 939 2520 Porque
963 2477 1107 2508 como
1137 2464 1238 2507 assi
1263 2462 1335 2506 los
1355 2460 1414 2506 de
1438 2475 1557 2505 casa
1581 2474 1726 2504 como

95 2543 168 2587 los
191 2542 249 2588 de
272 2542 434 2598 fuera,
460 2541 473 2586 i
498 2557 557 2586 en
581 2540 766 2598 speeial
800 2540 845 2585 el
879 2539 954 2588 Re
989 2538 1272 2595 Prouincial
1305 2539 1337 2594 ²,
1375 2537 1490 2582 aian
1523 2536 1726 2594 diligen—

74 2629 306 2667 ,temente
329 2617 596 2676 trabajado
621 2633 680 2663 en
705 2633 799 2674 que
824 2618 870 2662 13
894 2616 1188 2673 Compafii'a‚
1217 2630 1309 2672 que
1333 2615 1478 2659 hasta
1508 2628 1633 2658 aora
1667 2628 1727 2658 en

95 2694 278 2742 Seuilla
302 2696 432 2741 anda
456 2711 548 2752 por
571 2710 717 2740 63535
746 2710 954 2751 agenas‚
989 2694 1037 2739 ia
1070 2693 1259 2739 tuuiese
1293 2693 1480 2748 alguna
1513 2706 1634 2736 casa
1667 2706 1728 2736 en

67 2789 187 2830 sque
211 2774 410 2831 pudiese
434 2775 542 2818 mas
565 2771 994 2817 commodamente
1019 2771 1226 2816 atender
1244 2785 1274 2814 a
1298 2769 1344 2814 13
1363 2778 1539 2814 entera
1559 2769 1727 2815 obser·

144 2925 153 2944 ¹
205 2923 267 2960 Ex
285 2922 474 2970 originali
489 2922 529 2959 in
548 2921 684 2958 codice
700 2921 828 2967 Hz‘sp.
855 2920 921 2963 95,
940 2919 979 2956 ff.
997 2917 1166 2960 236-237;
1184 2917 1293 2965 prius
1307 2917 1390 2955 223.
1409 2917 1481 2954 Est
1497 2918 1729 2965 exemplum

97 2983 266 3020 latinum
284 2983 334 3019 ab
354 2983 497 3020 eodem
515 2981 786 3028 subscriptum
806 2980 846 3016 in
865 2979 906 3016 ff.
925 2979 1007 3022 234,
1028 2977 1109 3014 235.

143 3044 155 3062 ²
205 3042 543 3079 Bartholomaeus
561 3040 829 3077 Bustamante
855 3038 1032 3086 praefuit
1057 3036 1289 3084 provinciae
1316 3037 1500 3073 baeticae
1528 3049 1592 3074 an.
1622 3036 1727 3073 1555-

69 3133 73 3137 .
99 3101 199 3139 1562.
