1909 3328
250 236 318 272 710
725 232 945 269 LITTERAE
972 231 1333 277 QUADRIMESTRES

969 458 1065 509 176

533 581 585 625 P.
629 578 994 625 ROBERTUS
1035 575 1512 623 CLAYSSONIUS

757 685 939 712 BILLOMO
966 675 988 710 4
1014 684 1118 721 JUNu
1150 673 1239 709 1558
1269 675 1291 710 ¹.

206 762 235 796 1.
265 760 517 805 Praeposito
532 760 913 804 generaliuovnm
944 768 1109 793 mzmms
1132 754 1492 801 gratulatur-2.
1524 754 1747 800 Epistolae
1775 763 1839 789 m-

277 820 436 856 lia—3.
463 820 687 856 Contiones
706 820 751 855 in
772 818 959 855 diversis
980 817 1161 854 urbibus
1185 814 1509 853 lzabz'tae.ss4-6.
1541 814 1840 851 Sacramenta

280 891 379 916 mm
398 880 688 925 poenitentiae
708 882 747 915 et
765 877 1380 923 eucharistiaefrequentatio.
1399 875 1588 912 Fructus
1607 873 1712 910 inde
1726 884 1840 909 ema-

280 951 404 976 nans.
416 939 483 973 —7
504 939 875 975 scholasticormn
892 948 1117 974 numerus.
1135 936 1259 973 Ludi
1274 933 1579 973 lz'ttemrz'z'.—8.
1599 933 1842 979 Episcopus

280 1001 448 1045 collegii
471 1000 728 1046 aedificium
748 999 955 1045 perficere
974 999 1107 1044 cupit.
1131 997 1322 1033 Panum
1353 995 1603 1032 absentium
1629 993 1768 1030 sz'nml
1793 1003 1843 1029 ac

279 1061 577 1097 lusitanorum
598 1060 817 1102 adventus
837 1058 1230 1104 expectatissimas.

272 1145 310 1189 1.
379 1145 485 1189 Pax
511 1144 706 1189 Domini
732 1144 825 1189 Dei
849 1142 1005 1188 nostri
1029 1142 1138 1188 Iesu
1165 1140 1349 1186 Christi
1380 1139 1605 1196 perfecta
1640 1153 1729 1183 nos
1762 1137 1842 1182 do-

211 1232 293 1267 net
318 1222 563 1268 libertate.
588 1222 764 1267 Amen.
796 1221 895 1278 [Ex
924 1219 1211 1265 obedientia
1245 1217 1455 1275 scribit]
1493 1215 1740 1272 Principio
1775 1224 1843 1260 ta-

213 1316 322 1345 men
348 1300 617 1345 humillimo
642 1299 878 1356 obsequio
904 1299 1108 1355 pedibus
1133 1297 1228 1342 tuis
1251 1296 1332 1353 pia
1365 1295 1552 1351 oscula,
1590 1302 1845 1350 prostrato

213 1394 444 1435 corpore,
473 1378 682 1435 figentes
706 1393 817 1423 cum
842 1376 1058 1422 laetitiae
1084 1374 1351 1432 lachrymis
1375 1373 1585 1419 vbertim
1612 1370 1842 1429 profusis,

213 1458 353 1503 nobis
378 1466 424 1502 te
449 1457 693 1502 delectum
717 1455 1054 1512 praepositum
1078 1453 1396 1511 gratulamur
1419 1452 1452 1507 2,
1478 1450 1740 1506 diuinoque
1764 1466 1845 1494 nu-

216 1535 327 1580 mini
353 1550 444 1591 pro
470 1533 710 1591 singulari
735 1532 1078 1589 prouidentiae
1101 1530 1253 1587 ipsius
1276 1529 1515 1575 beneficio
1533 1527 1727 1585 gratias
1746 1527 1847 1584 agi-

217 1628 324 1657 mus
359 1602 679 1667 immortales,
717 1625 904 1666 nosque
943 1617 1075 1654 totos
1108 1607 1327 1652 vnanimi
1367 1604 1614 1662 suffragio
1649 1603 1848 1649 Domini

214 1691 322 1735 Iesu
350 1689 585 1746 obsequio
609 1689 700 1734 sub
725 1697 842 1733 tuae
867 1686 1160 1743 magisterio
1180 1683 1283 1730 Pstis
1305 1698 1562 1740 vouemus,
1585 1697 1845 1728 consecra-

217 1784 342 1823 mus,
369 1767 674 1820 dedicamuS,
701 1779 1065 1822 precamurque
1091 1772 1143 1808 vt
1162 1763 1255 1808 hoc
1273 1761 1467 1807 humilis
1487 1760 1756 1807 voluntatis
1774 1775 1848 1804 sa-

217 1844 455 1890 crificium
481 1843 590 1888 Deo
614 1842 797 1899 tibique
822 1842 1040 1887 oblatum
1076 1849 1314 1898 tanquam
1349 1847 1702 1884 sacrosanctae
1736 1836 1848 1881 obe-

218 1922 432 1967 dientiae
457 1921 758 1966 arrabonem
784 1918 1114 1964 certissimum
1149 1926 1357 1974 paterno
1392 1916 1579 1961 affectu
1613 1914 1845 1971 accipias

219 1999 597 2044 Praestolamur
622 1996 818 2042 interim
844 1995 1188 2041 anhelantibus
1213 1993 1388 2040 animis
1413 1993 1850 2048 communibusque

220 2077 349 2122 votis
373 2075 643 2133 praepositi
668 2074 825 2119 nostri
849 2072 1170 2130 prouincialis
1193 2072 1505 2127 aliorumque
1540 2071 1743 2116 Patrum
1778 2085 1851 2114 re-

220 2155 389 2209 ditum,
413 2153 493 2210 qui
512 2168 604 2198 ceu
624 2152 771 2197 viuae
791 2151 1029 2208 epistolae
1049 2158 1254 2196 sanctae
1273 2147 1684 2206 congregationis
1702 2146 1850 2192 admi-

220 2232 432 2277 nistrata
456 2229 660 2286 negotia
685 2229 747 2274 ad
766 2228 996 2274 eximiam
1020 2226 1287 2273 Societatis
1307 2225 1668 2283 promotionem
1687 2233 1735 2269 et
1755 2223 1852 2269 ani-
1897 2255 1901 2261 ι

222 2325 414 2355 marum
440 2307 831 2354 consolationem
856 2306 997 2351 nobis
1023 2313 1313 2362 praesentes
1338 2303 1576 2349 referent.
1614 2302 1853 2347 Dominus

224 2387 420 2444 quidem
446 2386 708 2442 episcopus
732 2384 1105 2429 clai-montanus
1129 2383 1162 2439 ⁸,
1189 2381 1268 2439 qui
1293 2381 1339 2426 in
1364 2396 1454 2426 sua
1482 2379 1698 2425 dioecesi
1728 2393 1854 2423 nunc

228 2475 477 2521 versatur,
504 2463 711 2509 Patrum
736 2462 1063 2507 lusitanorum
1083 2475 1171 2517 per
1196 2458 1498 2504 Aruerniam
1518 2457 1730 2503 reditum
1751 2471 1853 2513 spe-

273 2635 280 2653 ¹
334 2633 396 2670 Ex
416 2632 670 2679 autographo
689 2632 729 2667 in
749 2630 884 2667 codice
907 2629 999 2666 Gal.
1021 2627 1091 2671 53,
1117 2629 1138 2664 4
1166 2627 1222 2671 ff..
1254 2640 1320 2664 nn.
1353 2625 1520 2671 145-14&
1550 2626 1660 2673 prius
1686 2623 1854 2677 204-210.

226 2693 459 2731 Secundum
486 2692 679 2734 HANSEN,
706 2690 972 2728 Rhez‘m'sclze
989 2689 1186 2731 Aktenw
1206 2687 1289 2730 767,
1311 2691 1422 2724 extat
1441 2685 1718 2733 apographum
1738 2684 1779 2720 in
1797 2695 1856 2720 ar-

227 2753 342 2790 chivo
361 2752 595 2789 coloniensi.

274 2813 285 2831 ²
336 2812 494 2849 Electio
513 2811 606 2848 novi
626 2810 845 2858 praepositi
864 2808 1073 2856 generalis
1091 2807 1230 2844 incidit
1249 2807 1289 2843 in
1314 2806 1420 2843 diem
1444 2805 1467 2842 2
1488 2804 1587 2852 Julii
1613 2804 1856 2850 subsequen-

227 2873 293 2908 tis.
320 2871 388 2909 Cf.
415 2872 569 2909 Laim'z'
585 2871 798 2913 [lfonum.‚
819 2868 974 2914 11L39³
996 2881 1082 2915 sqq.
1104 2866 1336 2904 praemittit
1362 2878 1461 2912 ergo
1488 2863 1752 2912 Clayssonius
1779 2863 1858 2899 ele-

227 2931 348 2968 ctioni
378 2931 709 2978 gratulationem,
742 2930 915 2977 ideoque
943 2928 1155 2975 epistolam
1184 2925 1414 2973 praeposito
1445 2924 1632 2972 generali
1664 2921 1855 2963 inscribit.

229 2992 342 3028 nullo
361 2993 523 3027 nomine
543 2991 702 3038 proprio
722 2990 869 3027 addito.

275 3051 288 3070 ⁸
342 3049 577 3088 Gulielmus
596 3063 619 3087 a
637 3050 761 3087 Prato
780 3049 849 3094 (du
866 3048 992 3093 Prat).
