1925 3509
567 333 802 370 3.-E130RA
829 333 871 369 31
901 332 1149 369 DECEMBRIS
1180 331 1269 368 1556
1642 331 1685 367 13

85 445 224 486 ¹quas
258 430 321 475 illi
356 428 657 485 aequissimo
683 429 845 474 animo
870 426 1290 483 libentissimoque
1314 425 1602 483 suscipiunt.
1636 425 1728 471 Ita-

99 522 191 563 que
231 522 414 563 magno
454 506 617 551 animo
656 505 718 551 ad
757 504 920 549 omnia
955 503 1135 560 parati,
1173 502 1400 560 quicquid
1432 503 1730 559 imperatum

100 594 190 641 est,
219 584 264 629 id
290 584 527 629 alacriter
552 591 879 640 exequuntur.
908 581 971 626 Et
995 581 1109 626 licet
1134 581 1344 626 uirtutes
1364 595 1531 625 omnes
1551 579 1731 625 studio-

100 676 151 707 se
185 662 594 718 complectantur,
631 670 794 705 tamen
831 659 877 703 in
912 658 1206 713 obedientia,
1246 673 1393 714 quam
1428 657 1730 713 peculiarem

100 738 366 784 Societatis
401 748 603 783 nostrae
638 736 871 781 uirtutem
903 750 1012 780 esse
1038 735 1332 790 intelligunt,
1360 734 1428 779 ita
1453 750 1505 779 se
1530 743 1728 789 gerunt.

101 825 151 860 ut
191 815 440 860 excellere
480 814 757 859 uideantur,
803 812 1031 858 Christus
1071 810 1185 867 Opt.
1229 811 1385 862 Max..
1428 811 1503 855 cui
1544 826 1595 855 se
1630 820 1732 855 tam

101 891 310 937 fideliter
350 893 567 943 tradunt,
611 905 698 936 eos
737 891 797 935 ad
838 898 1037 946 optatos
1076 888 1237 934 exitus
1277 888 1538 945 prouehat.
1586 887 1733 944 Quod

101 981 267 1015 autem
292 970 354 1014 ad
379 984 550 1014 eorum
574 967 908 1013 ualetudinem
941 967 1131 1023 attinet,
1170 981 1452 1022 quanquam
1487 965 1623 1011 multi
1658 980 1731 1009 su—

100 1046 378 1102 perioribus
419 1045 667 1090 mensibus
706 1044 750 1088 in
791 1043 960 1106 uarios
999 1044 1200 1088 morbos
1235 1042 1525 1099 inciderunt,
1563 1057 1734 1087 omnes

101 1133 264 1169 tamen
292 1124 381 1168 hoc
408 1132 631 1178 tempore
657 1122 839 1178 ualent,
862 1136 958 1166 uno
979 1130 1206 1176 excepto,
1229 1120 1308 1176 qui
1333 1120 1498 1172 etiam,
1527 1129 1578 1164 ut
1602 1119 1732 1165 uide-

103 1210 199 1257 tur,
228 1201 367 1245 breui
393 1216 456 1245 ex
482 1200 656 1245 morbo
681 1198 1011 1244 recreabitur.

164 1278 230 1322 11.
299 1276 375 1321 De
401 1276 596 1333 collegii
621 1291 741 1321 uero
766 1274 991 1320 aedificio
1016 1273 1130 1319 nihil
1154 1274 1466 1319 scribendum
1496 1274 1591 1319 hoc
1614 1283 1733 1319 tem-

100 1370 221 1411 pore
255 1354 465 1409 uidetur‚
504 1352 734 1410 quoniam
768 1352 864 1397 iam
899 1351 1064 1396 onmia
1098 1352 1161 1396 ad
1191 1360 1238 1396 te
1263 1351 1448 1407 scripta
1472 1366 1580 1396 esse
1605 1350 1735 1395 arbi-

99 1442 304 1476 tramur.
334 1430 455 1475 Illud
479 1441 663 1485 tamen,
698 1428 827 1485 quod
863 1438 1037 1485 postea
1072 1428 1291 1473 additum
1325 1443 1433 1473 esse
1467 1427 1731 1483 credimus,

101 1508 443 1565 adiungemus.
473 1506 726 1552 Habemus
752 1506 797 1551 in
823 1506 983 1551 medio
1018 1505 1256 1562 peristylo
1290 1505 1477 1550 fontem
1511 1520 1575 1550 ex
1606 1519 1734 1549 mar-

100 1601 256 1642 more,
284 1585 408 1630 miro
433 1600 584 1641 opere
604 1593 961 1640 constructum,
984 1599 1045 1628 ex
1066 1599 1160 1640 quo
1180 1598 1276 1628 non
1298 1598 1458 1639 parua
1477 1583 1552 1628 uis
1572 1597 1733 1639 aquae

99 1664 225 1709 belle
249 1678 368 1708 sane
396 1661 515 1707 fluit.
543 1660 696 1706 Cuius
719 1659 936 1718 jucundo
956 1670 1162 1716 aspectu
1182 1660 1320 1705 locus
1344 1659 1423 1704 ille
1448 1668 1598 1717 totus,
1621 1658 1736 1704 licet

101 1741 198 1786 iam
233 1749 364 1784 esset
397 1748 652 1784 structura
686 1753 776 1783 sua
800 1746 993 1793 gratus,
1021 1747 1227 1793 propter
1252 1737 1432 1782 multas
1458 1736 1633 1793 quibus
1658 1752 1734 1781 or-

100 1826 246 1862 natus
286 1825 360 1863 est
401 1831 708 1861 marmoreas
749 1815 1019 1871 columnas,
1062 1823 1228 1859 tamen
1268 1815 1420 1859 multo
1461 1822 1536 1859 est
1570 1814 1735 1859 factus

100 1895 294 1939 laetior.
323 1893 451 1938 Tres
490 1902 756 1949 praeterea
789 1892 991 1937 scholae
1026 1891 1320 1938 aedificatae
1355 1901 1483 1949 sunt,
1522 1907 1733 1949 quarum

100 1988 198 2017 una
223 1972 268 2016 in
289 1987 385 2028 qua
405 1970 713 2027 philosophia
733 1970 1013 2026 exponitur,
1036 1969 1133 2015 iam
1153 1970 1378 2026 perfecta
1399 1979 1488 2027 est;
1512 1970 1735 2026 reliquae

102 2050 227 2095 duae
261 2049 477 2094 nondum
512 2049 656 2104 plane
690 2060 800 2093 sunt
835 2048 1113 2093 absolutae.
1142 2047 1337 2093 Verum
1371 2063 1483 2093 cum
1507 2047 1735 2104 princeps

102 2126 368 2172 cardinalis
392 2124 679 2182 Olisippone
704 2125 909 2176 uenerit,
933 2124 1112 2181 omnia,
1135 2134 1187 2170 ut
1207 2140 1482 2181 speramus,
1506 2125 1735 2169 absoluta

102 2203 424 2260 perfectaque
463 2202 768 2247 habebimus.
812 2200 953 2247 Haec
991 2212 1119 2258 sunt,
1162 2200 1315 2246 Pater
1348 2201 1569 2254 colende,
1608 2216 1735 2257 quae

102 2280 241 2326 nobis
265 2279 596 2325 scribentibus
620 2287 906 2333 occurrunt3
935 2278 1175 2334 reliquum
1199 2288 1289 2335 est,
1312 2287 1364 2323 ut
1388 2287 1435 2323 te
1455 2293 1656 2323 oremus
1675 2293 1736 2322 ne

103 2357 149 2402 in
172 2357 403 2413 precibus
427 2354 782 2411 sacrificiisque
806 2355 991 2400 sanctis
1014 2355 1170 2400 nostri
1195 2354 1522 2411 obliuiscaris,
1551 2364 1601 2400 ut
1620 2370 1648 2399 a
1668 2364 1733 2412 te,

103 2443 156 2479 ut
190 2449 403 2490 aequum
436 2442 526 2485 est,
564 2430 717 2477 adiuti
736 2447 826 2488 pro
852 2432 1047 2477 nomine
1070 2432 1190 2492 Jesu
1214 2433 1338 2478 haec
1362 2441 1499 2478 recte
1523 2447 1736 2488 exequa-

104 2527 229 2567 mur,
271 2519 319 2556 et
356 2510 418 2555 ad
458 2510 555 2554 alia
594 2509 786 2554 maiora
825 2518 930 2554 toto
970 2518 1172 2566 pectore
1212 2509 1506 2565 aspiremus.
1550 2509 1734 2554 Datum

107 2588 308 2635 Eborae
331 2587 487 2644 pridie
512 2586 744 2631 calendas
769 2586 993 2646 Januarii
1018 2586 1129 2632 1557
1154 2588 1184 2632 ¹.

195 2665 334 2711 Iussu
359 2663 523 2709 Patris
547 2662 745 2712 Leonis.

915 2778 940 2828 †
974 2773 1292 2819 FRANCISCUs
1326 2773 1559 2819 MORALIS
1583 2775 1612 2819 2.

156 2967 167 2985 ¹
220 2964 366 3001 Annus
402 2963 562 3000 videtur
596 2963 676 2999 alia
711 2974 832 2998 manu
867 2961 1036 2998 additus.
1074 2962 1240 2997 Revera
1275 2961 1446 3008 epistola
1481 2963 1628 3010 scripta
1662 2963 1737 3001 fuit

109 3037 212 3061 anno
234 3024 336 3061 1556.
359 3022 423 3060 Cf.
446 3022 582 3068 Epist.
604 3022 854 3068 Quadrz'm..
875 3020 949 3062 IV,
970 3020 1051 3063 451,
1073 3019 1154 3056 520.

156 3083 168 3102 ²
219 3082 283 3119 De
303 3083 375 3118 hoc
394 3081 519 3118 fratre
539 3079 588 3117 ef.
609 3080 852 3122 PoLANCUM,
876 3079 1037 3122 Clzron,
1060 3078 1134 3122 VI,
1153 3078 1235 3123 279;
1265 3078 1458 3117 Litterae
1484 3080 1734 3127 Quadrima,

107 3143 184 3179 loc.
206 3142 288 3183 cit.,
309 3141 390 3177 451.
