1909 3328
276 244 343 280 79C
747 245 968 281 errERAE
995 245 1353 290 QUADfflMEs‘riffls

228 349 362 384 stros
386 339 726 383 confessarios
751 340 1071 386 libentissime
1095 342 1272 387 obtulit
1296 343 1359 387 ad
1394 343 1667 389 audiendas
1703 344 1858 401 singu·

229 418 387 460 larum
414 415 810 474 confession[es];
847 433 994 474 quam
1031 419 1332 474 prouintiam
1368 419 1470 476 ipse
1506 436 1617 465 cum
1653 420 1869 466 caeteris

228 494 460 538 Patribus
485 494 669 539 nostris
693 493 957 551 diligenter
981 496 1152 553 obiuit,
1180 513 1275 541 non
1311 497 1415 542 sine
1451 498 1668 543 maximo
1702 499 1868 544 mulie-

227 586 335 614 rum
360 570 555 614 illarum
582 570 750 617 fructu
776 582 821 617 et
848 572 997 617 totius
1017 573 1235 618 ciuitatis
1257 573 1468 619 mirabili
1489 575 1877 631 approbatione„

228 646 422 703 Quotus
448 647 651 703 quisque
676 648 802 693 enim
830 649 1059 694 inuentus
1078 660 1227 707 esset,
1256 650 1335 707 qui
1361 666 1473 695 cum
1505 651 1717 696 maxime
1753 652 1869 696 solis

226 724 407 768 ardore
433 723 775 782 infestaretur,
803 734 933 770 totos
959 726 1062 771 dies
1086 736 1374 772 contereret
1400 728 1441 771 in
1470 727 1725 773 audiendis
1757 743 1867 773 con-

225 801 544 846 fessionibus?
579 801 855 847 Praeterea
890 804 1122 859 quoniam
1159 804 1392 850 mulieres
1427 805 1520 850 hae
1554 820 1664 850 cum
1701 805 1869 851 liberis

227 877 427 922 omnino
445 878 594 923 rudes
612 889 757 924 erant
774 889 821 924 et
840 880 1051 937 ignarae
1069 882 1326 927 doctrinae
1347 882 1666 937 christianae,
1690 883 1869 939 quippe

225 972 351 1013 quae
376 957 674 1012 syluestrem
701 957 745 1001 in
774 959 1024 1004 montibus
1051 959 1202 1004 vitam
1222 976 1421 1016 semper
1441 961 1678 1017 egissent,
1702 962 1869 1007 decre-

224 1034 292 1078 uit
316 1034 465 1079 etiam
492 1034 544 1079 P.
573 1043 741 1080 noster
768 1045 936 1081 rector
961 1036 1032 1093 (ut
1057 1037 1276 1082 charitas
1308 1037 1521 1094 undique
1546 1037 1771 1094 perfecta
1796 1054 1867 1084 es-

224 1110 317 1167 set)
343 1122 394 1155 ut
419 1111 835 1167 quemadmodum
860 1112 958 1157 iam
984 1129 1013 1158 a
1038 1123 1361 1169 peccatorum
1387 1115 1618 1160 sordibus
1643 1131 1731 1171 per
1755 1131 1867 1160 con-

223 1187 493 1233 fessionem
519 1189 699 1246 er[ant]
729 1190 946 1246 ablutae,
976 1190 1043 1236 ita
1067 1200 1115 1235 et
1141 1191 1506 1238 instruerentur
1532 1193 1623 1237 illis
1642 1208 1867 1249 praeser—

225 1265 309 1310 tim
346 1267 496 1311 rebus
531 1282 655 1323 quas
689 1267 988 1313 christianos
1023 1285 1195 1315 omnes
1231 1270 1360 1315 scire
1401 1280 1615 1327 oportet,
1660 1271 1868 1327 ideoque

225 1343 412 1389 fratres
439 1345 593 1390 nostri
620 1345 751 1390 iussu
779 1346 1127 1392 sanctissimae
1152 1348 1463 1393 obedientiae
1483 1349 1607 1393 haec
1643 1349 1868 1394 oratoria

225 1421 504 1467 circuibant
530 1422 574 1466 in
601 1423 779 1479 quibus
803 1425 1049 1469 docebant
1076 1425 1227 1470 Pater
1251 1435 1299 1471 et
1324 1428 1435 1471 Aue
1460 1427 1623 1471 Maria
1642 1436 1866 1472 caetera-

224 1515 317 1555 que
342 1515 469 1555 quae
494 1501 783 1545 necessaria
810 1501 1125 1560 videbantur,
1160 1514 1309 1561 atque
1345 1504 1421 1548 hic
1456 1504 1650 1549 fructus
1684 1520 1742 1549 eo
1778 1504 1869 1550 fuit

223 1577 443 1633 uberior,
482 1593 577 1633 quo
616 1577 927 1634 frequentior
966 1579 1057 1624 fuit
1096 1580 1398 1626 audientium
1440 1591 1488 1626 et
1527 1582 1866 1637 ignorantium

223 1669 476 1699 numerus
504 1654 731 1700 Fuerunt
755 1665 922 1701 autem
947 1667 1219 1703 sexcentae
1249 1669 1297 1703 et
1332 1675 1390 1703 eo
1425 1660 1633 1715 amplius
1670 1660 1867 1705 animae

224 1746 351 1787 quae
374 1747 463 1787 per
489 1732 612 1777 haec
637 1733 880 1790 oratoria,
909 1749 1036 1790 quae
1061 1735 1177 1792 dixi,
1213 1745 1358 1781 erant
1394 1736 1701 1793 dispertitae,
1742 1736 1869 1782 vnde

224 1819 387 1854 ortum
414 1819 489 1854 est
514 1820 562 1854 ut
590 1811 702 1854 dum
729 1810 961 1856 miseram
997 1813 1289 1858 turcharum
1323 1814 1615 1859 seruitutem
1652 1813 1863 1870 fugiunt,

224 1888 268 1931 in
294 1887 575 1933 libertatem
604 1887 815 1933 filiorum
840 1888 933 1933 Dei
959 1889 1143 1935 fuerint
1165 1891 1464 1942 vindicatae,
1489 1901 1536 1936 et
1555 1891 1730 1936 sedato
1756 1892 1864 1935 bar»

224 1966 464 2009 barorum
500 1966 730 2020 tumultu,
768 1966 830 2010 ad
870 1968 981 2011 loca
1022 1967 1226 2024 propria
1266 1967 1536 2013 incolumes
1577 1968 1865 2024 liberaeque

226 2042 478 2087 redierint.
503 2041 804 2087 Benedictus
824 2042 976 2099 Deus,
1000 2043 1079 2099 qui
1099 2044 1192 2088 hoc
1211 2044 1657 2100 periculossissimo
1678 2054 1865 2101 tempo-

226 2135 296 2176 re,
340 2135 450 2164 cum
490 2118 773 2177 angus[tiis]
815 2121 1045 2165 maximis
1084 2130 1133 2166 et
1170 2132 1366 2167 terrore
1405 2138 1578 2167 omnes
1618 2137 1864 2179 premere-

227 2213 354 2253 mur,
382 2208 499 2242 tunc
523 2197 777 2254 inopinato
802 2198 1008 2243 consilio
1033 2198 1277 2244 iacentem
1304 2209 1352 2245 et
1371 2199 1611 2245 afflictum
1633 2200 1866 2257 populum

227 2274 419 2331 extulit,
448 2274 688 2333 spir[i]tus
713 2284 882 2320 autem
907 2275 1105 2321 feroces
1128 2278 1417 2334 animosque
1442 2277 1704 2334 depressit.

283 2353 325 2397 dl.
393 2352 444 2397 In
471 2352 600 2398 festo
624 2353 922 2398 sanctissimi
948 2354 1174 2410 corporis
1192 2354 1294 2411 Xi.,
1317 2371 1427 2400 cum
1448 2354 1508 2400 de
1528 2371 1668 2400 more
1687 2355 1864 2412 suppli·

224 2430 356 2475 catio
380 2430 598 2479 solennis
622 2445 711 2486 per
733 2430 872 2475 uicos
896 2430 1112 2476 ciuitatis
1135 2431 1258 2489 fieri,
1286 2441 1335 2477 et
1360 2447 1447 2488 per
1482 2432 1746 2489 collegium
1782 2447 1863 2477 no-

224 2516 383 2553 strum
418 2507 626 2564 singulis
657 2508 798 2553 annis
832 2508 1052 2553 transire
1087 2508 1265 2565 soleat,
1302 2509 1477 2554 eodem
1511 2518 1760 2565 apparatu
1785 2508 1866 2566 (ne

226 2583 388 2629 dicam
413 2584 610 2642 maiori)
635 2595 867 2641 suscepta
891 2601 920 2630 a
952 2585 1135 2630 nostris
1169 2595 1259 2642 est,
1299 2601 1393 2642 quo
1428 2585 1669 2642 proximis
1702 2585 1860 2642 annis,

228 2662 519 2718 excogitata
544 2672 711 2707 tamen
736 2677 868 2707 noua
891 2661 1192 2719 inuentione‚
1220 2678 1348 2719 quae
1372 2671 1421 2708 et
1445 2663 1618 2708 oculos
1640 2672 1689 2707 et
1715 2677 1878 2707 aures-

226 2748 475 2794 pasceret.
499 2739 791 2797 animosque
816 2738 1176 2797 vehemen[ter]
1196 2740 1443 2785 excitaret
1461 2739 1524 2784 ad
1543 2755 1768 2785 amorem
1786 2754 1861 2784 sa-

228 2816 488 2862 cramenti.
516 2815 645 2861 Nam
670 2826 722 2861 ut
746 2815 1021 2861 ommittam
1045 2825 1266 2872 tapetum
1293 2816 1610 2873 varietatem,
1650 2815 1860 2872 pulchri-

226 2892 544 2949 tudinemque
579 2892 754 2949 quibus
784 2893 865 2938 uia
895 2892 1089 2950 omn[is]
1125 2904 1233 2938 erat
1267 2902 1464 2950 ornata,
1500 2893 1562 2938 R.
1600 2893 1652 2938 P.
1692 2902 1877 2938 rector-

225 2969 474 3025 decerpsit
523 2985 586 3015 ex
638 2968 800 3015 Sacra
855 2967 1121 3026 Scriptura
1164 2969 1472 3026 potissimum
1527 2970 1877 3015 authoritates¹

226 3046 467 3101 quasdam
501 3046 563 3090 ad
599 3045 892 3103 dignitatem
925 3045 1228 3092 sacramenti
1263 3046 1565 3102 pertinentes
1600 3046 1645 3091 in
1680 3044 1860 3102 triplici
