1900 3380
539 227 837 264 7:3.—C01.ox1.x
873 227 1043 273 itui-111
1075 227 1163 262 1337
1546 228 1616 264 297

48 323 264 369 moribus
290 322 475 368 distare
510 322 755 368 uidentur.
795 321 1033 367 Libenter
1066 322 1394 377 poenitentias
1428 323 1670 367 iniunctas

45 400 330 457 suscipiunt,
370 415 458 444 sua
493 408 666 456 sponte
701 400 846 444 toties
881 398 1177 444 confitentur
1201 414 1261 443 ac
1285 400 1668 455 communicant,

46 487 192 534 atque
222 477 424 533 fratres,
452 477 736 532 superiores
759 492 876 521 suos
900 477 1171 521 obseruant
1195 485 1243 521 et
1268 478 1449 529 colunt,
1478 492 1529 521 se
1557 477 1597 520 in
1609 477 1669 521 ui-

45 569 150 600 cem
174 562 227 598 ut
249 552 434 599 fratres
458 564 626 598 amant
650 562 698 598 et
723 562 925 609 praeter
949 568 1145 598 omnem
1180 553 1373 609 patriae
1409 564 1667 598 consuetu-

46 631 204 676 dinem
245 629 316 687 (ut
351 639 399 675 et
431 630 617 676 caeteri
658 629 898 686 discipuli)
938 630 1204 675 coronulas
1238 646 1356 674 suas
1391 630 1587 675 habent.
1629 631 1667 675 ..X

46 706 275 752 Patribus
300 706 482 752 nostris
515 707 797 763 neutiquam
833 707 1059 763 separari
1094 707 1290 751 uellent.
1318 706 1371 751 In
1407 707 1499 751 hoc
1524 723 1552 751 a
1576 707 1671 752 fra-

45 784 200 829 tribus
239 784 491 840 differunt,
534 785 663 840 quod
698 782 962 829 Societatis
991 790 1008 810 ³
1041 800 1136 829 non
1171 793 1299 829 sunt.
1331 783 1473 828 Vnus
1508 793 1670 829 tamen

45 877 232 917 eorum,
278 863 533 907 rhetorum
579 861 685 907 fere
724 861 1038 918 praecipuus,
1080 861 1225 906 ualde
1265 861 1327 906 ad
1368 859 1671 906 Societatem

46 939 272 985 trahitur.
303 937 400 984 Sed
436 939 516 984 diu
551 939 808 995 deliberat,
835 940 1026 985 iuuenis
1060 939 1187 984 enim
1225 948 1425 995 praeter
1460 948 1673 984 aetatem

46 1017 258 1075 prudens
283 1025 372 1071 est,
401 1026 449 1062 et
474 1017 696 1069 eximius,
725 1026 775 1062 ut
799 1033 963 1073 spero,
991 1017 1083 1062 Dei
1109 1017 1330 1062 minister
1355 1016 1567 1062 futurus.

101 1095 144 1140 A.
216 1094 351 1140 Multi
385 1094 584 1151 insuper
619 1094 971 1151 discipulorum
1006 1095 1085 1151 qui
1121 1094 1375 1139 nobiscum
1411 1080 1505 1139 non
1542 1095 1673 1139 habi—

45 1182 164 1228 tant,
187 1182 368 1218 octauo
393 1181 479 1218 aut
503 1173 866 1229 decimoquinto
893 1188 1086 1230 quoque
1111 1173 1186 1218 die
1212 1182 1421 1228 peccata
1441 1171 1674 1217 confiten-

46 1259 125 1295 tur
155 1259 203 1295 et
232 1250 598 1295 sanctissimum
636 1249 820 1295 Christi
855 1266 1038 1307 corpus
1072 1261 1344 1295 assumunt.
1378 1249 1675 1295 Dialectico-

47 1343 153 1372 rum
188 1343 382 1383 quoque
418 1341 554 1372 umas
587 1326 1024 1372 adbSocietatem
1064 1327 1255 1372 admitti
1294 1326 1560 1372 desiderat.
1598 1326 1675 1371 Li-

47 1405 287 1450 centiatus
312 1405 449 1458 iuris,
476 1420 600 1450 coss.
632 1404 894 1450 Liskirchii
918 1407 930 1429 ¹
957 1404 1134 1461 affinis,
1157 1405 1396 1449 famulum
1421 1419 1563 1450 suum
1588 1403 1675 1450 So-

47 1482 211 1528 cietati
248 1482 438 1528 obtulit:
466 1482 494 1527 6
516 1483 835 1538 grammatici
869 1483 1054 1540 ingenti
1091 1482 1337 1528 desiderio
1369 1482 1432 1527 ad
1455 1481 1674 1527 Societa-

49 1569 143 1605 tem
167 1560 416 1605 anhelant.
445 1559 550 1604 Hos
575 1559 620 1604 in
647 1560 775 1605 bono
800 1560 893 1605 isto
919 1560 1172 1617 proposito
1197 1575 1504 1605 conseruare
1527 1574 1674 1604 cona-

48 1637 206 1684 bimur
232 1637 553 1694 quoadusque
589 1637 652 1682 ad
685 1653 774 1683 nos
810 1646 1096 1683 reuertatur
1126 1638 1186 1682 R.
1224 1637 1278 1683 P.
1317 1637 1612 1682 Leonardus
1642 1638 1674 1682 ⁹2.

48 1715 154 1760 Non
190 1714 387 1760 aliunde
420 1715 498 1759 hic
535 1714 736 1760 vberior
769 1716 943 1761 messis
978 1715 1244 1772 colligitur,
1272 1730 1419 1771 quam
1442 1715 1572 1771 apud
1596 1715 1678 1759 du—

48 1793 183 1839 ctiles
219 1793 493 1838 huiusmodi
528 1793 889 1839 adolescentes.
919 1793 1191 1839 Caetermn
1216 1807 1313 1850 qno
1339 1794 1523 1838 messis
1552 1793 1680 1837 llaec

50 1870 324 1927 colligatur
354 1870 577 1927 vberius„
615 1871 771 1916 alcide
810 1870 1093 1916 admodum
1133 1876 1468 1926 expectamus
1506 1870 1571 1915 R.
1614 1870 1674 1915 P.

49 1947 398 2003 Leonardmn,
425 1951 473 1992 et
506 1952 780 2005 utrumqne
813 1947 880 1992 ill.
928 1947 1312 2001 Tsecmimv'canz,
1350 1947 1677 1993 Amsz‘eroda-

51 2030 260 2070 mulnet
285 2025 554 2070 Canistnm
579 2026 619 2070 ³:
642 2039 768 2082 cynos
791 2026 921 2070 dnos
943 2026 992 2070 si
1013 2026 1184 2070 (tdlzztc
1205 2025 1418 2071 Colonia
1436 2026 1674 2077 obtineat,

50 2102 288 2158 deinceps
321 2106 572 2160 tanquam
593 2102 868 2160 foecunda
902 2107 1070 2147 liniter
1102 2116 1202 2147 non
1235 2106 1388 2159 petet,
1414 2102 1508 2147 sed
1539 2102 1678 2147 colle-

2 2187 5 2190 ”
47 2179 151 2237 giis
175 2180 294 2225 aliis
317 2179 474 2236 dabit,
500 2179 1033 2237 speramns,fraires.

106 2257 148 2302 5.
215 2257 345 2303 Ante
378 2273 572 2302 menses
607 2257 794 2314 aliquot
828 2257 1088 2302 adiunctus
1123 2257 1263 2303 nobis
1297 2257 1387 2302 fuit
1421 2257 1676 2303 cuiusdam

96 2423 112 2444 a
184 2417 232 2453 de
252 2416 457 2454 Societate
478 2423 626 2454 nostra.
693 2417 759 2446 -b
835 2431 935 2454 vnus
954 2418 1003 2454 ad
1027 2418 1129 2463 [sit-l.

98 2561 106 2580 ¹
159 2560 450 2598 Constantinus
469 2561 738 2607 Lyskirchen.

97 2620 109 2639 2
158 2620 205 2656 P.
230 2621 471 2657 Leonardus
490 2620 652 2665 Kessel,
674 2627 807 2657 rector
826 2621 935 2657 illius
956 2622 1132 2668 collegii,
1156 2622 1222 2668 qui
1244 2623 1416 2657 Romam
1435 2620 1485 2656 ad
1504 2633 1681 2667 genera-

53 2679 131 2716 lem
149 2687 391 2718 conventum
411 2680 616 2728 protectus
635 2681 779 2718 fuerat.

97 2739 110 2758 ³
158 2739 212 2776 Hi
230 2741 307 2777 duo
327 2742 483 2777 Romae
511 2746 605 2777 tunc
632 2741 774 2777 studiis
801 2741 951 2778 dabant
970 2753 1146 2788 operam.
1179 2740 1335 2777 Neuter
1362 2739 1577 2777 Coloniam
1605 2741 1680 2777 hac

54 2802 290 2846 tempestate
311 2800 434 2845 venit.
456 2800 809 2843 Amsterodamus‚
832 2813 903 2837 seu
923 2800 1112 2844 Gerardi,
1135 2813 1224 2837 cum
1244 2800 1284 2836 in
1304 2800 1514 2837 Poloniam
1535 2813 1681 2848 perge-

52 2863 125 2903 ret,
145 2859 241 2896 obiit
259 2860 528 2906 Vindobonae
549 2861 676 2907 prima
695 2861 759 2898 die
779 2860 966 2898 Octobris
986 2861 1079 2897 anni
1102 2861 1204 2896 1553.
1227 2859 1290 2897 Cf.
1313 2860 1678 2903 BRAUNSBERGER,

53 2916 105 2955 B.
125 2918 248 2956 Petri
266 2920 433 2957 Canz'sz·2‘
449 2921 588 2966 epist„
608 2920 658 2964 ΙΙ,
679 2920 760 2958 309.
784 2920 975 2958 Canisius
995 2920 1207 2957 Coloniam
1228 2920 1385 2962 missus,
1408 2922 1446 2956 in
1467 2921 1613 2957 itinere
1630 2920 1680 2956 ad

53 2978 297 3024 superiorem
316 2979 582 3017 Germaniam
601 2981 771 3017 tendere
790 2981 924 3029 jussus
943 2986 1017 3017 est.
1041 2979 1103 3017 Cf.
1127 2979 1281 3017 Laim'z'
1299 2980 1498 3018 Monam.
1524 2980 1573 3023 ΙΙ,
1595 2980 1678 3025 572;

55 3034 410 3085 BRAUNSBERGER,
432 3041 508 3077 loe.
529 3040 612 3084 cit.,
634 3040 717 3086 313,
738 3041 820 3078 317.
