1909 3328
285 242 354 281 674
754 247 975 286 LITTERAE
1001 249 1360 295 QUADRIMESTRES

238 339 518 397 intelligens
543 344 787 399 quendam
814 344 962 391 filiam
987 362 1129 393 suam
1154 358 1302 406 atque
1327 366 1571 408 generum
1598 354 1744 400 domo
1780 356 1868 402 eie-

238 417 382 474 cisse,
411 434 502 475 pro
526 420 713 467 uiribus
745 423 1026 469 elaborauit
1061 425 1317 473 discordes
1352 429 1608 476 vnanimes
1641 432 1867 493 reddere,

238 496 368 551 quod
403 497 619 556 tandem,
658 499 821 545 diuino
857 500 1016 547 fretus
1051 503 1252 557 auxilio,
1296 505 1357 550 ad
1397 505 1541 552 finem
1576 524 1729 566 usque
1764 527 1868 567 per-

239 571 393 618 duxit.

296 651 339 695 4.
406 650 507 698 Sed
530 668 626 698 non
652 664 727 700 est
751 655 954 701 minoris
979 659 1212 704 momenti
1237 660 1367 716 quod
1387 661 1514 707 idem
1534 662 1687 709 Pater
1706 665 1868 712 diuina

237 727 500 774 clementia
524 740 822 777 consecutus
846 742 935 779 est.
975 733 1102 780 Cum
1138 736 1265 781 enim
1301 737 1376 782 uir
1410 739 1610 795 quidam
1646 742 1869 789 omnibus

235 814 366 850 esset
391 806 646 865 scandalo,
674 819 944 865 propterea
969 812 1100 867 quod
1135 812 1332 859 domum
1367 816 1613 871 quandam
1643 818 1866 877 frequen-

234 890 310 926 ter
364 882 732 943 ingrederetur,
782 888 909 934 vnde
965 890 1149 936 multae
1203 892 1509 948 suspiciones
1559 895 1865 955 oriebantur,

234 960 520 1015 praedictus
544 962 699 1009 Pater
723 965 787 1010 ab
817 966 899 1011 illo
934 967 1239 1026 impetrauit,
1274 986 1333 1016 ne
1369 971 1567 1017 domum
1602 973 1735 1019 illam
1770 991 1866 1021 am-

233 1037 358 1093 plius
383 1039 635 1087 inuiseret.

290 1116 333 1161 5.
401 1117 567 1175 Atque
592 1119 709 1164 illud
734 1120 928 1178 quidem
965 1124 1288 1170 omittendum
1324 1138 1417 1171 non
1455 1127 1702 1186 existimo,
1739 1130 1866 1186 quod

233 1194 397 1240 diuina
423 1197 764 1244 misericordia
785 1216 872 1256 per
892 1201 1138 1257 quendam
1158 1213 1361 1249 nostrae
1382 1202 1648 1252 Societatis
1670 1206 1865 1254 Patrem

232 1273 430 1328 operari
456 1274 662 1331 dignata
688 1287 775 1322 est.
800 1277 927 1323 Nam
954 1295 1065 1324 cum
1091 1280 1166 1325 uir
1191 1281 1388 1337 quidam
1423 1284 1618 1329 nomine
1653 1296 1699 1330 et
1733 1285 1865 1332 fama

231 1350 442 1396 celebris
487 1348 853 1399 sacerdotalem
899 1356 1122 1402 ordinem
1167 1358 1395 1405 doctrina
1442 1376 1535 1406 sua
1585 1361 1862 1420 decoraret,

231 1426 427 1484 (quippe
452 1429 531 1485 qui
556 1440 604 1475 et
629 1432 910 1478 sacerdotio
942 1443 988 1479 et
1023 1435 1394 1482 concionatoris
1428 1437 1592 1484 officio
1626 1439 1863 1497 fungeba—

230 1505 331 1561 tur)
356 1505 458 1562 ipse
483 1516 649 1553 tamen
674 1509 770 1554 iam
796 1519 908 1556 octo
939 1511 1018 1557 uel
1052 1528 1229 1558 nouem
1264 1514 1405 1559 annis
1438 1515 1862 1572 irregularitatem

230 1583 538 1641 incurrisset,
566 1586 625 1631 de
650 1586 742 1632 hac
768 1603 822 1633 re
846 1604 876 1633 a
900 1590 1157 1645 praedicto
1183 1590 1336 1637 Patre
1359 1592 1451 1639 fuit
1485 1594 1781 1640 admonitus:
1819 1606 1863 1641 et

230 1662 455 1717 quamuis
479 1662 677 1709 difficile
702 1665 792 1710 fuit
816 1665 945 1711 istud
970 1667 1035 1712 illi
1066 1670 1387 1726 persuadere,
1416 1681 1759 1718 verumtamen
1784 1673 1862 1719 vbi

229 1740 466 1796 cognouit
490 1740 537 1785 in
561 1751 747 1797 quanto
772 1743 992 1799 periculo
1018 1755 1149 1791 esset
1172 1748 1488 1806 constitutuS,
1515 1749 1683 1795 statim
1709 1766 1862 1796 reme-

230 1816 359 1861 dium
385 1816 721 1874 inuestigauit.
750 1820 891 1866 Alius
917 1822 1064 1867 etiam
1089 1824 1348 1882 sacerdos,
1375 1835 1638 1883 postquam
1662 1826 1863 1893 Patrem*

229 1894 472 1951 quendam
498 1896 875 1943 concionantem
900 1899 1103 1959 audiuit,
1130 1902 1324 1958 publice
1349 1902 1627 1950 declarauit
1660 1920 1713 1951 se
1744 1905 1860 1951 irre·

228 1972 456 2028 gularem
481 1988 606 2030 esse,
634 1983 783 2031 atque
808 1985 1024 2032 quatuor
1055 1994 1251 2025 menses
1284 1980 1382 2026 iam
1417 1997 1526 2027 esse
1561 1991 1858 2041 transactOS,
1908 1983 1909 1995 ²

228 2064 290 2094 ex
314 2065 409 2106 quo
434 2050 479 2095 in
505 2059 696 2096 tantum
720 2054 902 2099 malum
927 2065 1058 2100 esset
1082 2055 1331 2114 delapsus:
1359 2059 1489 2115 quod
1513 2059 1596 2105 vbi
1628 2060 1690 2105 ad
1714 2075 1859 2106 aures

227 2126 391 2172 Patris
414 2129 656 2185 peruenit,
684 2130 864 2176 obnixe
889 2132 1168 2179 elaborauit
1192 2143 1295 2181 tum
1320 2151 1380 2181 ne
1414 2151 1615 2183 sacrum
1651 2137 1856 2197 faceret,

227 2214 329 2249 tum
365 2214 416 2250 ut
450 2206 721 2252 remedium
762 2207 1043 2265 indagaret,
1086 2212 1232 2270 quod,
1274 2212 1440 2259 diuina
1479 2224 1735 2271 prestante
1769 2215 1858 2261 cle-

228 2282 430 2340 mentia,
455 2283 644 2329 factum
670 2294 760 2330 est.

284 2359 326 2405 6.
396 2359 474 2405 Ex
497 2362 816 2408 concionibus
852 2379 973 2409 uero
1007 2380 1103 2410 non
1138 2367 1355 2414 minores
1389 2369 1729 2427 percipiuntur
1761 2370 1882 2416 {ru-1

226 2445 351 2489 ctus,
379 2438 506 2494 quod
530 2438 680 2485 facile
703 2440 909 2498 intelligi
931 2451 1091 2498 potest
1111 2459 1174 2490 ex
1193 2445 1250 2491 iis
1269 2462 1397 2503 quae
1417 2447 1648 2494 dicuntur
1667 2449 1730 2494 ab
1749 2448 1852 2506 illiS‚

226 2515 306 2570 qui
330 2516 392 2560 ad
416 2531 501 2561 eas
527 2517 798 2563 audiendas
822 2521 1138 2567 conueniunt:
1176 2532 1224 2569 et
1258 2525 1473 2570 caeteris
1506 2525 1716 2583 omissis,
1755 2535 1854 2572 tan-

226 2600 329 2637 tum
354 2592 468 2638 illud
494 2592 671 2641 dicam:
699 2611 808 2641 cum
832 2596 985 2642 Pater
1010 2599 1226 2658 quidam,
1253 2600 1383 2647 facie
1413 2602 1609 2659 quidem
1643 2613 1859 2650 contem*

225 2669 421 2726 ptibilis,
472 2670 517 2715 in
567 2671 905 2718 circunuicino
956 2675 1167 2731 quodam
1222 2677 1400 2735 oppido
1453 2680 1851 2737 concionaretur,

225 2747 538 2792 sacerdotem
564 2749 808 2804 quendam
835 2750 917 2795 vix
942 2766 994 2797 se
1019 2753 1295 2809 reprimere
1319 2756 1556 2815 potuisse,
1578 2758 1691 2814 quin
1710 2760 1730 2779 a
1747 2766 1877 2803 ver-²

225 2823 297 2868 bis
322 2824 656 2884 obstenderet,
685 2828 815 2884 quod
839 2829 1003 2875 animo
1028 2842 1345 2889 conceperat:
1373 2834 1459 2880 sed
1483 2835 1711 2892 quamuis
1745 2849 1851 2882 con-

223 2899 416 2946 cionem
451 2901 817 2960 interrumpere
852 2921 948 2952 non
983 2916 1057 2953 est
1096 2923 1265 2966 aUSUS‚
1308 2910 1391 2956 illa
1428 2921 1594 2958 tamen
1633 2912 1852 2970 perfecta

271 3068 289 3086 a
340 3069 449 3115 quim
469 3082 550 3108 ms.
