1909 3328
276 292 344 326 452
750 292 844 328 L1T'1
855 303 968 328 1³.ssst
995 291 1352 336 Qu-xDRiMEsTREs

226 386 466 442 principia
491 386 731 443 declarat,
759 388 825 432 nil
848 388 1042 432 interim
1067 387 1298 431 omittens
1323 387 1381 430 de
1407 386 1462 431 iis
1489 402 1581 442 que
1602 387 1663 431 ad
1688 402 1855 442 prece-
1900 419 1902 423 -

228 472 309 517 pta
336 463 579 518 pertinent
606 463 896 509 rhetorices.
925 464 1046 508 Dns.
1082 463 1318 508 Nicolaus
1346 464 1352 486 ¹
1382 463 1626 508 rhetorice
1652 479 1858 519 prorsus
1891 501 1903 519 „

227 540 477 593 incumbit,
500 539 579 596 qui
604 541 697 584 hoc
730 556 860 585 anno
894 541 1123 597 grauiter
1158 540 1419 584 admodum
1455 550 1529 584 est
1564 539 1854 598 infirmatus,

196 608 199 611 Δ
224 626 445 661 attamen
472 617 578 661 Deo
601 616 806 673 juuante
831 618 897 662 ita
923 617 1189 671 conualuit,
1216 626 1264 660 vt
1284 626 1398 661 ante
1418 632 1505 661 sex
1524 632 1681 661 annos
1702 633 1857 674 aeque

223 694 347 738 bene
362 709 415 738 se
436 709 530 737 non
551 694 780 739 habuisse
799 703 1023 743 testetur;
1048 710 1105 738 ea
1123 693 1357 750 siquidem
1383 692 1426 736 in
1437 692 1641 738 firmitas
1660 709 1856 739 omnem

224 771 501 827 langorem,
529 786 625 826 quo
651 770 785 827 prius
810 771 1139 825 detinebatur,
1167 770 1428 836 abstulisse
1454 770 1664 815 videtur.
1689 770 1854 827 Magr.
1884 767 1899 803 f

223 847 474 893 Oliuerius
500 848 513 871 ²
540 847 619 903 qui
644 858 843 903 praeest
869 848 1033 904 quinte
1069 847 1230 901 classi,
1267 846 1365 903 jam
1401 847 1704 891 semiannum
1738 847 1856 892 inte·
1892 904 1894 906 .

222 939 369 980 grum
392 923 531 969 febre
557 935 801 980 quartana
826 924 1090 975 laborauit,
1120 924 1256 968 cuius
1276 924 1553 968 molestiam
1573 932 1673 968 tam
1696 939 1855 980 aequo
1887 931 1890 935 '

224 1001 387 1046 animo
412 1002 634 1051 sustinet,
666 1010 717 1045 vt
740 1002 803 1046 nil
829 1001 974 1046 officii
1000 1001 1210 1045 omittat.
1246 1000 1355 1045 Hoc
1380 1016 1546 1045 mense
1572 1000 1670 1057 (qui
1706 1001 1854 1046 etiam
1884 1008 1886 1010 ’

223 1093 390 1122 mense
414 1077 708 1133 Septembre
742 1078 1017 1134 laboraret)
1054 1078 1219 1134 Magr.
1257 1077 1503 1122 Antonius
1534 1078 1565 1130 3,
1601 1078 1679 1133 qui
1714 1088 1855 1124 sexte

221 1154 369 1199 classi
394 1154 680 1210 praefectus
704 1164 793 1211 est,
821 1164 924 1200 tam
948 1155 1177 1211 grauiter
1203 1154 1451 1199 laborauit
1478 1164 1529 1198 vt
1554 1154 1612 1199 de
1648 1155 1752 1199 vita
1777 1171 1854 1211 pe·
1882 1146 1883 1202 J

223 1231 467 1277 riclitatus
492 1232 568 1288 sit;
596 1232 682 1276 sed
707 1232 936 1277 misertus
960 1233 1117 1276 nostri
1143 1232 1385 1276 Dominus
1420 1232 1638 1276 maxima
1672 1233 1852 1277 sanita·
1895 1283 1897 1286 ,

220 1309 279 1354 tis
303 1311 679 1365 recuperandae
704 1311 878 1366 prebet
902 1310 1096 1355 indicia.

278 1386 320 1431 3.
389 1386 498 1431 Hoc
522 1401 652 1430 anno
678 1402 772 1431 non
797 1387 941 1431 modo
965 1386 1089 1430 haec
1113 1386 1289 1431 ciuitas
1315 1386 1466 1431 variis
1491 1401 1551 1431 ac
1576 1387 1771 1442 magnis
1790 1387 1854 1432 in·
1894 1435 1896 1437 ,

223 1463 539 1508 firmitatibus
575 1463 815 1508 afflictata
851 1463 957 1519 fuit,
985 1479 1160 1507 verum
1196 1463 1343 1508 etiam
1378 1473 1484 1508 tota
1518 1463 1642 1508 haec
1666 1464 1852 1509 Aruer·
1878 1452 1890 1462 ⁰

219 1541 316 1595 nia3
345 1556 438 1597 que
464 1541 658 1597 quidem
684 1556 764 1585 res
787 1556 884 1585 non
910 1556 1085 1596 parum
1112 1549 1308 1584 nostros
1336 1540 1532 1585 labores
1558 1541 1603 1584 in
1630 1541 1852 1586 erudien-
1881 1572 1890 1588 ,,

220 1618 282 1662 da
305 1617 564 1674 juuentute
598 1617 812 1673 quotidie
842 1626 1102 1673 susceptos
1142 1628 1398 1661 remorata
1428 1627 1518 1662 est.
1555 1617 1684 1662 Nam
1710 1618 1867 1674 ple1·i-‘

222 1710 315 1751 que
340 1695 693 1751 discipulorum
717 1694 827 1739 hinc
848 1694 1027 1739 domun
1055 1694 1240 1739 reuerti
1266 1695 1328 1739 ob
1346 1693 1633 1751 frequentes
1656 1694 1850 1740 infirmi·
1871 1691 1877 1730 Ἀ

222 1782 349 1817 tates
369 1772 530 1817 coacti
550 1772 768 1822 fuerunt:
792 1787 882 1816 nec
901 1782 1002 1816 tam
1022 1771 1283 1827 diligenter
1303 1772 1348 1816 id
1364 1787 1546 1817 curare
1566 1781 1848 1829 potuerunt,

222 1849 331 1906 quin
365 1849 501 1894 multi
538 1849 891 1905 discipulorum
926 1848 982 1893 iis
1017 1849 1202 1894 morbis
1237 1848 1534 1894 affectorum
1570 1865 1596 1894 e
1629 1850 1733 1895 vita
1773 1851 1848 1895 de·
1868 1843 1874 1914 J

217 1926 373 1972 functi
398 1926 510 1971 sint.
539 1926 762 1971 Necdum
789 1925 870 1981 (ob
895 1925 1027 1970 aeris
1063 1925 1402 1981 intemperiem
1436 1926 1572 1983 puto)
1596 1918 1869 1972 infirmita-¹
1908 1973 1909 1991 ἢ

217 2014 292 2049 tes
316 2003 584 2048 desierunt.
614 2001 849 2047 Seruabit
868 2002 1111 2047 Dominus
1130 2003 1257 2047 hanc
1277 2003 1525 2048 minimam
1545 2002 1848 2049 Societatem
1875 2011 1877 2013 ’
1907 1994 1909 2008 ⁴

220 2081 264 2125 in
291 2081 485 2125 laudem
510 2090 557 2124 et
576 2080 789 2136 gloriam
816 2079 1023 2123 nominis
1047 2079 1138 2124 sui.

277 2158 320 2202 4.
387 2157 585 2202 Interea
625 2156 851 2201 dominus
896 2156 1204 2200 reuerendus
1245 2155 1506 2212 episcopus
1545 2157 1590 2202 in
1627 2158 1849 2202 absentia

219 2234 458 2279 commisit
489 2232 743 2278 officiariis
778 2232 878 2277 suis
912 2248 971 2277 ne
1006 2233 1119 2288 quid
1155 2248 1322 2277 rerum
1357 2233 1520 2290 inopia
1546 2243 1881 2291 pateremur3

218 2311 300 2368 qui
339 2311 577 2367 siquidem
617 2310 798 2366 onmia,
838 2325 963 2366 quae
1002 2309 1290 2354 necessaria
1330 2322 1440 2355 sunt
1479 2311 1541 2355 ad
1580 2311 1765 2356 victum
1799 2298 1875 2357 ,etin

218 2389 418 2445 cultum,
446 2397 675 2444 prompto
700 2386 1015 2443 suppeditant
1040 2386 1219 2442 animo,
1259 2387 1348 2432 etsi
1372 2388 1465 2432 hoc
1489 2403 1618 2433 anno
1653 2403 1869 2433 annonem

218 2466 386 2511 carior
409 2465 560 2510 fuerit
584 2465 630 2509 in
653 2464 748 2509 hac
767 2463 973 2520 regione
999 2479 1145 2520 quam
1170 2473 1285 2509 ante
1320 2479 1501 2509 annum
1525 2465 1869 2530 tricesimum4J

274 2543 316 2588 5.
346 2558 349 2561 ·
384 2541 624 2599 Superest
646 2540 745 2598 jam
770 2540 991 2586 breuiter
1014 2556 1257 2585 enarrare
1281 2556 1377 2597 quo
1411 2541 1458 2586 in
1492 2551 1626 2587 statu
1650 2541 1745 2587 sint
1769 2534 1874 2589 res-'fi

267 2749 276 2766 ¹
328 2746 521 2783 Nicolaus
546 2744 716 2782 Lietard
735 2743 979 2781 Paradensis
1004 2755 1076 2779 seu
1102 2742 1360 2788 Paredensis,
1389 2745 1577 2781 sacerdos
1605 2744 1778 2792 Neapoli
1791 2743 1865 2780 fa*

219 2811 306 2842 ctus
325 2818 429 2841 anno
452 2804 543 2841 1553
561 2805 634 2841 sub
653 2809 810 2840 rectore
830 2801 1085 2840 Salmerone.
1107 2802 1341 2847 Pomm-cos,
1367 2802 1534 2846 chron„
1555 2804 1624 2848 III,
1645 2804 1722 2840 170.
1743 2803 1776 2840 F
1779 2812 1860 2847 ουν,

219 2874 405 2908 QUERAY,
428 2865 502 2901 loc.
525 2864 606 2906 cit,
630 2863 710 2900 185.

264 2925 277 2944 ²
329 2923 535 2961 Oliverius
555 2924 606 2959 du
627 2923 789 2966 Hamel,
818 2921 990 2969 optimus
1015 2920 1160 2957 deinde
1188 2922 1477 2960 missionarius.
1508 2923 1783 2967 FOUQUERAY,
1811 2920 1873 2969 Ι,,,’ἦ

215 2984 298 3021 552.
1843 2985 1867 2999 '·

263 3034 276 3063 ³
327 3042 533 3079 Antonius
552 3041 754 3086 Monachi,
775 3041 844 3088 qui
870 3039 1034 3076 tandem
1061 3039 1158 3076 obiit
1182 3039 1294 3076 initio
1322 3043 1528 3088 sequentis
1559 3042 1666 3094 anni.
1697 3040 1759 3078 Cf.
1789 3032 1877 3095 ine}¹¹

214 3102 340 3140 serius
360 3101 475 3148 epist.
496 3101 542 3138 P.
565 3100 795 3148 Clayssonii
813 3101 836 3137 5
853 3098 1066 3136 Februarii
1087 3098 1178 3135 1558
1196 3099 1344 3138 datam.
1849 3102 1855 3107 '

1833 3179 1860 3230 ssa

1846 3251 1866 3301 ζμ

1827 3294 1865 3328 „Ji
