1900 3380
514 278 837 316 166.—C0L0N1A
866 279 908 315 14
935 277 1044 324 MAJI
1074 277 1164 313 1558
1538 276 1607 312 657

85 370 126 415 2.
196 369 283 415 Est
313 385 375 415 ex
406 384 541 414 more
575 369 757 415 deuota
792 368 1056 414 admodum
1082 376 1130 412 et
1155 366 1419 424 magnifica
1453 366 1526 411 his
1560 365 1654 410 die-

25 448 116 492 bus
151 446 447 492 uenerabilis
487 446 790 492 sacramenti
817 446 952 492 facta
976 444 1303 491 circumlatio.
1330 443 1494 489 Licuit
1527 443 1655 488 uide-

26 542 80 571 re
104 526 150 570 in
173 525 267 570 hac
292 524 492 570 ciuitate
523 524 703 569 multos
737 525 892 569 bonos
917 535 964 569 et
987 538 1107 569 uere
1142 522 1350 567 deuotos
1382 522 1520 566 uiros
1549 536 1657 566 esse

26 602 243 658 relictOS,
271 618 392 658 quos
413 602 567 659 Deus,
589 617 752 658 spero,
775 601 991 658 respicit,
1014 609 1062 645 et
1082 615 1111 644 a
1130 600 1270 644 nobis
1289 598 1657 644 haereticorum

28 679 217 725 rabiem
242 678 484 736 benignus
514 679 712 724 auertit.
740 678 854 724 Fuit
890 678 1085 735 quidem
1119 677 1199 734 qui
1234 685 1560 721 sacrosancto
1584 691 1658 720 sa-

29 765 285 803 cramento
310 767 426 802 tunc
450 757 687 801 honorem
722 772 818 801 non
854 755 1092 811 exhibuit,
1119 763 1204 799 aut
1229 754 1481 799 deteriora
1512 753 1660 798 etiam

28 834 159 892 fecit,
195 835 280 880 sed
314 834 573 880 confestim
610 834 807 879 iubente
843 833 1142 889 magistratu
1177 848 1206 878 a
1241 831 1497 877 lictoribus
1532 846 1659 876 com-

29 913 303 970 prehensus
327 913 372 957 in
398 927 658 958 carcerem
693 911 936 957 deductus
970 920 1060 955 est.
1084 909 1136 955 Id
1161 909 1290 966 quod
1315 909 1522 966 ipsemet
1546 907 1659 953 uidi.

30 990 106 1035 Ita
130 989 371 1035 Coloniae
405 988 566 1045 fidem,
594 1005 743 1045 quam
768 989 922 1033 semel
947 987 1180 1043 suscepit,
1208 987 1447 1031 hactenus
1478 994 1664 1029 tutatus

31 1078 120 1125 est,
155 1077 203 1113 et
232 1068 279 1113 in
307 1067 452 1113 finem
487 1083 642 1124 usque
678 1066 913 1120 tuebitur;
941 1082 1001 1111 ne
1036 1065 1191 1110 fidelis
1227 1079 1551 1110 romanorum
1586 1062 1663 1107 de-

31 1146 160 1191 sinat
185 1161 294 1191 esse
319 1144 546 1190 Colonia.

90 1223 134 1269 3.
201 1222 254 1268 In
289 1239 386 1280 qua
420 1238 497 1268 me
531 1238 617 1278 spe
651 1222 913 1279 plurimum
946 1220 1210 1266 confirmat
1245 1220 1373 1276 quod
1406 1218 1568 1264 studia
1594 1233 1665 1262 re-

37 1302 255 1347 staurari
279 1301 545 1358 conspicio,
573 1309 621 1346 et
643 1300 951 1358 singularem
976 1299 1070 1344 Dei
1094 1299 1140 1343 in
1166 1298 1432 1355 discipulos
1467 1305 1668 1341 nostros

34 1395 258 1426 amorem
283 1379 546 1425 manifeste
567 1378 896 1435 deprehendo.
921 1376 1168 1423 Catholici
1193 1376 1321 1421 enim
1345 1384 1458 1421 sunt
1482 1384 1531 1419 et
1554 1374 1669 1419 hae-

35 1459 305 1505 reticorum
340 1458 507 1503 hostes
542 1457 791 1514 acerrimi,
819 1471 1129 1513 quacumque
1154 1455 1304 1500 etiam
1336 1453 1530 1499 ratione
1555 1460 1670 1497 ante

35 1537 240 1583 instituti
264 1536 462 1582 fuerint.
492 1536 572 1580 Ad
607 1535 737 1592 quod
770 1534 1032 1592 plurimum
1056 1533 1246 1579 faciunt
1269 1542 1371 1578 tum
1402 1529 1669 1577 confessio-

35 1631 122 1661 nes
146 1624 194 1661 et
218 1614 689 1660 communicationes
722 1613 933 1658 crebrae
967 1621 1071 1658 tum
1107 1619 1494 1668 praeceptorum
1520 1608 1670 1654 etiam

37 1692 352 1750 quotidianae
387 1691 779 1737 exhortationes.
817 1689 913 1747 Qui
948 1689 1176 1747 quamuis
1216 1696 1421 1733 autores
1460 1685 1671 1743 propha-

37 1786 126 1816 nos
150 1778 403 1826 enarrent,
430 1769 515 1815 uix
539 1777 703 1814 tamen
740 1768 817 1813 uel
850 1783 1000 1813 unam
1037 1766 1299 1812 lectionem
1324 1764 1528 1817 faciunt,
1556 1762 1669 1819 quin

37 1847 248 1904 plurima
272 1846 597 1903 admisceant,
620 1861 746 1903 quae
771 1844 850 1890 uel
875 1844 1097 1890 moribus
1122 1843 1343 1888 honestis
1368 1841 1671 1894 conducant,

38 1924 119 1969 uel
156 1924 391 1981 pietatem
428 1932 776 1981 promoueant,
819 1922 898 1968 uel
937 1937 1022 1967 eos
1060 1921 1107 1966 in
1147 1921 1397 1966 catholica
1432 1919 1677 1975 religione

39 2001 348 2059 confirment,
374 2010 423 2047 et
446 2001 690 2047 aduersus
714 2000 994 2046 haereticos
1018 1999 1254 2056 excitent,
1282 2013 1494 2055 quorum
1521 1997 1674 2042 libros

41 2080 278 2126 abiiciunt
300 2089 349 2126 et
372 2080 587 2126 uulcano
607 2079 934 2125 committunt.
962 2078 1036 2123 Vt
1057 2078 1203 2134 plane
1223 2076 1561 2122 existimemus
1586 2074 1678 2119 dis-

42 2158 231 2215 cipulos
254 2168 453 2204 nostros
472 2173 569 2203 non
594 2158 748 2203 solum
773 2157 819 2202 in
843 2155 1094 2202 catholica
1120 2154 1361 2212 religione
1386 2166 1678 2210 perseuera-

42 2244 198 2292 turos,
225 2236 311 2281 sed
335 2236 398 2281 ad
422 2250 780 2293 quemcumque
805 2243 988 2280 statum
1025 2233 1174 2279 etiam
1201 2230 1537 2290 pei-uenerint,
1566 2230 1678 2274 hae-

44 2313 227 2359 reticos
251 2329 340 2370 pro
363 2313 586 2358 hostibus
609 2311 907 2369 capitalibus
936 2310 1212 2356 habituros.
1240 2309 1376 2354 Inter
1400 2308 1489 2352 hos
1514 2316 1679 2352 autem

44 2391 306 2437 admodum
330 2391 466 2436 multi
490 2399 603 2435 sunt
626 2400 913 2435 senatorum
933 2388 1031 2446 filii,
1054 2388 1204 2434 etiam
1229 2387 1275 2431 in
1300 2384 1574 2431 domestico
1598 2399 1683 2428 no·

46 2467 233 2513 biscum
257 2467 505 2525 conuictu;
533 2466 719 2524 quossi
742 2466 790 2511 in
814 2475 1042 2511 senatum
1067 2464 1251 2510 assumi
1277 2462 1543 2519 aliquando
1567 2476 1679 2506 con-

47 2545 224 2603 tingat,
257 2561 351 2603 quo
381 2545 427 2590 in
458 2544 749 2601 religionem
785 2543 1119 2589 orthodoxam
1155 2549 1267 2587 sunt
1302 2540 1484 2595 animO,
1511 2538 1683 2583 haere-

47 2623 136 2669 sim
172 2639 233 2669 ne
272 2623 516 2669 tantillum
555 2622 750 2679 quidem
785 2621 862 2667 hic
895 2621 988 2666 loci
1023 2620 1253 2665 obtinere
1287 2616 1589 2674 permittent.
1629 2613 1681 2660 Si

50 2717 170 2747 uero
204 2701 371 2747 diuina
402 2701 599 2747 bonitas
643 2700 706 2745 ad
749 2698 1057 2745 Societatem
1098 2713 1239 2742 suam
1276 2711 1363 2741 eos
1404 2693 1683 2751 pertrahat,

51 2778 155 2835 quis
195 2778 386 2825 dubitat
429 2778 542 2835 quin
581 2770 697 2834 plus*
727 2776 875 2822 etiam
914 2776 961 2821 in
1007 2773 1283 2821 Germania
1322 2770 1556 2817 effecturi
1591 2770 1688 2815 sint

18 2899 19 2902 ,
52 2856 188 2902 boni?
211 2855 407 2902 Verum
429 2871 528 2901 non
553 2855 695 2900 huius
720 2863 912 2900 tantum
938 2851 1153 2898 ciuitatis
1178 2850 1527 2896 adolescentes
1557 2848 1689 2893 hanc

53 2948 82 2977 a
124 2932 337 2978 Domino
382 2940 754 2990 consequuntur
807 2930 1049 2988 gratiam,
1098 2928 1183 2973 sed
1226 2925 1688 2972 circumiacentium

53 3010 199 3055 etiam
236 3009 608 3067 prouinciarum
643 3019 691 3054 et
724 3008 876 3066 ipsius
915 3005 1190 3064 superioris
1230 3003 1431 3049 nimium
1471 3002 1690 3048 afflictae

55 3086 378 3134 Germaniae.

160 3183 328 3212 LITTERAE
348 3181 649 3216 QUADRIMESTRES.
671 3181 762 3209 TOM.
786 3180 824 3209 V.
1554 3176 1588 3202 42
