2043 3467
422 285 469 321 68
891 284 1109 321 LITTERAE
1138 285 1492 331 QUADRtMEsrREs

431 381 473 425 4.
543 380 863 426 Concurrunt
887 380 1086 436 insuper
1110 379 1155 425 in
1190 381 1387 425 domum
1419 391 1644 426 nostram
1679 382 1740 427 ad
1776 382 1963 428 Patres
1986 389 2003 410 Β

371 457 702 503 consulendos
736 457 796 502 de
832 457 888 502 iis
922 472 1050 513 quae
1085 458 1146 502 ad
1170 458 1448 502 animarum
1484 458 1744 504 utilitatem
1779 460 2003 517 attinent,

378 550 473 580 non
499 535 660 591 pauci,
688 534 766 591 qui
791 550 884 578 non
911 534 1146 591 exiguam
1172 535 1302 580 intra
1326 550 1378 579 se
1410 535 1541 591 ipsos
1571 539 1890 581 mutationem
1925 551 2006 581 ex-

370 613 666 669 periuntur,
689 611 855 656 diuina
875 611 1218 656 misericordia
1238 611 1283 656 id
1302 612 1479 656 statim
1500 622 1740 668 operante
1768 612 1801 657 b.
1829 613 2007 659 Mulier

372 690 617 752 quaedam
642 688 845 744 maligni
870 688 1021 732 hostis
1041 688 1211 733 delusa
1234 695 1250 716 Ε
1272 688 1580 745 calffliditate
1610 688 1645 745 d,
1667 689 1903 746 uariisqui
1922 690 2005 735 im-

371 766 556 823 plicata
580 765 1016 822 imaginationibus
1041 766 1206 822 (quam
1232 776 1345 811 ante
1370 766 1415 810 in
1450 766 1650 822 spiritus
1684 767 1765 812 uia
1799 768 2004 813 multum

373 842 647 899 profecisse
671 849 686 868 Ε
715 842 1043 899 praedicant),
1070 842 1234 887 Patris
1260 843 1469 888 rectoris
1494 858 1647 899 opera
1667 843 1729 888 ad
1749 843 2005 889 meliorem

371 920 549 965 mentis
573 930 759 965 statum
785 920 1019 976 paulatim
1045 920 1370 965 conuertitur.
1408 919 1682 976 Speramus
1706 920 1815 966 fore
1840 921 2005 967 diuina

371 996 540 1053 gratia
582 996 676 1042 hac
720 996 988 1041 uexatione
1029 996 1334 1042 liberandam
1384 996 1409 1051 f,
1452 1006 1601 1053 atque
1640 997 1703 1042 ad
1747 997 2005 1054 pristinam

373 1083 586 1118 mentem
612 1073 966 1118 reuocandam
990 1081 1008 1107 g
1036 1073 1063 1118 ¹.

429 1151 472 1196 5.
539 1151 750 1196 Fratres
786 1155 959 1195 antem
985 1150 1002 1177 ¹¹
1028 1150 1182 1196 solitis
1217 1150 1482 1196 Societatis
1519 1151 1770 1197 exercitiis
1801 1161 2001 1209 vacant,

369 1244 464 1274 non
502 1228 778 1274 mediocres
813 1228 859 1272 in
893 1243 982 1273 suo
1019 1244 1239 1281 munere,
1283 1244 1372 1284 pro
1413 1244 1465 1273 se
1506 1229 1727 1286 quisque,
1765 1228 2005 1275 facientes

371 1319 660 1363 progresus;
694 1309 798 1350 tres
831 1320 1043 1361 namque
1068 1319 1184 1350 cum
1220 1319 1320 1350 mlo
1352 1304 1358 1331 ¹
1385 1305 1795 1351 instituendorum
1829 1322 2003 1362 puero-

369 1398 481 1428 rum
505 1398 601 1427 non
625 1398 830 1439 segnem
854 1392 1036 1439 gerunt
1061 1382 1385 1439 prouinciam:
1422 1383 1631 1428 totidem
1662 1383 1670 1416 1'
1714 1384 2004 1440 grammati-

368 1475 460 1506 cae
485 1459 750 1505 discendae
775 1459 894 1504 dant
927 1475 1133 1515 operam
1167 1475 1262 1504 non
1299 1459 1660 1516 poenitendam.
1697 1460 1801 1505 Nec
1840 1473 2003 1506 tamen

370 1538 434 1583 ob
458 1537 666 1593 idipsum
691 1546 933 1582 consueta
967 1536 1168 1593 spiritus
1202 1537 1444 1582 exercitia
1478 1536 1644 1594 aliqua
1678 1553 1740 1582 ex
1773 1546 1915 1594 parte
1939 1536 2003 1583 in-

370 1614 728 1660 termittuntur.
758 1613 990 1670 Quinimo
1010 1614 1226 1658 maximo
1245 1613 1448 1659 feruore
1468 1624 1784 1660 exercentur:
1806 1615 2004 1660 student

370 1707 461 1748 pro
482 1691 670 1736 uiribus
690 1690 1057 1736 mortificationi
1077 1706 1309 1736 sensuum
1331 1691 1520 1747 pariter
1538 1700 1687 1747 atque
1706 1691 2000 1737 intellectus:

368 1768 680 1815 obedientiae
704 1768 775 1813 sui
802 1767 1070 1824 praepositi
1095 1767 1238 1812 hilari
1262 1768 1426 1812 animo
1450 1782 1503 1813 se
1527 1769 1835 1813 submittunt.
1863 1767 2000 1813 Sum-

370 1861 451 1891 ma
469 1846 739 1891 concordia
755 1855 803 1890 et
822 1845 1065 1890 charitate
1082 1845 1294 1901 copulati
1316 1845 1362 1890 in
1381 1861 1472 1890 sua
1489 1846 1754 1891 vocatione
1774 1861 2003 1903 perseue-

372 1932 498 1968 rant:
527 1923 589 1968 ad
619 1922 975 1979 perfectionem
1011 1923 1204 1968 ardenti
1236 1923 1401 1968 cordis
1434 1923 1680 1968 desiderio
1714 1923 2002 1969 anhelantes

368 2009 520 2057 atque
542 1999 589 2044 in
614 1999 717 2044 dies
740 1999 913 2056 seipsis
937 1999 1166 2044 meliores
1190 1999 1405 2045 euadere
1441 2009 1694 2056 conantes,
1732 1999 2023 2045 seruanda-'

370 2093 479 2122 rum
504 2077 795 2134 regularum
821 2076 1096 2122 districtam
1121 2091 1294 2121 curam
1319 2077 1517 2122 habent.
1565 2077 1771 2123 Utinam
1797 2078 2003 2133 irrupta

371 2154 564 2200 Christi
585 2154 770 2211 copula
795 2167 888 2199 7108
911 2167 1088 2199 omnes
1112 2155 1389 2199 unanimes
1423 2155 1474 2199 in
1508 2169 1608 2200 sua
1640 2159 1824 2200 sancta
1854 2168 2000 2199 uoca-

367 2233 505 2277 tione
523 2231 805 2288 persistere
814 2231 1017 2289 saciati:
1040 2231 1170 2286 quod
1194 2247 1323 2276 nunc
1347 2232 1563 2277 maxime
1586 2231 1810 2277 obtinere
1835 2246 2000 2287 spera-

369 2324 493 2365 mus,
520 2323 632 2353 cum
656 2308 992 2353 beatissimum
1018 2307 1220 2353 Patrem
1255 2318 1476 2353 nostrum
1511 2309 1543 2365 2,
1581 2318 1728 2365 atque
1763 2308 1887 2353 alios
1920 2323 2001 2353 no-

368 2398 505 2431 strae
539 2384 806 2431 Societatis
840 2384 1018 2430 Patres
1052 2384 1337 2441 fratresque
1371 2386 1417 2430 in
1452 2386 1602 2431 coelis
1635 2385 1763 2442 apud
1799 2385 2000 2430 Patrem

368 2472 629 2508 aeternum
653 2463 931 2508 aduocatos
954 2461 1242 2507 habeamus.

426 2540 469 2586 6.
536 2540 792 2586 Hactenus
817 2540 876 2584 de
901 2539 1123 2584 Patrztm
1148 2538 1167 2565 ¹<
1190 2538 1504 2597 fratrumque
1527 2539 1715 2590 studiis;
1744 2552 1880 2584 nunc
1903 2538 1998 2583 iam

418 2679 435 2700 a
456 2677 626 2710 nostros.
682 2672 747 2700 -b
768 2676 976 2719 operante,
999 2670 1276 2717 experiuntur.
1330 2678 1391 2698 -C
1413 2671 1598 2708 Emend.
1633 2681 1683 2707 ex
1713 2670 1903 2706 dellussa.
1957 2690 2000 2694 —

367 2731 387 2758 d
408 2731 652 2777 Perpemm
672 2732 788 2768 ohlit.
811 2731 1002 2771 alterum
1021 2730 1047 2767 1.
1101 2737 1163 2757 —e
1188 2729 1373 2767 Emeud.
1402 2741 1451 2767 ex
1475 2729 1721 2777 proffecisse.
1776 2729 1832 2756 -f
1866 2741 1999 2781 spera-

369 2803 539 2837 musque
559 2790 645 2827 fore
666 2803 756 2827 cum
776 2791 913 2827 diuina
931 2789 1065 2837 gratia
1085 2795 1125 2825 vt
1144 2790 1218 2826 hac
1246 2790 1458 2826 vexatione
1490 2789 1699 2826 liberetur.
1755 2797 1819 2823 -g
1838 2800 1999 2825 revoce-

366 2855 444 2887 tur.
500 2850 564 2877 -h
585 2850 655 2886 alii
674 2851 812 2887 nostri.
867 2849 922 2876 -ῑ
952 2854 1142 2896 quattuor
1160 2862 1334 2896 namque
1355 2862 1404 2886 ex
1424 2849 1493 2886 eis.
1541 2849 1593 2884 —l'
1622 2854 1717 2885 tres.
1765 2848 1830 2875 -k
1849 2853 2000 2885 nostro-

367 2921 469 2945 rum.

416 3029 425 3047 ¹
479 3027 542 3065 Cf.
565 3028 808 3072 POLANCUM,
831 3029 905 3065 loc.
931 3028 1012 3073 cit.,
1033 3027 1115 3072 586,
1136 3027 1202 3063 ubi
1222 3019 1367 3064 melius
1386 3028 1485 3063 haec
1505 3027 1771 3073 explicantur.

414 3086 427 3105 ²
478 3086 640 3123 Alludit
659 3087 708 3123 ad
728 3093 898 3124 mortem
918 3086 993 3123 Bssi
1015 3086 1161 3133 Ignatii
1181 3086 1230 3122 de
1247 3086 1416 3133 Loyola,
1438 3085 1655 3123 Societatis
1673 3084 1908 3122 fundatoris.
