<?xml version="1.0" encoding="UTF-8"?>
<!DOCTYPE html PUBLIC "-//W3C//DTD XHTML 1.0 Transitional//EN"
    "http://www.w3.org/TR/xhtml1/DTD/xhtml1-transitional.dtd">
<html xmlns="http://www.w3.org/1999/xhtml" xml:lang="en" lang="en">
 <head>
  <title>
</title>
<meta http-equiv="Content-Type" content="text/html;charset=utf-8" />
  <meta name='ocr-system' content='tesseract 3.04.00' />
  <meta name='ocr-capabilities' content='ocr_page ocr_carea ocr_par ocr_line ocrx_word'/>
</head>
<body>
  <div class='ocr_page' id='page_1' title='image "./litteraequadrime1705lain_0083.png"; bbox 0 0 1925 3509; ppageno 0'>
   <div class='ocr_carea' id='block_1_1' title="bbox 519 283 1637 330">
    <p class='ocr_par' dir='ltr' id='par_1_1' title="bbox 519 283 1637 330">
     <span class='ocr_line' id='line_1_1' title="bbox 519 283 1637 330; baseline -0.005 -8"><span class='ocrx_word' id='word_1_1' title='bbox 519 285 833 322; x_wconf 38' lang='lat' dir='ltr'>laffipANomuo</span> <span class='ocrx_word' id='word_1_2' title='bbox 859 285 881 320; x_wconf 92' lang='lat'><strong>7</strong></span> <span class='ocrx_word' id='word_1_3' title='bbox 903 284 1103 330; x_wconf 29' lang='lat' dir='ltr'>&gt;mxu-mu</span> <span class='ocrx_word' id='word_1_4' title='bbox 1134 283 1221 319; x_wconf 60' lang='lat'>1537</span> <span class='ocrx_word' id='word_1_5' title='bbox 1592 283 1637 317; x_wconf 67' lang='lat'>33,</span> 
     </span>
    </p>
   </div>
   <div class='ocr_carea' id='block_1_2' title="bbox 48 377 1690 2991">
    <p class='ocr_par' dir='ltr' id='par_1_2' title="bbox 49 377 1684 749">
     <span class='ocr_line' id='line_1_2' title="bbox 52 377 1682 439; baseline -0.005 -9"><span class='ocrx_word' id='word_1_6' title='bbox 52 384 311 430; x_wconf 82' lang='lat' dir='ltr'>mulierum</span> <span class='ocrx_word' id='word_1_7' title='bbox 353 381 847 439; x_wconf 78' lang='lat' dir='ltr'>congregationibUS,</span> <span class='ocrx_word' id='word_1_8' title='bbox 890 389 938 426; x_wconf 94' lang='lat' dir='ltr'>et</span> <span class='ocrx_word' id='word_1_9' title='bbox 972 380 1266 436; x_wconf 88' lang='lat' dir='ltr'>praesertim</span> <span class='ocrx_word' id='word_1_10' title='bbox 1301 379 1346 424; x_wconf 91' lang='lat' dir='ltr'>in</span> <span class='ocrx_word' id='word_1_11' title='bbox 1381 377 1682 424; x_wconf 83' lang='lat' dir='ltr'>monasterio</span> 
     </span>
     <span class='ocr_line' id='line_1_3' title="bbox 50 454 1684 516; baseline -0.004 -10"><span class='ocrx_word' id='word_1_12' title='bbox 50 475 180 507; x_wconf 90' lang='lat' dir='ltr'>anno</span> <span class='ocrx_word' id='word_1_13' title='bbox 214 460 383 516; x_wconf 88' lang='lat' dir='ltr'>elapso</span> <span class='ocrx_word' id='word_1_14' title='bbox 409 467 641 504; x_wconf 88' lang='lat' dir='ltr'>extructo</span> <span class='ocrx_word' id='word_1_15' title='bbox 668 460 698 515; x_wconf 90' lang='lat'>¹,</span> <span class='ocrx_word' id='word_1_16' title='bbox 725 457 920 503; x_wconf 89' lang='lat' dir='ltr'>serendi</span> <span class='ocrx_word' id='word_1_17' title='bbox 944 455 1082 502; x_wconf 92' lang='lat' dir='ltr'>uerbi</span> <span class='ocrx_word' id='word_1_18' title='bbox 1109 454 1199 501; x_wconf 85' lang='lat' dir='ltr'>Dei</span> <span class='ocrx_word' id='word_1_19' title='bbox 1224 456 1391 511; x_wconf 86' lang='lat' dir='ltr'>plures</span> <span class='ocrx_word' id='word_1_20' title='bbox 1415 472 1477 500; x_wconf 85' lang='lat' dir='ltr'>ex</span> <span class='ocrx_word' id='word_1_21' title='bbox 1500 455 1684 500; x_wconf 83' lang='lat' dir='ltr'>nostris</span> 
     </span>
     <span class='ocr_line' id='line_1_4' title="bbox 50 532 1683 594; baseline -0.004 -11"><span class='ocrx_word' id='word_1_22' title='bbox 50 537 200 584; x_wconf 88' lang='lat' dir='ltr'>certis</span> <span class='ocrx_word' id='word_1_23' title='bbox 225 535 516 594; x_wconf 90' lang='lat' dir='ltr'>quibusdam</span> <span class='ocrx_word' id='word_1_24' title='bbox 542 535 712 581; x_wconf 90' lang='lat' dir='ltr'>diebus</span> <span class='ocrx_word' id='word_1_25' title='bbox 736 534 1007 580; x_wconf 88' lang='lat' dir='ltr'>ministerio</span> <span class='ocrx_word' id='word_1_26' title='bbox 1032 533 1321 589; x_wconf 81' lang='lat' dir='ltr'>funguntur,</span> <span class='ocrx_word' id='word_1_27' title='bbox 1350 548 1472 589; x_wconf 89' lang='lat' dir='ltr'>quos</span> <span class='ocrx_word' id='word_1_28' title='bbox 1497 532 1683 577; x_wconf 90' lang='lat' dir='ltr'>utinam</span> 
     </span>
     <span class='ocr_line' id='line_1_5' title="bbox 51 610 1678 669; baseline -0.004 -9"><span class='ocrx_word' id='word_1_29' title='bbox 51 630 267 660; x_wconf 89' lang='lat' dir='ltr'>summus</span> <span class='ocrx_word' id='word_1_30' title='bbox 292 622 462 658; x_wconf 91' lang='lat' dir='ltr'>noster</span> <span class='ocrx_word' id='word_1_31' title='bbox 487 612 717 669; x_wconf 81' lang='lat' dir='ltr'>agricola</span> <span class='ocrx_word' id='word_1_32' title='bbox 742 612 897 668; x_wconf 75' lang='lat' dir='ltr'>XpuS.</span> <span class='ocrx_word' id='word_1_33' title='bbox 925 626 1132 656; x_wconf 92' lang='lat' dir='ltr'>numero</span> <span class='ocrx_word' id='word_1_34' title='bbox 1157 626 1253 655; x_wconf 90' lang='lat' dir='ltr'>non</span> <span class='ocrx_word' id='word_1_35' title='bbox 1284 610 1441 655; x_wconf 89' lang='lat' dir='ltr'>solum</span> <span class='ocrx_word' id='word_1_36' title='bbox 1475 617 1678 665; x_wconf 86' lang='lat' dir='ltr'>augeat,</span> 
     </span>
     <span class='ocr_line' id='line_1_6' title="bbox 49 686 1511 749; baseline -0.004 -12"><span class='ocrx_word' id='word_1_37' title='bbox 49 692 152 749; x_wconf 85' lang='lat' dir='ltr'>sed,</span> <span class='ocrx_word' id='word_1_38' title='bbox 178 690 367 736; x_wconf 88' lang='lat' dir='ltr'>uiribus</span> <span class='ocrx_word' id='word_1_39' title='bbox 393 690 542 735; x_wconf 85' lang='lat' dir='ltr'>etiam</span> <span class='ocrx_word' id='word_1_40' title='bbox 566 689 759 744; x_wconf 85' lang='lat' dir='ltr'>additis,</span> <span class='ocrx_word' id='word_1_41' title='bbox 787 688 1061 733; x_wconf 73' lang='lat' dir='ltr'>alacriores</span> <span class='ocrx_word' id='word_1_42' title='bbox 1086 687 1147 732; x_wconf 87' lang='lat' dir='ltr'>ad</span> <span class='ocrx_word' id='word_1_43' title='bbox 1172 703 1294 743; x_wconf 88' lang='lat' dir='ltr'>opus</span> <span class='ocrx_word' id='word_1_44' title='bbox 1320 686 1511 732; x_wconf 86' lang='lat' dir='ltr'>reddat.</span> 
     </span>
    </p>

    <p class='ocr_par' dir='ltr' id='par_1_3' title="bbox 48 763 1687 1909">
     <span class='ocr_line' id='line_1_7' title="bbox 106 763 1682 824; baseline -0.004 -11"><span class='ocrx_word' id='word_1_45' title='bbox 106 768 148 814; x_wconf 82' lang='lat'>5.</span> <span class='ocrx_word' id='word_1_46' title='bbox 219 767 365 824; x_wconf 81' lang='lat' dir='ltr'>Quod</span> <span class='ocrx_word' id='word_1_47' title='bbox 388 782 510 812; x_wconf 91' lang='lat' dir='ltr'>uero</span> <span class='ocrx_word' id='word_1_48' title='bbox 535 774 728 822; x_wconf 87' lang='lat' dir='ltr'>spectat</span> <span class='ocrx_word' id='word_1_49' title='bbox 751 765 813 811; x_wconf 91' lang='lat' dir='ltr'>ad</span> <span class='ocrx_word' id='word_1_50' title='bbox 837 765 1052 810; x_wconf 81' lang='lat' dir='ltr'>fructum</span> <span class='ocrx_word' id='word_1_51' title='bbox 1078 765 1175 821; x_wconf 85' lang='lat' dir='ltr'>qui,</span> <span class='ocrx_word' id='word_1_52' title='bbox 1208 774 1307 809; x_wconf 92' lang='lat' dir='ltr'>tum</span> <span class='ocrx_word' id='word_1_53' title='bbox 1341 764 1488 808; x_wconf 92' lang='lat' dir='ltr'>diuini</span> <span class='ocrx_word' id='word_1_54' title='bbox 1524 763 1682 818; x_wconf 87' lang='lat' dir='ltr'>uerbi,</span> 
     </span>
     <span class='ocr_line' id='line_1_8' title="bbox 49 842 1684 899; baseline -0.004 -7"><span class='ocrx_word' id='word_1_55' title='bbox 49 855 150 892; x_wconf 92' lang='lat' dir='ltr'>tum</span> <span class='ocrx_word' id='word_1_56' title='bbox 183 845 479 891; x_wconf 87' lang='lat' dir='ltr'>salutarium</span> <span class='ocrx_word' id='word_1_57' title='bbox 516 852 949 889; x_wconf 89' lang='lat' dir='ltr'>sacramentorum</span> <span class='ocrx_word' id='word_1_58' title='bbox 983 843 1111 888; x_wconf 93' lang='lat' dir='ltr'>dono</span> <span class='ocrx_word' id='word_1_59' title='bbox 1147 842 1432 899; x_wconf 73' lang='lat' dir='ltr'>percipitur,</span> <span class='ocrx_word' id='word_1_60' title='bbox 1467 857 1562 886; x_wconf 90' lang='lat' dir='ltr'>non</span> <span class='ocrx_word' id='word_1_61' title='bbox 1588 857 1684 886; x_wconf 89' lang='lat' dir='ltr'>me-</span> 
     </span>
     <span class='ocr_line' id='line_1_9' title="bbox 49 918 1685 978; baseline -0.004 -10"><span class='ocrx_word' id='word_1_62' title='bbox 49 923 228 968; x_wconf 88' lang='lat' dir='ltr'>diocris</span> <span class='ocrx_word' id='word_1_63' title='bbox 263 922 458 978; x_wconf 91' lang='lat' dir='ltr'>quidem</span> <span class='ocrx_word' id='word_1_64' title='bbox 498 920 752 966; x_wconf 88' lang='lat' dir='ltr'>habendus</span> <span class='ocrx_word' id='word_1_65' title='bbox 785 929 875 975; x_wconf 86' lang='lat' dir='ltr'>est,</span> <span class='ocrx_word' id='word_1_66' title='bbox 913 929 961 965; x_wconf 91' lang='lat' dir='ltr'>et</span> <span class='ocrx_word' id='word_1_67' title='bbox 996 919 1068 977; x_wconf 89' lang='lat' dir='ltr'>(ut</span> <span class='ocrx_word' id='word_1_68' title='bbox 1106 920 1272 976; x_wconf 85' lang='lat' dir='ltr'>spero)</span> <span class='ocrx_word' id='word_1_69' title='bbox 1306 919 1350 963; x_wconf 87' lang='lat' dir='ltr'>in</span> <span class='ocrx_word' id='word_1_70' title='bbox 1386 918 1489 963; x_wconf 86' lang='lat' dir='ltr'>dies</span> <span class='ocrx_word' id='word_1_71' title='bbox 1524 918 1685 974; x_wconf 88' lang='lat' dir='ltr'>magis</span> 
     </span>
     <span class='ocr_line' id='line_1_10' title="bbox 48 996 1683 1056; baseline -0.004 -10"><span class='ocrx_word' id='word_1_72' title='bbox 48 1000 307 1056; x_wconf 78' lang='lat' dir='ltr'>magisque</span> <span class='ocrx_word' id='word_1_73' title='bbox 330 1008 543 1053; x_wconf 77' lang='lat' dir='ltr'>crescet,</span> <span class='ocrx_word' id='word_1_74' title='bbox 571 998 748 1054; x_wconf 90' lang='lat' dir='ltr'>quippe</span> <span class='ocrx_word' id='word_1_75' title='bbox 771 1012 883 1043; x_wconf 88' lang='lat' dir='ltr'>cum</span> <span class='ocrx_word' id='word_1_76' title='bbox 909 997 1045 1043; x_wconf 85' lang='lat' dir='ltr'>multi</span> <span class='ocrx_word' id='word_1_77' title='bbox 1070 997 1270 1042; x_wconf 85' lang='lat' dir='ltr'>assidua</span> <span class='ocrx_word' id='word_1_78' title='bbox 1294 996 1605 1042; x_wconf 80' lang='lat' dir='ltr'>confessione</span> <span class='ocrx_word' id='word_1_79' title='bbox 1625 1011 1683 1041; x_wconf 90' lang='lat' dir='ltr'>ac</span> 
     </span>
     <span class='ocr_line' id='line_1_11' title="bbox 49 1073 1684 1134; baseline -0.004 -11"><span class='ocrx_word' id='word_1_80' title='bbox 49 1078 342 1134; x_wconf 82' lang='lat' dir='ltr'>angelorum</span> <span class='ocrx_word' id='word_1_81' title='bbox 384 1092 511 1133; x_wconf 90' lang='lat' dir='ltr'>pane</span> <span class='ocrx_word' id='word_1_82' title='bbox 550 1076 757 1132; x_wconf 90' lang='lat' dir='ltr'>singulis</span> <span class='ocrx_word' id='word_1_83' title='bbox 797 1076 967 1121; x_wconf 85' lang='lat' dir='ltr'>diebus</span> <span class='ocrx_word' id='word_1_84' title='bbox 1005 1074 1259 1120; x_wconf 81' lang='lat' dir='ltr'>dominicis</span> <span class='ocrx_word' id='word_1_85' title='bbox 1298 1074 1479 1119; x_wconf 93' lang='lat' dir='ltr'>deuoto</span> <span class='ocrx_word' id='word_1_86' title='bbox 1520 1073 1684 1118; x_wconf 87' lang='lat' dir='ltr'>animo</span> 
     </span>
     <span class='ocr_line' id='line_1_12' title="bbox 49 1150 1684 1211; baseline -0.003 -11"><span class='ocrx_word' id='word_1_87' title='bbox 49 1162 293 1211; x_wconf 89' lang='lat' dir='ltr'>suscepto,</span> <span class='ocrx_word' id='word_1_88' title='bbox 323 1153 385 1199; x_wconf 90' lang='lat' dir='ltr'>ad</span> <span class='ocrx_word' id='word_1_89' title='bbox 410 1153 572 1199; x_wconf 88' lang='lat' dir='ltr'>studia</span> <span class='ocrx_word' id='word_1_90' title='bbox 596 1153 794 1209; x_wconf 88' lang='lat' dir='ltr'>pietatis</span> <span class='ocrx_word' id='word_1_91' title='bbox 818 1152 1197 1208; x_wconf 87' lang='lat' dir='ltr'>inflammentur;</span> <span class='ocrx_word' id='word_1_92' title='bbox 1220 1160 1322 1197; x_wconf 91' lang='lat' dir='ltr'>tum</span> <span class='ocrx_word' id='word_1_93' title='bbox 1342 1150 1387 1196; x_wconf 90' lang='lat' dir='ltr'>in</span> <span class='ocrx_word' id='word_1_94' title='bbox 1407 1151 1500 1196; x_wconf 82' lang='lat' dir='ltr'>hac</span> <span class='ocrx_word' id='word_1_95' title='bbox 1519 1165 1684 1195; x_wconf 84' lang='lat' dir='ltr'>sacro-</span> 
     </span>
     <span class='ocr_line' id='line_1_13' title="bbox 49 1227 1684 1285; baseline -0.004 -7"><span class='ocrx_word' id='word_1_96' title='bbox 49 1241 223 1278; x_wconf 90' lang='lat' dir='ltr'>sancta</span> <span class='ocrx_word' id='word_1_97' title='bbox 247 1231 384 1277; x_wconf 87' lang='lat' dir='ltr'>Chri.</span> <span class='ocrx_word' id='word_1_98' title='bbox 419 1230 681 1277; x_wconf 88' lang='lat' dir='ltr'>natiuitate</span> <span class='ocrx_word' id='word_1_99' title='bbox 710 1230 848 1276; x_wconf 89' lang='lat' dir='ltr'>tanto</span> <span class='ocrx_word' id='word_1_100' title='bbox 882 1244 1127 1275; x_wconf 79' lang='lat' dir='ltr'>concursu</span> <span class='ocrx_word' id='word_1_101' title='bbox 1162 1238 1210 1274; x_wconf 86' lang='lat' dir='ltr'>et</span> <span class='ocrx_word' id='word_1_102' title='bbox 1243 1228 1323 1285; x_wconf 92' lang='lat' dir='ltr'>pia</span> <span class='ocrx_word' id='word_1_103' title='bbox 1358 1227 1503 1273; x_wconf 89' lang='lat' dir='ltr'>animi</span> <span class='ocrx_word' id='word_1_104' title='bbox 1538 1227 1684 1272; x_wconf 92' lang='lat' dir='ltr'>deuo-</span> 
     </span>
     <span class='ocr_line' id='line_1_14' title="bbox 49 1306 1687 1365; baseline -0.003 -10"><span class='ocrx_word' id='word_1_105' title='bbox 49 1310 181 1356; x_wconf 92' lang='lat' dir='ltr'>tione</span> <span class='ocrx_word' id='word_1_106' title='bbox 216 1308 581 1354; x_wconf 87' lang='lat' dir='ltr'>sanctissimum</span> <span class='ocrx_word' id='word_1_107' title='bbox 614 1306 692 1353; x_wconf 76' lang='lat' dir='ltr'>X.1</span> <span class='ocrx_word' id='word_1_108' title='bbox 728 1323 911 1365; x_wconf 91' lang='lat' dir='ltr'>corpus</span> <span class='ocrx_word' id='word_1_109' title='bbox 944 1323 973 1353; x_wconf 92' lang='lat' dir='ltr'>a</span> <span class='ocrx_word' id='word_1_110' title='bbox 1007 1307 1172 1352; x_wconf 88' lang='lat' dir='ltr'>multis</span> <span class='ocrx_word' id='word_1_111' title='bbox 1201 1315 1275 1351; x_wconf 85' lang='lat' dir='ltr'>est</span> <span class='ocrx_word' id='word_1_112' title='bbox 1305 1314 1606 1362; x_wconf 84' lang='lat' dir='ltr'>susceptum,</span> <span class='ocrx_word' id='word_1_113' title='bbox 1634 1313 1687 1350; x_wconf 92' lang='lat' dir='ltr'>ut</span> 
     </span>
     <span class='ocr_line' id='line_1_15' title="bbox 49 1382 1687 1441; baseline -0.003 -8"><span class='ocrx_word' id='word_1_114' title='bbox 49 1388 152 1433; x_wconf 89' lang='lat' dir='ltr'>dies</span> <span class='ocrx_word' id='word_1_115' title='bbox 171 1385 556 1433; x_wconf 90' lang='lat' dir='ltr'>resurrectionis</span> <span class='ocrx_word' id='word_1_116' title='bbox 573 1385 772 1431; x_wconf 87' lang='lat' dir='ltr'>Domini</span> <span class='ocrx_word' id='word_1_117' title='bbox 791 1385 1061 1430; x_wconf 89' lang='lat' dir='ltr'>uideretur.</span> <span class='ocrx_word' id='word_1_118' title='bbox 1085 1384 1164 1441; x_wconf 85' lang='lat' dir='ltr'>Et,</span> <span class='ocrx_word' id='word_1_119' title='bbox 1186 1393 1238 1429; x_wconf 89' lang='lat' dir='ltr'>ut</span> <span class='ocrx_word' id='word_1_120' title='bbox 1256 1383 1422 1439; x_wconf 77' lang='lat' dir='ltr'>aliqua</span> <span class='ocrx_word' id='word_1_121' title='bbox 1442 1398 1504 1428; x_wconf 82' lang='lat' dir='ltr'>ex</span> <span class='ocrx_word' id='word_1_122' title='bbox 1525 1382 1687 1428; x_wconf 83' lang='lat' dir='ltr'>multis</span> 
     </span>
     <span class='ocr_line' id='line_1_16' title="bbox 49 1459 1682 1521; baseline -0.004 -11"><span class='ocrx_word' id='word_1_123' title='bbox 49 1465 309 1521; x_wconf 89' lang='lat' dir='ltr'>attingam,</span> <span class='ocrx_word' id='word_1_124' title='bbox 336 1479 450 1509; x_wconf 90' lang='lat' dir='ltr'>cum</span> <span class='ocrx_word' id='word_1_125' title='bbox 474 1463 713 1509; x_wconf 78' lang='lat' dir='ltr'>meretrix</span> <span class='ocrx_word' id='word_1_126' title='bbox 737 1463 981 1519; x_wconf 79' lang='lat' dir='ltr'>quaedam</span> <span class='ocrx_word' id='word_1_127' title='bbox 1004 1461 1232 1507; x_wconf 88' lang='lat' dir='ltr'>maximis</span> <span class='ocrx_word' id='word_1_128' title='bbox 1257 1460 1473 1517; x_wconf 86' lang='lat' dir='ltr'>peccatis</span> <span class='ocrx_word' id='word_1_129' title='bbox 1498 1459 1682 1506; x_wconf 75' lang='lat' dir='ltr'>infecta</span> 
     </span>
     <span class='ocr_line' id='line_1_17' title="bbox 49 1538 1686 1599; baseline -0.004 -10"><span class='ocrx_word' id='word_1_130' title='bbox 49 1559 110 1589; x_wconf 89' lang='lat' dir='ltr'>ac</span> <span class='ocrx_word' id='word_1_131' title='bbox 132 1550 388 1599; x_wconf 87' lang='lat' dir='ltr'>corrupta,</span> <span class='ocrx_word' id='word_1_132' title='bbox 417 1556 544 1598; x_wconf 89' lang='lat' dir='ltr'>quae</span> <span class='ocrx_word' id='word_1_133' title='bbox 568 1556 816 1597; x_wconf 90' lang='lat' dir='ltr'>nunquam</span> <span class='ocrx_word' id='word_1_134' title='bbox 841 1540 1136 1586; x_wconf 78' lang='lat' dir='ltr'>sanctissimi</span> <span class='ocrx_word' id='word_1_135' title='bbox 1160 1538 1493 1584; x_wconf 79' lang='lat' dir='ltr'>eucharistiae</span> <span class='ocrx_word' id='word_1_136' title='bbox 1518 1552 1686 1582; x_wconf 88' lang='lat' dir='ltr'>sacra-</span> 
     </span>
     <span class='ocr_line' id='line_1_18' title="bbox 49 1615 1687 1673; baseline -0.004 -7"><span class='ocrx_word' id='word_1_137' title='bbox 49 1619 198 1666; x_wconf 91' lang='lat' dir='ltr'>menti</span> <span class='ocrx_word' id='word_1_138' title='bbox 231 1619 397 1665; x_wconf 78' lang='lat' dir='ltr'>fuerat</span> <span class='ocrx_word' id='word_1_139' title='bbox 433 1618 543 1664; x_wconf 93' lang='lat' dir='ltr'>cibo</span> <span class='ocrx_word' id='word_1_140' title='bbox 582 1617 885 1673; x_wconf 76' lang='lat' dir='ltr'>refocillata,</span> <span class='ocrx_word' id='word_1_141' title='bbox 926 1618 1123 1663; x_wconf 87' lang='lat' dir='ltr'>tandem</span> <span class='ocrx_word' id='word_1_142' title='bbox 1168 1617 1213 1662; x_wconf 88' lang='lat' dir='ltr'>in</span> <span class='ocrx_word' id='word_1_143' title='bbox 1258 1624 1431 1662; x_wconf 90' lang='lat' dir='ltr'>nostra</span> <span class='ocrx_word' id='word_1_144' title='bbox 1475 1615 1687 1661; x_wconf 88' lang='lat' dir='ltr'>ecclesia</span> 
     </span>
     <span class='ocr_line' id='line_1_19' title="bbox 50 1693 1684 1754; baseline -0.003 -11"><span class='ocrx_word' id='word_1_145' title='bbox 50 1713 140 1743; x_wconf 88' lang='lat' dir='ltr'>sua</span> <span class='ocrx_word' id='word_1_146' title='bbox 163 1696 488 1743; x_wconf 88' lang='lat' dir='ltr'>confiteretur</span> <span class='ocrx_word' id='word_1_147' title='bbox 511 1705 736 1754; x_wconf 82' lang='lat' dir='ltr'>peccata,</span> <span class='ocrx_word' id='word_1_148' title='bbox 759 1695 995 1741; x_wconf 76' lang='lat' dir='ltr'>effectum</span> <span class='ocrx_word' id='word_1_149' title='bbox 1015 1704 1104 1751; x_wconf 90' lang='lat' dir='ltr'>est,</span> <span class='ocrx_word' id='word_1_150' title='bbox 1127 1703 1179 1740; x_wconf 91' lang='lat' dir='ltr'>ut</span> <span class='ocrx_word' id='word_1_151' title='bbox 1202 1710 1298 1739; x_wconf 90' lang='lat' dir='ltr'>non</span> <span class='ocrx_word' id='word_1_152' title='bbox 1323 1693 1469 1738; x_wconf 90' lang='lat' dir='ltr'>modo</span> <span class='ocrx_word' id='word_1_153' title='bbox 1494 1693 1557 1738; x_wconf 87' lang='lat' dir='ltr'>ad</span> <span class='ocrx_word' id='word_1_154' title='bbox 1575 1707 1684 1738; x_wconf 90' lang='lat' dir='ltr'>coe-</span> 
     </span>
     <span class='ocr_line' id='line_1_20' title="bbox 48 1770 1685 1830; baseline -0.004 -9"><span class='ocrx_word' id='word_1_155' title='bbox 48 1791 167 1822; x_wconf 90' lang='lat' dir='ltr'>nam</span> <span class='ocrx_word' id='word_1_156' title='bbox 192 1774 271 1821; x_wconf 86' lang='lat' dir='ltr'>X.i</span> <span class='ocrx_word' id='word_1_157' title='bbox 299 1774 496 1821; x_wconf 91' lang='lat' dir='ltr'>Domini</span> <span class='ocrx_word' id='word_1_158' title='bbox 521 1774 730 1821; x_wconf 84' lang='lat' dir='ltr'>auderet</span> <span class='ocrx_word' id='word_1_159' title='bbox 753 1774 1013 1830; x_wconf 90' lang='lat' dir='ltr'>accedere,</span> <span class='ocrx_word' id='word_1_160' title='bbox 1041 1773 1127 1818; x_wconf 88' lang='lat' dir='ltr'>sed</span> <span class='ocrx_word' id='word_1_161' title='bbox 1151 1772 1300 1818; x_wconf 89' lang='lat' dir='ltr'>etiam</span> <span class='ocrx_word' id='word_1_162' title='bbox 1329 1786 1498 1817; x_wconf 88' lang='lat' dir='ltr'>omnes</span> <span class='ocrx_word' id='word_1_163' title='bbox 1533 1770 1685 1817; x_wconf 79' lang='lat' dir='ltr'>iacul-</span> 
     </span>
     <span class='ocr_line' id='line_1_21' title="bbox 56 1849 1684 1909; baseline -0.004 -10"><span class='ocrx_word' id='word_1_164' title='bbox 56 1862 186 1899; x_wconf 77' lang='lat' dir='ltr'>tates</span> <span class='ocrx_word' id='word_1_165' title='bbox 219 1868 336 1898; x_wconf 87' lang='lat' dir='ltr'>suas</span> <span class='ocrx_word' id='word_1_166' title='bbox 366 1852 496 1898; x_wconf 88' lang='lat' dir='ltr'>male</span> <span class='ocrx_word' id='word_1_167' title='bbox 529 1861 703 1909; x_wconf 87' lang='lat' dir='ltr'>partas</span> <span class='ocrx_word' id='word_1_168' title='bbox 734 1851 1032 1909; x_wconf 85' lang='lat' dir='ltr'>pauperibus</span> <span class='ocrx_word' id='word_1_169' title='bbox 1057 1866 1218 1907; x_wconf 92' lang='lat' dir='ltr'>aequo</span> <span class='ocrx_word' id='word_1_170' title='bbox 1242 1849 1407 1895; x_wconf 87' lang='lat' dir='ltr'>animo</span> <span class='ocrx_word' id='word_1_171' title='bbox 1432 1857 1684 1906; x_wconf 83' lang='lat' dir='ltr'>erogaret.</span> 
     </span>
    </p>

    <p class='ocr_par' dir='ltr' id='par_1_4' title="bbox 51 1926 1690 2903">
     <span class='ocr_line' id='line_1_22' title="bbox 115 1926 1689 1985; baseline -0.004 -9"><span class='ocrx_word' id='word_1_172' title='bbox 115 1930 158 1976; x_wconf 80' lang='lat'>6.</span> <span class='ocrx_word' id='word_1_173' title='bbox 225 1929 500 1976; x_wconf 89' lang='lat' dir='ltr'>Praeterea</span> <span class='ocrx_word' id='word_1_174' title='bbox 530 1929 668 1975; x_wconf 91' lang='lat' dir='ltr'>multi</span> <span class='ocrx_word' id='word_1_175' title='bbox 702 1945 813 1975; x_wconf 90' lang='lat' dir='ltr'>cum</span> <span class='ocrx_word' id='word_1_176' title='bbox 848 1944 943 1974; x_wconf 90' lang='lat' dir='ltr'>non</span> <span class='ocrx_word' id='word_1_177' title='bbox 978 1943 1165 1985; x_wconf 83' lang='lat' dir='ltr'>paucos</span> <span class='ocrx_word' id='word_1_178' title='bbox 1198 1942 1355 1973; x_wconf 89' lang='lat' dir='ltr'>annos</span> <span class='ocrx_word' id='word_1_179' title='bbox 1388 1926 1689 1983; x_wconf 88' lang='lat' dir='ltr'>grauissima</span> 
     </span>
     <span class='ocr_line' id='line_1_23' title="bbox 54 2003 1688 2065; baseline -0.003 -12"><span class='ocrx_word' id='word_1_180' title='bbox 54 2024 165 2054; x_wconf 92' lang='lat' dir='ltr'>cum</span> <span class='ocrx_word' id='word_1_181' title='bbox 200 2007 496 2065; x_wconf 80' lang='lat' dir='ltr'>qui-busdam</span> <span class='ocrx_word' id='word_1_182' title='bbox 526 2007 616 2053; x_wconf 91' lang='lat' dir='ltr'>sibi</span> <span class='ocrx_word' id='word_1_183' title='bbox 645 2006 900 2052; x_wconf 79' lang='lat' dir='ltr'>affinitatis</span> <span class='ocrx_word' id='word_1_184' title='bbox 924 2006 1119 2052; x_wconf 90' lang='lat' dir='ltr'>uinculo</span> <span class='ocrx_word' id='word_1_185' title='bbox 1143 2003 1417 2050; x_wconf 91' lang='lat' dir='ltr'>coniunctis</span> <span class='ocrx_word' id='word_1_186' title='bbox 1441 2003 1688 2050; x_wconf 86' lang='lat' dir='ltr'>exercuis-</span> 
     </span>
     <span class='ocr_line' id='line_1_24' title="bbox 52 2081 1686 2143; baseline -0.003 -12"><span class='ocrx_word' id='word_1_187' title='bbox 52 2094 162 2132; x_wconf 88' lang='lat' dir='ltr'>sent</span> <span class='ocrx_word' id='word_1_188' title='bbox 185 2085 314 2143; x_wconf 88' lang='lat' dir='ltr'>odia,</span> <span class='ocrx_word' id='word_1_189' title='bbox 341 2085 388 2130; x_wconf 93' lang='lat' dir='ltr'>in</span> <span class='ocrx_word' id='word_1_190' title='bbox 418 2093 592 2131; x_wconf 89' lang='lat' dir='ltr'>nostra</span> <span class='ocrx_word' id='word_1_191' title='bbox 624 2084 838 2130; x_wconf 89' lang='lat' dir='ltr'>ecclesia</span> <span class='ocrx_word' id='word_1_192' title='bbox 872 2083 1073 2130; x_wconf 89' lang='lat' dir='ltr'>tandem</span> <span class='ocrx_word' id='word_1_193' title='bbox 1107 2082 1337 2139; x_wconf 80' lang='lat' dir='ltr'>confessi,</span> <span class='ocrx_word' id='word_1_194' title='bbox 1373 2081 1500 2127; x_wconf 89' lang='lat' dir='ltr'>adeo</span> <span class='ocrx_word' id='word_1_195' title='bbox 1536 2081 1686 2127; x_wconf 90' lang='lat' dir='ltr'>corde</span> 
     </span>
     <span class='ocr_line' id='line_1_25' title="bbox 52 2158 1689 2219; baseline -0.004 -11"><span class='ocrx_word' id='word_1_196' title='bbox 52 2162 334 2219; x_wconf 90' lang='lat' dir='ltr'>compuncti</span> <span class='ocrx_word' id='word_1_197' title='bbox 353 2170 482 2219; x_wconf 91' lang='lat' dir='ltr'>sunt,</span> <span class='ocrx_word' id='word_1_198' title='bbox 502 2170 555 2208; x_wconf 90' lang='lat' dir='ltr'>ut</span> <span class='ocrx_word' id='word_1_199' title='bbox 577 2177 674 2207; x_wconf 94' lang='lat' dir='ltr'>non</span> <span class='ocrx_word' id='word_1_200' title='bbox 694 2161 840 2207; x_wconf 91' lang='lat' dir='ltr'>modo</span> <span class='ocrx_word' id='word_1_201' title='bbox 859 2160 1076 2218; x_wconf 89' lang='lat' dir='ltr'>pristinis</span> <span class='ocrx_word' id='word_1_202' title='bbox 1092 2158 1488 2206; x_wconf 89' lang='lat' dir='ltr'>contentionibus</span> <span class='ocrx_word' id='word_1_203' title='bbox 1504 2166 1551 2204; x_wconf 90' lang='lat' dir='ltr'>et</span> <span class='ocrx_word' id='word_1_204' title='bbox 1567 2158 1689 2203; x_wconf 91' lang='lat' dir='ltr'>odiis</span> 
     </span>
     <span class='ocr_line' id='line_1_26' title="bbox 51 2236 1688 2297; baseline -0.004 -11"><span class='ocrx_word' id='word_1_205' title='bbox 51 2239 243 2297; x_wconf 89' lang='lat' dir='ltr'>penitus</span> <span class='ocrx_word' id='word_1_206' title='bbox 267 2239 623 2293; x_wconf 89' lang='lat' dir='ltr'>ualedicerent,</span> <span class='ocrx_word' id='word_1_207' title='bbox 649 2239 735 2284; x_wconf 93' lang='lat' dir='ltr'>sed</span> <span class='ocrx_word' id='word_1_208' title='bbox 759 2238 908 2285; x_wconf 88' lang='lat' dir='ltr'>etiam</span> <span class='ocrx_word' id='word_1_209' title='bbox 933 2254 1107 2284; x_wconf 92' lang='lat' dir='ltr'>eorum</span> <span class='ocrx_word' id='word_1_210' title='bbox 1131 2236 1478 2294; x_wconf 87' lang='lat' dir='ltr'>promitterent</span> <span class='ocrx_word' id='word_1_211' title='bbox 1501 2250 1553 2280; x_wconf 94' lang='lat' dir='ltr'>se</span> <span class='ocrx_word' id='word_1_212' title='bbox 1574 2251 1688 2280; x_wconf 94' lang='lat' dir='ltr'>con-</span> 
     </span>
     <span class='ocr_line' id='line_1_27' title="bbox 52 2313 1688 2374; baseline -0.003 -12"><span class='ocrx_word' id='word_1_213' title='bbox 52 2318 271 2364; x_wconf 87' lang='lat' dir='ltr'>sulturos</span> <span class='ocrx_word' id='word_1_214' title='bbox 296 2316 584 2374; x_wconf 85' lang='lat' dir='ltr'>commodis,</span> <span class='ocrx_word' id='word_1_215' title='bbox 612 2332 823 2373; x_wconf 90' lang='lat' dir='ltr'>quorum</span> <span class='ocrx_word' id='word_1_216' title='bbox 848 2315 1000 2362; x_wconf 91' lang='lat' dir='ltr'>uitam</span> <span class='ocrx_word' id='word_1_217' title='bbox 1025 2315 1160 2372; x_wconf 88' lang='lat' dir='ltr'>prius</span> <span class='ocrx_word' id='word_1_218' title='bbox 1194 2314 1347 2360; x_wconf 90' lang='lat' dir='ltr'>uariis</span> <span class='ocrx_word' id='word_1_219' title='bbox 1380 2313 1572 2359; x_wconf 89' lang='lat' dir='ltr'>artibus</span> <span class='ocrx_word' id='word_1_220' title='bbox 1606 2328 1688 2369; x_wconf 92' lang='lat' dir='ltr'>op-</span> 
     </span>
     <span class='ocr_line' id='line_1_28' title="bbox 52 2391 1690 2451; baseline -0.003 -11"><span class='ocrx_word' id='word_1_221' title='bbox 52 2394 262 2451; x_wconf 91' lang='lat' dir='ltr'>primere</span> <span class='ocrx_word' id='word_1_222' title='bbox 299 2395 626 2441; x_wconf 87' lang='lat' dir='ltr'>conabantur.</span> <span class='ocrx_word' id='word_1_223' title='bbox 663 2393 867 2440; x_wconf 86' lang='lat' dir='ltr'>Plurimi</span> <span class='ocrx_word' id='word_1_224' title='bbox 901 2409 1012 2439; x_wconf 92' lang='lat' dir='ltr'>cum</span> <span class='ocrx_word' id='word_1_225' title='bbox 1045 2393 1185 2439; x_wconf 92' lang='lat' dir='ltr'>nobis</span> <span class='ocrx_word' id='word_1_226' title='bbox 1224 2391 1387 2438; x_wconf 84' lang='lat' dir='ltr'>infesti</span> <span class='ocrx_word' id='word_1_227' title='bbox 1419 2391 1690 2437; x_wconf 84' lang='lat' dir='ltr'>existerent</span> 
     </span>
     <span class='ocr_line' id='line_1_29' title="bbox 53 2469 1688 2528; baseline -0.002 -12"><span class='ocrx_word' id='word_1_228' title='bbox 53 2487 210 2528; x_wconf 92' lang='lat' dir='ltr'>neque</span> <span class='ocrx_word' id='word_1_229' title='bbox 248 2471 307 2517; x_wconf 91' lang='lat' dir='ltr'>de</span> <span class='ocrx_word' id='word_1_230' title='bbox 347 2480 522 2518; x_wconf 89' lang='lat' dir='ltr'>nostra</span> <span class='ocrx_word' id='word_1_231' title='bbox 560 2470 813 2517; x_wconf 84' lang='lat' dir='ltr'>Societate</span> <span class='ocrx_word' id='word_1_232' title='bbox 852 2471 965 2517; x_wconf 93' lang='lat' dir='ltr'>boni</span> <span class='ocrx_word' id='word_1_233' title='bbox 1006 2471 1264 2528; x_wconf 90' lang='lat' dir='ltr'>quicquam</span> <span class='ocrx_word' id='word_1_234' title='bbox 1310 2469 1484 2515; x_wconf 88' lang='lat' dir='ltr'>audire</span> <span class='ocrx_word' id='word_1_235' title='bbox 1527 2483 1688 2526; x_wconf 89' lang='lat' dir='ltr'>aequo</span> 
     </span>
     <span class='ocr_line' id='line_1_30' title="bbox 54 2545 1689 2606; baseline -0.002 -12"><span class='ocrx_word' id='word_1_236' title='bbox 54 2548 218 2594; x_wconf 91' lang='lat' dir='ltr'>animo</span> <span class='ocrx_word' id='word_1_237' title='bbox 242 2557 460 2606; x_wconf 84' lang='lat' dir='ltr'>possent,</span> <span class='ocrx_word' id='word_1_238' title='bbox 487 2548 723 2595; x_wconf 86' lang='lat' dir='ltr'>Patribus</span> <span class='ocrx_word' id='word_1_239' title='bbox 747 2549 946 2594; x_wconf 91' lang='lat' dir='ltr'>tandem</span> <span class='ocrx_word' id='word_1_240' title='bbox 970 2548 1153 2594; x_wconf 90' lang='lat' dir='ltr'>nostris</span> <span class='ocrx_word' id='word_1_241' title='bbox 1176 2546 1406 2603; x_wconf 81' lang='lat' dir='ltr'>confessi,</span> <span class='ocrx_word' id='word_1_242' title='bbox 1434 2545 1689 2591; x_wconf 90' lang='lat' dir='ltr'>meliorem</span> 
     </span>
     <span class='ocr_line' id='line_1_31' title="bbox 55 2622 1690 2682; baseline -0.002 -12"><span class='ocrx_word' id='word_1_243' title='bbox 55 2625 284 2682; x_wconf 84' lang='lat' dir='ltr'>aggressi</span> <span class='ocrx_word' id='word_1_244' title='bbox 307 2634 420 2671; x_wconf 92' lang='lat' dir='ltr'>sunt</span> <span class='ocrx_word' id='word_1_245' title='bbox 454 2626 624 2679; x_wconf 88' lang='lat' dir='ltr'>uitam,</span> <span class='ocrx_word' id='word_1_246' title='bbox 658 2625 842 2672; x_wconf 87' lang='lat' dir='ltr'>nostris</span> <span class='ocrx_word' id='word_1_247' title='bbox 876 2641 986 2671; x_wconf 89' lang='lat' dir='ltr'>sese</span> <span class='ocrx_word' id='word_1_248' title='bbox 1020 2625 1424 2671; x_wconf 86' lang='lat' dir='ltr'>commendantes</span> <span class='ocrx_word' id='word_1_249' title='bbox 1457 2622 1690 2669; x_wconf 86' lang='lat' dir='ltr'>orationi-</span> 
     </span>
     <span class='ocr_line' id='line_1_32' title="bbox 57 2699 1687 2760; baseline -0.001 -13"><span class='ocrx_word' id='word_1_250' title='bbox 57 2701 163 2748; x_wconf 91' lang='lat' dir='ltr'>bus.</span> <span class='ocrx_word' id='word_1_251' title='bbox 200 2702 373 2760; x_wconf 88' lang='lat' dir='ltr'>Itaque</span> <span class='ocrx_word' id='word_1_252' title='bbox 406 2703 554 2749; x_wconf 93' lang='lat' dir='ltr'>modo</span> <span class='ocrx_word' id='word_1_253' title='bbox 589 2702 730 2749; x_wconf 88' lang='lat' dir='ltr'>nobis</span> <span class='ocrx_word' id='word_1_254' title='bbox 759 2702 925 2749; x_wconf 90' lang='lat' dir='ltr'>acrius</span> <span class='ocrx_word' id='word_1_255' title='bbox 948 2702 1211 2760; x_wconf 89' lang='lat' dir='ltr'>negocium</span> <span class='ocrx_word' id='word_1_256' title='bbox 1236 2716 1408 2746; x_wconf 88' lang='lat' dir='ltr'>eorum</span> <span class='ocrx_word' id='word_1_257' title='bbox 1432 2699 1687 2757; x_wconf 90' lang='lat' dir='ltr'>obsequia,</span> 
     </span>
     <span class='ocr_line' id='line_1_33' title="bbox 59 2777 1689 2837; baseline -0.002 -12"><span class='ocrx_word' id='word_1_258' title='bbox 59 2794 206 2835; x_wconf 87' lang='lat' dir='ltr'>quam</span> <span class='ocrx_word' id='word_1_259' title='bbox 244 2780 483 2837; x_wconf 85' lang='lat' dir='ltr'>proximis</span> <span class='ocrx_word' id='word_1_260' title='bbox 529 2779 698 2827; x_wconf 90' lang='lat' dir='ltr'>diebus</span> <span class='ocrx_word' id='word_1_261' title='bbox 741 2788 1053 2837; x_wconf 90' lang='lat' dir='ltr'>contemptus</span> <span class='ocrx_word' id='word_1_262' title='bbox 1096 2787 1145 2825; x_wconf 92' lang='lat' dir='ltr'>et</span> <span class='ocrx_word' id='word_1_263' title='bbox 1187 2778 1577 2835; x_wconf 90' lang='lat' dir='ltr'>uituperationes</span> <span class='ocrx_word' id='word_1_264' title='bbox 1620 2777 1689 2822; x_wconf 75' lang='lat' dir='ltr'>fa-</span> 
     </span>
     <span class='ocr_line' id='line_1_34' title="bbox 56 2865 273 2903; baseline 0.009 -2"><span class='ocrx_word' id='word_1_265' title='bbox 56 2865 273 2903; x_wconf 87' lang='lat' dir='ltr'>cessunt.</span> 
     </span>
    </p>

    <p class='ocr_par' dir='ltr' id='par_1_5' title="bbox 117 2930 1690 2991">
     <span class='ocr_line' id='line_1_35' title="bbox 117 2930 1690 2991; baseline -0.001 -14"><span class='ocrx_word' id='word_1_266' title='bbox 117 2931 160 2978; x_wconf 88' lang='lat'>7.</span> <span class='ocrx_word' id='word_1_267' title='bbox 225 2933 405 2980; x_wconf 89' lang='lat' dir='ltr'>Mulier</span> <span class='ocrx_word' id='word_1_268' title='bbox 438 2934 685 2991; x_wconf 88' lang='lat' dir='ltr'>quaedam</span> <span class='ocrx_word' id='word_1_269' title='bbox 724 2949 836 2980; x_wconf 92' lang='lat' dir='ltr'>cum</span> <span class='ocrx_word' id='word_1_270' title='bbox 869 2932 1125 2980; x_wconf 92' lang='lat' dir='ltr'>duodecim</span> <span class='ocrx_word' id='word_1_271' title='bbox 1165 2948 1321 2979; x_wconf 90' lang='lat' dir='ltr'>annos</span> <span class='ocrx_word' id='word_1_272' title='bbox 1359 2932 1406 2978; x_wconf 93' lang='lat' dir='ltr'>in</span> <span class='ocrx_word' id='word_1_273' title='bbox 1445 2930 1690 2978; x_wconf 89' lang='lat' dir='ltr'>adulterio</span> 
     </span>
    </p>
   </div>
   <div class='ocr_carea' id='block_1_3' title="bbox 107 3108 1567 3159">
    <p class='ocr_par' dir='ltr' id='par_1_6' title="bbox 107 3108 1567 3159">
     <span class='ocr_line' id='line_1_36' title="bbox 107 3108 1567 3159; baseline -0.001 -12"><span class='ocrx_word' id='word_1_274' title='bbox 107 3109 118 3130; x_wconf 88' lang='lat'><strong>¹</strong></span> <span class='ocrx_word' id='word_1_275' title='bbox 170 3109 348 3148; x_wconf 85' lang='lat' dir='ltr'>Videtur</span> <span class='ocrx_word' id='word_1_276' title='bbox 365 3111 442 3159; x_wconf 14' lang='lat' dir='ltr'>tagi</span> <span class='ocrx_word' id='word_1_277' title='bbox 460 3111 509 3149; x_wconf 90' lang='lat' dir='ltr'>de</span> <span class='ocrx_word' id='word_1_278' title='bbox 528 3111 774 3150; x_wconf 81' lang='lat' dir='ltr'>monasterio</span> <span class='ocrx_word' id='word_1_279' title='bbox 792 3111 840 3149; x_wconf 89' lang='lat' dir='ltr'>de</span> <span class='ocrx_word' id='word_1_280' title='bbox 860 3124 938 3159; x_wconf 92' lang='lat' dir='ltr'>quo</span> <span class='ocrx_word' id='word_1_281' title='bbox 956 3110 1189 3157; x_wconf 81' lang='lat' dir='ltr'>POLANCUS,</span> <span class='ocrx_word' id='word_1_282' title='bbox 1211 3111 1388 3156; x_wconf 72' lang='lat' dir='ltr'>Chron.‚</span> <span class='ocrx_word' id='word_1_283' title='bbox 1411 3109 1465 3155; x_wconf 86' lang='lat' dir='ltr'>V,</span> <span class='ocrx_word' id='word_1_284' title='bbox 1484 3108 1567 3147; x_wconf 81' lang='lat'>288.</span> 
     </span>
    </p>
   </div>
  </div>
 </body>
</html>
