1909 3328
246 229 316 266 656
722 231 941 267 LITTERAE
968 232 1327 276 QUADRIMESTRES

289 325 582 382 Inscripz‘io.
609 330 634 379 †
659 326 1129 372 Obseruandissimo
1155 344 1214 372 ae
1237 327 1365 372 Rdo.
1393 328 1439 372 in
1465 328 1556 373 X.0
1590 328 1727 374 Patri
1751 329 1833 389 Ja-

200 403 327 447 cobo
352 402 572 459 Laynez,
603 403 791 449 vicario
815 404 1040 460 generali
1066 403 1332 450 Societatis
1356 405 1489 465 Jesu.
1518 405 1726 451 Romae.

289 480 408 525 Alia
427 495 604 526 mauu.
625 481 860 533 Francia,
883 481 1106 538 Spagna,
1129 482 1438 539 Portugallo,
1461 482 1696 537 Fiandra,
1719 484 1832 529 Ale-

203 573 405 614 magna.

970 789 1069 840 166

646 907 696 951 P.
735 907 1046 966 JOANNES
1085 908 1387 955 RETHIUS

746 1025 923 1051 COLONIA
954 1016 996 1051 14
1022 1026 1117 1062 MAJI
1146 1016 1236 1052 1558
1264 1018 1286 1053 ¹.

199 1109 228 1145 l.
253 1108 490 1146 Geriiiam'a.
511 1113 597 1146 tota
619 1111 780 1147 misera
800 1110 1048 1147 admodum
1069 1111 1359 1149 esi-Omnia
1388 1113 1442 1150 ab
1469 1114 1699 1150 haereticis
1727 1114 1833 1160 iufe-

271 1169 550 1206 stantun-2.
576 1170 627 1206 [η
656 1170 811 1206 devota
839 1171 1101 1208 venerabilis
1127 1175 1400 1209 sacramenti
1425 1174 1717 1210 translatione
1742 1175 1835 1220 qui-

271 1229 378 1265 dam
398 1231 468 1266 vir
485 1229 534 1265 oh
553 1241 684 1266 suam
705 1231 1035 1267 irreverentiam
1055 1243 1082 1268 a
1102 1234 1367 1277 magistratu
1387 1235 1572 1279 punitus
1591 1236 1755 1271 est.—3.
1785 1235 1836 1272 Ut

276 1290 450 1326 Colonia
459 1277 605 1335 fidem
623 1295 875 1336 susceptam
893 1296 1066 1337 semper
1083 1295 1272 1333 tueatur,
1291 1297 1386 1329 lum
1400 1293 1653 1330 studiorum
1669 1295 1836 1331 instau-

274 1351 398 1391 ratio,
427 1353 522 1385 tum
550 1351 716 1395 optima
734 1350 985 1396 juventutis
1016 1353 1061 1387 in
1094 1355 1239 1388 nostro
1268 1353 1441 1398 collegio
1469 1354 1685 1390 institutio
1702 1354 1834 1400 juva-

272 1409 481 1445 mini—4.
512 1409 712 1456 Undique
729 1409 886 1446 adhoc
905 1411 1334 1458 collegiumjuvenes
1358 1413 1603 1458 coustumia·
1629 1424 1650 1450 e
1675 1414 1834 1460 quihus

271 1472 357 1505 tres
376 1470 536 1515 egregii
552 1469 847 1506 adolescentes
864 1481 910 1506 se
928 1471 1050 1507 uobis
1069 1471 1371 1508 tradiderunt:
1388 1473 1471 1509 alii
1487 1474 1620 1509 etiam
1637 1474 1682 1509 iu
1699 1474 1834 1510 Socie-

272 1531 407 1565 tatem
434 1529 627 1565 admissi
650 1533 766 1566 sunt.
789 1529 857 1567 —5.
893 1530 958 1566 De
988 1532 1232 1574 consulum,
1266 1531 1548 1577 suffraganei
1577 1536 1617 1569 et
1644 1535 1835 1578 pastoris

268 1590 500 1634 paroeciae
529 1589 928 1626 benevolentia—6.
947 1590 1015 1626 De
1039 1591 1199 1627 scholis
1226 1596 1265 1628 et
1290 1592 1651 1629 scholasticorum
1680 1595 1834 1630 exerci-

271 1649 524 1685 tationibus.
548 1648 615 1685 De
644 1649 873 1695 aliquibus
899 1651 1154 1687 scholarum
1165 1651 1424 1696 fautoribus
1449 1656 1570 1689 extra
1594 1652 1829 1689 Coloniam.

264 1751 302 1795 1.
369 1755 394 1803 †
418 1749 544 1797 IHS.
573 1752 680 1796 Pax
716 1750 918 1809 Christi,
958 1762 1051 1798 ete.
1075 1754 1310 1810 Tempus,
1343 1770 1431 1799 seu
1451 1755 1730 1800 obedientia
1751 1771 1832 1812 po-

200 1828 295 1873 tius
320 1844 349 1873 a
373 1829 514 1873 nobis
533 1829 702 1885 exigit,
726 1838 777 1874 ut
801 1830 839 1874 si
865 1830 977 1886 quid
1002 1846 1170 1876 mense
1195 1831 1356 1887 Aprili
1381 1847 1470 1887 per
1494 1832 1587 1877 Dei
1612 1833 1831 1888 gratiam

201 1905 277 1950 hie
308 1905 498 1950 factum
529 1906 606 1963 sit,
634 1906 694 1951 R.
723 1904 781 1951 T.
810 1908 980 1963 paucis
1004 1908 1355 1964 significemus.
1383 1909 1648 1954 Faciemus
1671 1925 1761 1954 nos
1785 1909 1832 1955 id

202 1983 412 2039 quidem;
440 1998 615 2028 uerum
640 1999 736 2028 non
761 1984 1175 2040 quemadmodum
1202 1986 1442 2041 uolumus,
1470 1987 1555 2031 sed
1581 1996 1632 2032 ut
1662 2002 1832 2043 possu-

201 2076 323 2105 mus.
357 2059 668 2117 Cuperemus
702 2061 880 2106 etenim
914 2061 1152 2107 maiorem
1186 2063 1232 2107 in
1267 2064 1408 2109 nobis
1442 2064 1595 2109 fuisse
1630 2064 1834 2121 diligen-

201 2138 335 2189 tiam,
374 2149 421 2183 et
454 2139 598 2194 plura
631 2148 780 2194 atque
819 2138 1093 2195 insigniora
1132 2139 1363 2186 confecta
1397 2156 1523 2186 esse.
1561 2140 1661 2186 Sed
1696 2141 1832 2186 Deus

202 2215 282 2271 qui
317 2231 413 2260 non
448 2225 549 2260 tam
583 2224 807 2260 nostram
841 2215 1214 2272 negligentiam,
1252 2232 1400 2274 quam
1434 2233 1575 2263 suam
1610 2216 1830 2263 Societa-

201 2303 301 2339 tem
328 2293 564 2349 respexit,
592 2292 819 2349 quamuis
852 2309 941 2338 nos
967 2294 1081 2338 mali
1107 2310 1292 2349 sumus,
1322 2295 1521 2352 operari
1557 2306 1719 2341 tamen
1752 2296 1831 2341 hie

202 2370 382 2427 aliquid
418 2371 585 2416 uoluit.
623 2369 899 2416 Germania
932 2370 1171 2428 siquidem
1206 2381 1313 2417 tota
1345 2372 1529 2418 misera
1563 2373 1830 2418 admodum

201 2457 291 2503 est,
325 2458 371 2492 et
406 2447 488 2492 uix
523 2448 773 2505 integrum
807 2448 990 2504 aliquid
1026 2449 1190 2494 habet.
1228 2448 1410 2495 Omnia
1444 2461 1648 2506 propter
1684 2451 1830 2495 bono-

202 2540 309 2569 rum
350 2534 603 2580 pastorum
642 2525 859 2581 inopiam
903 2534 953 2570 et
995 2534 1168 2570 nostra
1207 2536 1417 2582 peccata
1460 2528 1524 2572 ab
1568 2527 1831 2573 haereticis

203 2611 288 2646 aut
312 2613 556 2658 occupata
580 2611 708 2656 sunt,
736 2611 821 2647 aut
844 2602 900 2647 iis
924 2603 1021 2647 iam
1046 2602 1135 2658 ipsi
1159 2603 1359 2648 insidias
1392 2614 1606 2649 struunt.
1639 2604 1829 2649 Verum

202 2679 264 2723 ad
297 2678 441 2723 istam
477 2679 727 2724 ciuitatem
761 2679 1002 2724 haetenus
1035 2679 1220 2724 aditum
1255 2695 1349 2725 non
1384 2680 1678 2735 habuerunt,
1717 2680 1830 2726 licet

203 2755 318 2800 nihil
342 2771 549 2811 prorsus
573 2756 869 2801 intentatum
895 2755 1197 2812 reliquerint.

252 2930 260 2948 ¹
313 2927 375 2964 Ex
394 2929 647 2975 autographo
666 2929 706 2964 in
725 2929 860 2965 codice
883 2927 1022 2965 Germ.
1044 2926 1139 2971 142,
1158 2927 1182 2963 3
1198 2926 1256 2972 ff,
1278 2941 1344 2964 nn.
1365 2927 1487 2973 28-30;
1514 2928 1623 2974 prius
1649 2928 1720 2964 520
1741 2941 1827 2975 sqq.

202 2988 358 3034 Aliqua
377 2987 503 3024 verba
522 2987 676 3034 abipso
695 2992 860 3024 auctore
887 2987 994 3023 inter
1019 2987 1276 3024 scribendum
1303 2987 1439 3024 deleta
1465 2994 1534 3025 aut
1560 2988 1695 3025 addita
1721 2992 1826 3032 sunt,

202 3059 306 3094 quae
326 3060 404 3083 non
424 3046 553 3083 visum
573 3052 633 3083 est
652 3059 800 3093 operae
820 3047 993 3093 pretium
1014 3051 1223 3088 annotare,
