1909 3328
303 266 372 310 270
792 271 1017 312 LIT‘l‘ERAE'
1038 276 1392 321 QUADRIMESTRES

257 384 465 425 quorum
502 370 856 416 consuetudine
891 371 981 416 dici
1017 386 1112 415 non
1147 380 1308 427 potest
1342 382 1577 429 quantum
1612 374 1876 422 oblectare-

255 456 350 492 tur.
399 445 481 492 Sic
525 448 839 505 elaboratum
883 458 978 505 est,
1026 458 1078 493 ut
1120 448 1517 505 frequentissime
1568 450 1875 500 inuiseretur.

256 524 403 580 Quod
427 539 537 569 cum
562 524 625 569 ad
649 540 797 571 aures
820 525 1062 582 praesidis
1087 526 1408 583 peruenisset,
1445 542 1533 583 per
1567 527 1737 572 literas
1762 544 1878 584 quas

256 601 318 646 ad
353 601 414 646 D.
452 600 685 646 Ioannem
720 602 862 658 misit,
901 602 1095 659 gratias
1124 602 1409 648 innumeras
1433 604 1549 659 egit.
1578 604 1878 652 Adolescens

255 693 375 723 uero
400 686 452 723 ut
476 678 723 734 inceptum
748 679 947 724 scholae
983 678 1205 724 aedificio
1239 679 1491 737 fastigium
1526 681 1875 742 imponeretur,

256 755 462 801 obtinuit
496 771 525 800 a
560 755 786 812 praeside
817 756 958 802 huius
982 756 1196 801 ciuitatis
1220 759 1254 814 a,
1281 766 1483 802 senatus
1508 757 1526 784 ¹³
1551 759 1717 804 nescio
1738 775 1877 816 quam

256 832 493 889 pecuniae
527 848 769 878 summam
805 833 1027 878 offerret.
1069 833 1146 878 Ad
1181 834 1303 879 haec
1338 834 1452 890 quia
1477 835 1669 880 aedium
1694 845 1876 883 nostra-

257 926 365 955 rum
405 909 583 955 ostium
623 911 1030 966 angustissimum
1064 910 1239 955 callem
1277 911 1590 968 respiciebat,
1628 928 1657 957 a
1691 913 1875 960 nobilis-

256 987 377 1032 simo
401 987 649 1032 Roderico
674 987 857 1045 Mexia,
885 988 963 1045 qui
989 986 1326 1033 Salmanticae
1346 988 1547 1044 agebat,
1570 989 1877 1045 impetratum

255 1074 345 1123 est,
373 1075 424 1111 ut
447 1081 510 1111 ex
535 1066 699 1122 platea
724 1081 850 1121 quae
874 1081 900 1111 e
926 1065 1129 1122 regione
1154 1065 1263 1110 ostii
1288 1076 1413 1123 erat,
1440 1075 1631 1122 partem
1655 1067 1874 1121 donaret;

255 1143 383 1200 quod
407 1143 553 1189 facile
577 1143 837 1189 concessit:
875 1144 1001 1188 unde
1037 1142 1229 1188 reddita
1263 1143 1473 1199 amplior
1507 1153 1654 1200 atque
1690 1145 1875 1201 expedi-

255 1220 351 1266 tior
375 1221 517 1277 regia
542 1220 621 1265 uia
645 1229 692 1265 et
716 1230 886 1265 nostro
912 1220 1017 1265 usui
1039 1220 1158 1265 satis
1177 1220 1466 1266 accomoda.

343 1298 485 1344 Haec
508 1313 561 1344 se
585 1298 1020 1355 obtulerunt‘quae
1051 1297 1201 1354 digna
1235 1298 1342 1343 uisa
1375 1307 1489 1344 sunt
1524 1308 1575 1344 ut
1610 1299 1875 1345 scriberen-

257 1386 352 1430 tur;
378 1392 493 1422 nam
518 1376 555 1421 si
579 1375 844 1421 minutiora
869 1376 1062 1432 uellem,
1091 1375 1409 1432 epistolarem
1434 1376 1712 1433 angustiam
1740 1393 1877 1423 exce-

255 1454 442 1500 derem.
485 1453 740 1511 Superest,
787 1463 839 1499 ut
883 1462 946 1510 te,
996 1452 1145 1499 Pater
1185 1452 1486 1510 dignissime,
1533 1454 1673 1500 nobis
1717 1463 1876 1502 seruet

255 1533 549 1579 incolumem
576 1531 819 1589 Christus,
848 1531 976 1588 quod
1000 1531 1127 1576 uotis
1153 1531 1494 1577 communibus
1518 1532 1580 1578 ab
1604 1532 1777 1578 eodem
1807 1548 1874 1579 as-

256 1609 393 1655 sidue
416 1609 744 1666 precibusque
769 1608 1125 1665 contendimus,
1162 1608 1469 1666 inuicemque
1503 1609 1599 1655 tuis
1637 1609 1873 1668 adiuuari,

255 1686 467 1743 quodam
493 1685 630 1743 quasi
654 1685 761 1731 iure
785 1695 954 1731 nostro
979 1686 1297 1742 postulamus.
1322 1685 1450 1731 Uale
1469 1686 1515 1731 in
1535 1685 1734 1732 Christo
1753 1686 1871 1733 Iesu.

312 1764 355 1809 4.
421 1763 754 1809 Absolueram
779 1763 875 1808 iam
899 1763 1172 1820 epistolam,
1212 1778 1322 1808 cum
1357 1763 1498 1809 nobis
1532 1763 1627 1809 duo
1663 1773 1775 1809 sunt
1807 1779 1873 1810 re-

255 1841 504 1897 nunciata,
533 1856 659 1897 quae
689 1856 783 1886 non
819 1839 1020 1897 indigna
1056 1848 1168 1885 sunt
1203 1840 1261 1885 de
1292 1840 1466 1896 quibus
1501 1840 1686 1886 certior
1718 1840 1870 1887 fieres.

254 1918 500 1975 Alterum,
534 1917 893 1974 portionarium
928 1918 1173 1974 quendam
1208 1926 1449 1974 prouecta
1482 1918 1682 1964 nimium
1716 1926 1873 1964 aetate

254 1995 459 2053 triginta
502 1994 660 2040 ferme
705 2003 790 2040 aut
829 1994 1163 2051 quadraginta
1201 2010 1357 2041 annos
1392 1995 1520 2041 domi
1555 1995 1872 2041 concubinam

254 2072 451 2119 aluisse:
479 2073 617 2118 cuius
640 2088 720 2118 res
745 2072 880 2129 uulgi
903 2072 1075 2118 fabula
1100 2081 1210 2118 erat
1229 2072 1401 2130 (usque
1426 2073 1552 2118 adeo
1571 2072 1704 2118 fama
1728 2073 1871 2119 incre·
1908 2086 1909 2093 ¹

254 2151 433 2196 buerat
456 2165 544 2207 per
568 2158 725 2195 totam
751 2150 923 2195 urbem
946 2165 1042 2195 non
1066 2149 1169 2195 sine
1193 2149 1407 2208 pessimo
1427 2150 1692 2207 multorum
1718 2165 1870 2196 exem·
1908 2175 1909 2206 ;

255 2227 369 2285 plo);
391 2227 516 2273 haec
535 2227 736 2272 iamiam
755 2226 998 2272 morituro
1023 2227 1217 2284 aderat,
1244 2227 1647 2284 interfuissetque
1672 2227 1870 2273 morien·
1908 2219 1909 2243 l

255 2304 421 2361 ti,'nisi
447 2303 630 2361 (triduo
655 2304 783 2349 enim
807 2313 917 2360 post
941 2313 1154 2350 naturae
1179 2304 1441 2362 concessit)
1466 2304 1664 2361 quidam
1695 2320 1757 2350 ex
1789 2304 1870 2350 Pa-

256 2382 416 2428 tribus
449 2382 655 2428 aedibus
689 2382 819 2427 illam
854 2382 1137 2440 expulisset3
1165 2383 1295 2439 quod
1324 2398 1421 2428 non
1455 2398 1645 2439 paruae
1669 2382 1870 2428 admira-

256 2459 376 2505 tioni
399 2458 506 2505 fuit,
534 2458 724 2504 Deinde
749 2475 778 2504 a
812 2459 1021 2516 primate
1056 2459 1270 2516 quodam
1304 2460 1448 2505 huius
1478 2459 1718 2505 ecclesiae
1752 2459 1867 2510 uiro,

254 2538 427 2582 morbo
451 2537 850 2594 ingrauescente,
873 2536 1194 2593 impetratum
1214 2546 1287 2582 est
1311 2536 1476 2583 Patris
1496 2537 1747 2582 cuiusdam
1767 2524 1874 2581 con-³

253 2614 376 2671 silio,
403 2623 455 2660 ut
481 2629 543 2659 ex
567 2613 860 2659 sacerdotiis
884 2613 1084 2670 aliquot,
1112 2613 1286 2670 opimis
1310 2613 1505 2671 quidem
1535 2614 1644 2671 illis,
1681 2613 1776 2659 duo
1804 2626 1870 2658 re-

253 2691 511 2748 linqueret,
549 2706 759 2748 quorum
793 2691 1005 2736 alterum
1041 2691 1149 2736 uiro
1186 2691 1381 2737 cuidam
1406 2702 1452 2737 et
1478 2691 1608 2737 uitae
1633 2690 1870 2748 probitate

253 2777 301 2814 et
324 2769 476 2814 literis
500 2768 675 2826 insigni
700 2768 918 2826 donauit,
947 2768 1159 2814 alterum
1182 2768 1347 2826 templi
1372 2769 1625 2815 cuiusdam
1655 2766 1869 2814 aedificio

253 2846 544 2891 extruendo.
582 2845 728 2903 Quod
762 2861 858 2891 non
892 2845 1094 2891 minoris
1125 2845 1310 2903 negotii
1342 2845 1449 2903 fuit,
1492 2861 1639 2903 quam
1684 2846 1868 2891 clauam

300 2972 319 2991 a
370 2972 626 3019 Sequuntur
641 2984 708 3010 vv.
730 2978 851 3019 atque
870 2977 913 3008 ut
933 2972 1112 3008 eiusdem
1133 2972 1288 3010 deleta.
1343 2972 1408 3000 —b
1440 2977 1606 3008 sanatus
1625 2983 1705 3010 ms.
1727 2971 1869 3008 Exem-

249 3032 377 3077 plum
396 3033 657 3078 hispanum:
740 3033 926 3077 «alcanco
944 3031 1009 3068 del
1029 3031 1264 3078 corregidor
1282 3032 1395 3068 desta
1414 3031 1556 3078 cibdad
1571 3044 1648 3078 que
1667 3032 1704 3068 el
1723 3028 1868 3082 cabildo
1892 3042 1893 3055 ³

253 3091 383 3128 diesse
403 3091 528 3138 cierta
547 3105 661 3128 suma
680 3092 728 3128 de
748 3092 922 3128 dinero».
