1900 3380
588 256 851 294 67.-PRA<;A
884 257 921 292 11
948 256 1059 302 jux-11
1091 256 1179 292 1:357
1582 256 1650 291 ‘267

65 355 137 399 ris
158 367 414 405 successu,
442 353 645 409 patienti
671 353 956 405 tolerantia,
986 362 1088 396 tum
1114 351 1262 396 etiam
1288 351 1556 396 bohemicis
1581 366 1691 407 ope-

5 419 8 422 ¹
66 431 225 487 rariis,
253 431 378 475 bene
403 430 448 474 in
472 440 647 474 nostra
673 430 942 474 uocatione
969 435 985 455 ³
1010 427 1245 473 fundatis

121 508 162 553 6.
228 507 340 567 jam
374 507 419 553 in
455 506 684 563 proximo
709 506 837 551 festo
862 505 1186 551 Pentecostes
1223 504 1499 550 orationem
1527 505 1694 549 habuit

63 585 302 641 magister
325 581 588 629 Gerardus
613 586 625 607 ¹
651 583 698 628 in
722 598 856 635 arce,
883 582 969 627 sed
993 594 1039 627 et
1064 581 1405 638 auspicabitur
1430 581 1691 625 lectionem

63 661 364 715 catechismi,
392 661 436 705 in
464 660 680 717 gratiam
717 660 961 705 iuniorum
998 659 1316 704 sacerdotum
1348 657 1497 709 arcis,
1525 657 1696 702 dicbus

63 736 317 784 dominicis
341 752 401 782 ac
426 736 632 791 festinis,
657 737 899 793 proxime
931 736 1156 792 incipiet,
1183 735 1369 780 deinde
1400 738 1693 790 prosecutu—

65 814 347 859 rzts.·'Pater
381 813 642 858 Hurtadus
677 814 692 837 2
727 813 948 858 eandem
972 812 990 839 b
1020 812 1282 857 lectionem
1318 811 1490 856 iisdem
1526 811 1698 855 diebus

61 891 378 948 prosequitur
412 890 720 936 scholasticis
745 899 792 935 et
816 890 923 935 aliis
949 889 1217 934 extraneis
1240 895 1256 916 ὃ
1284 889 1330 933 in
1365 888 1579 943 collegio
1616 904 1697 932 no-

62 978 182 1025 str0,
210 969 295 1013 clii
311 968 476 1024 pauci
499 968 766 1013 auditores
801 967 1074 1023 intersunt,
1105 971 1320 1023 praeter
1352 969 1555 1010 nostros
1575 965 1696 1023 sra-

62 1049 165 1090 tres
208 1049 256 1089 et
299 1045 494 1107 aliquot
535 1045 795 1090 studiosos
847 1044 1161 1100 ordinarios,
1207 1057 1302 1088 sex
1345 1046 1437 1087 aut
1479 1046 1693 1099 septeni,

62 1122 370 1180 quandoque
403 1126 578 1167 tamen
618 1122 816 1179 plures,
853 1121 947 1166 sed
978 1120 1260 1166 instabiles.
1298 1120 1496 1165 Paucos
1540 1121 1697 1164 etiam

62 1205 270 1256 semper
293 1200 531 1245 habemus
556 1199 802 1244 maiorum
827 1199 1061 1244 classium
1085 1198 1291 1243 stabiles
1315 1197 1570 1242 auditores
1595 1197 1700 1242 nisi

63 1290 156 1320 sex
190 1280 282 1320 (litt
312 1280 533 1332 septem:
566 1290 728 1334 quare
761 1290 996 1321 successu
1030 1275 1268 1331 temporis
1309 1290 1567 1330 possemus
1609 1290 1695 1319 eas

62 1353 265 1409 implere
289 1353 489 1409 nostris,
518 1353 677 1398 donec
711 1352 907 1398 interim
941 1352 1022 1398 alii
1057 1352 1302 1397 minorum
1327 1352 1561 1396 classium
1587 1367 1695 1407 pro-

64 1439 375 1488 moueantur,
398 1431 525 1487 quod
545 1431 810 1487 aliquando
830 1446 919 1487 per
939 1429 1031 1475 Dei
1051 1430 1267 1486 gratiam
1286 1429 1394 1474 fore
1414 1445 1691 1485 speramus.

122 1507 162 1552 7.
229 1507 276 1552 A
310 1508 449 1553 nobis
484 1523 622 1564 uero,
651 1507 880 1564 quamuis
915 1507 1169 1552 hohemice
1204 1507 1431 1552 discatur
1459 1505 1495 1564 d,
1530 1515 1698 1551 tamen

64 1584 166 1629 sine
199 1585 581 1630 conuersatione
614 1592 630 1611 Ε
673 1584 939 1630 difficulter
963 1584 1078 1640 quid
1111 1583 1121 1609 f
1167 1584 1362 1629 uidetur
1382 1584 1512 1640 fieri
1541 1591 1559 1617 g
1589 1599 1696 1639 pos-

63 1676 130 1714 se,
165 1661 278 1707 licet
312 1661 341 1706 ii
377 1667 613 1707 nostrum
636 1661 653 1687 ¹¹
687 1661 765 1719 qui
800 1662 982 1707 scholis
1016 1676 1286 1717 puerorum
1320 1669 1575 1717 praesunt,
1603 1673 1697 1705 nos

64 1737 222 1784 aliosi
256 1754 317 1784 ea
345 1739 392 1784 in
424 1739 595 1796 lingua
629 1740 776 1795 longe
801 1738 1018 1784 uincant.
1043 1738 1171 1783 Hinc
1196 1738 1319 1786 illudv
1348 1747 1423 1782 est
1457 1737 1587 1793 quod
1614 1738 1695 1782 bo-

62 1815 290 1861 haemum
314 1816 646 1873 sacerdotem,
670 1815 1011 1861 confessorem
1031 1824 1079 1860 et
1103 1815 1511 1860 concionatorem
1537 1828 1698 1871 agen-

62 1896 177 1949 tem,
203 1893 283 1938 uel
317 1893 481 1947 etiam,
509 1893 548 1938 si
582 1892 688 1938 fieri
722 1902 908 1949 posset,
936 1893 1119 1949 plures,
1155 1891 1292 1937 multi
1328 1891 1474 1936 amici
1509 1891 1696 1936 deside-

63 1973 238 2014 rarent
271 1968 296 2026 i,
324 1969 588 2026 dicuntque
612 1986 672 2015 ea
695 1985 786 2015 nos
811 1969 1266 2027 rationefactztros
1288 1967 1306 1994 ¹<
1336 1967 1571 2013 fructum.
1599 1966 1698 2013 Sed

64 2054 110 2091 et
135 2047 392 2103 plebecula
416 2047 511 2092 hoc
535 2047 625 2093 sibi
650 2047 1034 2092 desiderandum
1059 2062 1155 2091 non
1180 2061 1300 2092 raro
1332 2046 1535 2092 fatetur.
1563 2045 1696 2090 Dicit

63 2123 188 2168 enim
212 2139 301 2169 nos
324 2124 414 2169 sibi
439 2139 584 2181 posse
608 2124 862 2181 prodesse,
889 2125 928 2169 si
952 2124 1250 2169 haberemus
1275 2123 1356 2180 qui
1381 2138 1552 2168 secum
1586 2137 1694 2179 pos-

63 2200 124 2246 sit
146 2216 299 2257 agere
323 2201 652 2259 familiariter,
679 2202 774 2247 hoc
807 2212 882 2247 est
917 2201 1221 2247 bohaemice.
1250 2200 1379 2246 Nam
1414 2199 1691 2257 (inquiunt),

65 2276 102 2321 si
125 2292 212 2322 nos
236 2277 402 2323 dicant
426 2293 581 2334 agere
612 2279 741 2324 male
776 2278 865 2335 (sic
899 2265 1029 2323 enim
1059 2277 1210 2322 etiam
1243 2277 1384 2322 nobis
1417 2276 1697 2322 tacentibus

65 2352 347 2398 existimant
380 2370 470 2399 nos
509 2354 711 2412 dicere),
744 2355 952 2400 uelimus
986 2370 1092 2399 rem
1126 2354 1285 2410 ipsam
1316 2354 1379 2399 ab
1410 2353 1480 2398 eis
1511 2367 1696 2408 cogno-

66 2444 220 2488 scere3
243 2435 291 2475 et
307 2446 418 2476 cum
443 2431 452 2458 ¹
485 2432 641 2477 nostri
665 2432 894 2477 bohaemi
914 2432 1008 2477 hoc
1027 2431 1207 2487 dicant,
1231 2431 1321 2488 ipsi
1340 2445 1462 2476 uero
1481 2428 1694 2486 jesuitae

111 2615 128 2635 a
159 2610 382 2655 vocatione;
400 2610 579 2646 obscure
597 2613 829 2646 exaratum
836 2609 994 2655 fuerat
1006 2609 1085 2646 hoc
1099 2620 1138 2645 v.
1157 2610 1203 2646 in
1225 2620 1304 2645 ms.
1352 2608 1417 2635 —b
1442 2612 1692 2644 consuetam.

68 2674 126 2695 -c
174 2669 364 2706 externis.
429 2669 497 2696 —d
545 2669 758 2706 discamus.
812 2676 876 2696 —e
921 2668 1232 2705 conuersatione
1270 2667 1435 2704 maiore.
1502 2666 1560 2693 -f
1601 2667 1696 2714 quid

65 2739 255 2773 magnum
279 2728 320 2765 in
345 2741 393 2765 ea
418 2729 578 2775 lingua.
636 2736 701 2763 —g
733 2729 945 2775 praestari.
999 2728 1066 2755 -h
1100 2741 1148 2765 ex
1180 2726 1339 2764 nostris.
1393 2726 1449 2753 -i
1500 2726 1693 2773 reliquos.

67 2785 120 2820 -i
161 2787 401 2825 desiderant.
453 2788 519 2815 -k
552 2788 781 2825 vberiorem
800 2793 1078 2835 percepturos.
1135 2787 1188 2813 ψ]
1219 2798 1309 2822 eum
1329 2786 1449 2823 enim.

113 2940 124 2960 ¹
173 2939 382 2979 Gerardus
408 2941 660 2978 VVerdenus.
699 2941 846 2989 Supra,
874 2955 968 2989 pag.
1000 2941 1079 2986 167,
1113 2947 1249 2977 annot.
1282 2930 1518 2978 2.'Festum
1550 2939 1694 2977 Pente-

67 3004 194 3038 costes
212 3013 260 3037 eo
278 3014 383 3038 anno
400 3001 442 3038 in
460 3001 567 3038 diem
585 3000 608 3037 6
621 3001 733 3048 Junii
751 3001 903 3038 incidit.

112 3058 126 3078 ²
173 3058 217 3095 P.
238 3059 449 3098 Hurtadus
469 3060 611 3098 Perez.
634 3060 781 3107 Supra,
804 3074 897 3108 pag.
923 3061 1001 3104 170,
1024 3065 1159 3096 annot.
1181 3059 1216 3097 2.
