1915 3437
478 217 779 255 24.-ss11,1„02x10
805 218 828 253 9
853 216 1091 253 szmmm
1122 219 1211 254 13:37
1550 219 1615 255 103

120 315 196 360 De
220 324 343 360 tutte
367 324 538 370 queste
561 329 678 360 cose
704 315 745 359 ei
771 330 917 370 parse
938 314 1147 358 rendere
1172 313 1312 358 auiso
1353 330 1381 358 a
1407 314 1453 358 la
1478 314 1537 358 R.
1581 315 1666 366 Vq

33 393 64 438 il
87 392 175 437 Che
199 407 288 447 per
311 391 547 436 l'auenire
572 392 651 447 piu
677 391 1075 447 diligentemente
1100 389 1311 434 faremo.
1350 390 1505 435 Resta
1541 392 1667 436 sola-

34 478 195 515 mente
219 469 585 513 raeomandare
611 477 784 524 questo
818 483 908 512 suo
948 467 1160 523 collegio
1202 476 1249 511 et
1289 467 1399 511 tutti
1440 467 1517 511 noi
1558 468 1667 512 nele

34 561 120 591 sue
144 545 268 590 santi
293 545 523 590 orationi.
552 545 631 590 Da
657 544 911 601 Peroggia
936 559 965 589 a
989 543 1019 588 li
1043 543 1069 589 7
1091 543 1150 588 de
1176 543 1391 588 Febraio
1416 544 1543 589 1557.

122 620 281 667 Seruo
308 621 521 678 indegno
545 621 591 665 in
617 621 722 676 XJ’,

974 697 1158 742 MARCO
1194 697 1416 742 VALDES
1451 699 1480 742 ¹.

119 786 410 842 Inscriptio.
447 790 472 838 †
508 786 570 830 Al
596 786 747 831 molto
773 785 901 831 Rdo.
930 785 974 830 in
1000 785 1072 830 Xo
1096 785 1169 840 Ρ.,
1199 785 1228 830 il
1252 785 1307 830 Ρ.
1336 786 1400 831 M.
1438 786 1661 843 Laynez,

34 863 222 909 vicario
247 864 484 919 generale
508 863 637 908 della
658 862 971 920 Compagnia
992 862 1036 907 di
1057 861 1229 908 Giesu.
1257 863 1437 908 Roma.

815 1074 885 1124 24

405 1210 777 1258 ROBERTUS
813 1210 1292 1258 CLAYSSONIUS

514 1334 698 1360 BILLOMO
723 1324 746 1359 9
771 1334 1003 1360 FEBRUARII
1034 1324 1124 1360 1557
1151 1324 1176 1360 2.

32 1426 128 1461 1-14.
149 1425 217 1462 De
232 1427 372 1462 sacris
391 1426 649 1462 ministeriis
667 1436 694 1461 a
713 1426 852 1461 variis
870 1425 1170 1461 sacerdotibus
1194 1424 1365 1470 collegii
1388 1426 1527 1461 nostri
1550 1436 1661 1461 exer-

101 1486 209 1529 citis,
237 1496 289 1522 ac
315 1485 370 1521 de
386 1485 542 1530 fructu
563 1496 613 1521 ex
632 1484 791 1521 iisdem
808 1484 1204 1530 percepta—1520.
1227 1484 1294 1521 De
1312 1484 1570 1521 academiae
1589 1485 1664 1521 hil-

101 1545 307 1581 lomensis
326 1545 540 1581 exercitiis
560 1548 598 1581 et
615 1544 670 1580 de
684 1543 883 1590 profectu
904 1545 1192 1580 alumnorum
1213 1546 1258 1580 in
1279 1544 1435 1580 litteris
1461 1548 1499 1580 et
1518 1546 1562 1581 in
1582 1546 1667 1581 vir-

101 1605 265 1641 tutibus
277 1604 591 1641 christianis—
600 1604 969 1641 Claromontamts
984 1605 1167 1640 antistes
1179 1605 1409 1650 collegimn
1427 1604 1665 1642 liberaliter

104 1664 255 1701 dotare
272 1675 324 1701 ac
333 1664 538 1710 fundare
552 1665 797 1709 pollicetur.

0 1821 1 1824 Ἰ
95 1766 133 1811 1.
200 1765 307 1811 Pax
331 1765 527 1811 Domini
553 1765 645 1811 Dei
672 1766 828 1811 nostri
851 1765 971 1825 Jesu
997 1765 1182 1811 Christi
1207 1765 1432 1822 perfecta
1466 1781 1554 1811 nos
1580 1766 1662 1812 do-

38 1852 118 1889 net
140 1843 386 1889 libertate.
420 1843 599 1888 Amen.
630 1842 826 1888 Exacta
851 1842 1227 1899 quadrimestris
1261 1843 1406 1899 spatii
1431 1843 1664 1900 periodus

0 1909 1 1931 ³
24 1920 267 1977 postulat,
294 1929 348 1965 vt
372 1920 668 1978 euangelici
688 1920 880 1965 laboris
905 1934 1174 1977 rerumque
1198 1929 1483 1965 nostrarum
1503 1929 1664 1966 status

36 1996 88 2043 P.
114 1996 172 2043 T.
199 1996 391 2043 fidelem
416 1997 663 2043 rationem
689 1997 970 2042 reddamus.
1014 1996 1195 2055 Itaque
1221 1998 1471 2054 postridie
1494 1998 1659 2042 calen-

36 2074 132 2120 das
155 2070 382 2120 Octobris
421 2075 668 2120 extremis
691 2074 1160 2132 quadm'mestribns
1193 2074 1357 2119 literis
1394 2074 1664 2119 transmis-

32 2151 105 2196 sis
126 2151 158 2208 3,
193 2154 247 2196 vt
262 2151 418 2196 lzczsce
441 2151 505 2196 ah
528 2165 584 2196 eo
599 2152 835 2208 primum
858 2151 942 2196 die
961 2151 1301 2208 auspicemur
1316 2151 1440 2197 ordo
1464 2151 1663 2208 efflagi-

80 2294 90 2314 ¹
140 2293 205 2330 De
224 2294 420 2341 epistolae
449 2298 629 2338 auctore,
651 2293 719 2339 qui
738 2292 931 2339 hispanus
951 2298 1040 2329 erat
1059 2305 1109 2328 ex
1129 2292 1423 2340 GuadaIajara,
1446 2292 1546 2328 haee
1565 2292 1660 2328 dicit

34 2357 78 2395 P.
99 2358 382 2396 Mercurianus
402 2359 443 2395 in
461 2358 633 2405 epistola
654 2358 776 2405 paulo
792 2362 886 2394 ante
905 2357 1042 2394 citata:
1064 2357 1166 2394 «Del
1186 2357 1248 2394 fr.¹
1276 2357 1416 2394 Marco
1435 2357 1589 2394 Valdes
1609 2357 1665 2393 al-

33 2422 93 2455 tro
110 2431 188 2455 non
206 2431 371 2455 oecorre
402 2419 489 2455 dire
509 2418 596 2455 sino
616 2419 689 2454 che
709 2418 744 2455 ci
763 2418 813 2454 da
831 2418 988 2464 grande
1009 2417 1264 2454 edificatione
1284 2430 1357 2453 con
1385 2418 1423 2453 la
1448 2429 1546 2453 suoa
1577 2417 1664 2453 dili-

34 2477 171 2523 gentia
188 2477 323 2515 ch'vsa
341 2479 434 2515 nele
454 2490 545 2514 cose
566 2477 779 2514 comesseli
804 2477 897 2513 dala
924 2477 1169 2514 obedientia.
1194 2477 1341 2524 Legge
1360 2477 1570 2513 humanita
1588 2489 1661 2513 con

35 2536 137 2574 assai
163 2537 243 2574 bon
269 2537 396 2584 garbo
423 2542 463 2574 et
490 2536 767 2574 sodisfattione
787 2537 825 2573 di
844 2537 931 2573 suoi
946 2537 1105 2579 scolari,
1123 2537 1233 2583 quali
1250 2541 1560 2573 comunamente
1577 2549 1664 2583 pas-

35 2607 129 2632 sano
152 2597 209 2633 40.
230 2596 265 2633 E
291 2602 395 2634 stato
423 2610 520 2633 sano
547 2609 721 2644 sempre,
742 2596 834 2632 d’vn
852 2609 950 2643 poco
969 2597 1008 2632 di
1028 2609 1156 2643 rogna
1175 2597 1216 2632 in
1235 2596 1388 2632 fuora.»

79 2653 93 2674 ²
141 2654 202 2692 Ex
222 2656 474 2703 autographo
494 2656 533 2692 in
553 2656 689 2692 codice
710 2655 804 2693 Gal.
825 2655 895 2699 53,
916 2656 938 2692 4
953 2655 1008 2696 ff„
1029 2668 1096 2692 nn.
1117 2655 1283 2700 141-144;
1300 2654 1411 2701 prius
1429 2654 1546 2699 12-15;
1568 2653 1665 2690 olim

34 2712 153 2750 27-34.
174 2713 407 2751 Secundum
426 2715 616 2761 Hiar-sm,
638 2716 711 2752 loc.
731 2715 814 2758 cit..
835 2720 897 2751 est
925 2716 1155 2761 exemplum
1176 2714 1215 2750 in
1236 2714 1401 2750 archivo
1427 2713 1662 2750 coloniensi.

35 2770 166 2810 Multa
183 2774 414 2811 obliteravit
433 2779 474 2811 et
491 2774 630 2821 aliqua
660 2774 894 2811 emendavit
920 2774 1124 2811 Polancus
1150 2774 1189 2810 in
1217 2774 1292 2810 hac
1318 2773 1501 2820 epistola;
1529 2773 1666 2820 priora

34 2830 176 2870 litteris
194 2833 342 2870 italicis
359 2838 560 2878 notamus,
582 2834 714 2871 altera
733 2846 804 2880 pro
823 2846 935 2871 more
954 2839 1092 2871 nostro
1111 2833 1348 2869 indicamus.

79 2890 93 2910 ³
141 2891 222 2929 Eas
240 2893 365 2930 habes
383 2893 423 2930 in
442 2893 545 2930 Lz’tt.
563 2893 814 2940 Quadrim„
834 2893 908 2939 IV,
930 2893 1012 2930 538.
1034 2893 1099 2929 De
1119 2892 1353 2929 fundatione
1369 2892 1535 2939 collegii
1548 2892 1666 2929 billo-

35 2950 180 2987 mensis
198 2956 238 2988 et
256 2951 305 2989 de
324 2952 554 3000 apostolicis
569 2953 774 2989 laboribus
789 2953 988 2990 sociorum
1004 2953 1044 2989 in
1059 2951 1283 2995 Arvernia,
1301 2950 1366 2988 Cf.
1383 2951 1662 2996 FoUQUERAY‚

35 3007 225 3048 Histoire
240 3011 296 3048 de
313 3012 356 3049 la
379 3012 641 3058 Compagm‘e
659 3023 711 3049 en
731 3012 911 3057 France,
931 3011 962 3055 I,
986 3011 1053 3048 178
1070 3024 1155 3058 sqq.
