1900 3380
547 274 836 312 131.—BURG1s
862 276 883 311 7
905 275 1105 322 JANUARII
1136 277 1225 313 15:38
1585 279 1653 315 495

75 371 187 417 dum
212 386 303 416 non
331 380 431 416 tam
457 387 583 428 quae
608 381 779 418 nostra
804 383 930 430 sunt,
958 388 1103 428 quam
1129 390 1255 430 quae
1282 374 1483 432 Christi,
1507 392 1596 421 nos
1620 392 1700 421 no-

74 448 369 505 bismetipsis
403 465 613 505 querere
648 451 1021 507 persuademus,
1049 452 1297 497 multoties
1331 453 1522 498 animos
1546 453 1700 498 tacita

73 526 314 582 quaedam
339 525 467 571 subit
491 526 744 582 philautia,
772 528 932 572 studio
958 543 1047 572 nos
1073 527 1117 572 id
1143 528 1312 575 facere
1347 530 1578 575 dictitans
1603 532 1698 575 cul-

72 612 149 648 tus
168 602 313 647 diuini
339 602 686 660 amplificandi.
715 603 814 649 Sed
839 604 897 650 de
924 604 996 649 his
1020 604 1274 651 hactenus.

129 680 173 725 4.
240 679 448 725 Fratres
488 681 532 725 in
572 681 811 727 obeundis
846 681 936 727 sibi
976 682 1178 739 quisque
1218 683 1492 729 commissis
1527 684 1702 730 officiis

71 756 183 802 nihil
217 757 278 801 ad
315 756 584 802 maximam
619 758 929 815 diligentiam
964 759 1054 803 sibi
1091 759 1331 815 reliquum
1367 760 1570 814 faciunt,
1609 761 1699 805 dis-

70 834 216 879 tricta
250 834 313 878 ab
347 834 572 879 omnibus
609 836 897 892 regularum
932 836 1222 881 obseruatio
1257 837 1466 892 geritur,
1505 838 1700 883 mortifi-

70 910 276 955 cationis
308 920 456 966 atque
482 911 670 968 seipsos
706 912 931 958 uincendi
966 924 1013 957 et
1049 913 1093 957 in
1129 913 1232 957 dies
1267 914 1440 970 seipsis
1474 914 1702 960 meliores

73 987 311 1032 euadendi
338 988 583 1033 maximus
619 989 661 1033 in
697 989 923 1035 omnibus
959 991 1147 1035 relucet
1171 990 1340 1035 ardor.
1372 991 1447 1035 Ex
1473 992 1544 1035 his
1569 991 1699 1047 quin-

69 1080 161 1121 que
200 1065 490 1110 dialecticae
530 1066 677 1122 (quae
715 1067 809 1112 hoc
848 1082 979 1112 anno
1019 1068 1065 1112 in
1105 1077 1277 1112 nostro
1317 1068 1530 1125 collegio
1571 1070 1701 1114 tradi

69 1152 245 1198 coepta
269 1143 361 1199 est)
387 1142 449 1187 ad
475 1144 679 1188 multum
716 1144 937 1189 laborem
975 1144 1234 1201 desudant,
1262 1145 1438 1201 quibus
1462 1161 1514 1190 se
1539 1146 1702 1191 socios

68 1219 358 1264 addiderunt
391 1229 579 1276 septem
615 1230 701 1266 aut
735 1222 798 1266 ad
833 1236 1076 1266 summum
1101 1231 1216 1268 octo
1241 1238 1303 1267 ex
1328 1233 1531 1268 nostrae
1564 1224 1700 1268 scho-

70 1297 143 1340 lae
177 1296 500 1341 scholasticis.
529 1297 658 1342 Tres
693 1298 773 1342 alii
808 1299 1174 1355 grammaticae
1209 1299 1511 1355 incumbunt,
1540 1301 1700 1345 nullus

70 1382 140 1418 est
163 1373 239 1418 cui
265 1374 342 1418 uel
369 1373 563 1419 modica
597 1389 720 1419 cura
754 1376 835 1420 uel
868 1376 1205 1433 negligentiae
1229 1376 1414 1433 aliquid
1439 1378 1594 1432 possit
1618 1393 1700 1423 ex-

68 1451 313 1506 probrari.
356 1450 679 1507 Reliquorum
723 1452 1004 1498 auditorum
1051 1469 1286 1498 numerus
1326 1469 1421 1498 non
1465 1463 1698 1511 augetur,

68 1528 353 1573 consulente
388 1527 480 1573 hac
514 1528 559 1573 in
596 1539 739 1585 parte
765 1529 930 1575 diuina
956 1530 1175 1575 bonitate
1199 1530 1383 1575 nostris
1406 1531 1697 1588 commodis;

67 1620 277 1661 namque
301 1605 340 1650 si
366 1606 509 1662 pauci
534 1615 726 1651 tantum
750 1606 1000 1653 facessunt
1026 1608 1228 1665 negotii,
1257 1617 1521 1665 tantusque
1544 1609 1696 1655 cursi-

66 1683 284 1737 tantium‚
313 1683 683 1728 ascendentium
708 1693 756 1729 et
780 1684 1182 1730 descendentium
1217 1686 1499 1731 concitatur
1523 1687 1697 1743 strepi-

65 1768 158 1817 tus,
186 1769 237 1805 ut
260 1760 460 1809 credam
486 1761 531 1806 id
558 1761 720 1806 multis
743 1762 931 1807 aditum
956 1763 1123 1808 sacelli
1158 1763 1316 1825 nostri
1341 1763 1693 1822 intercludere,

67 1837 176 1893 quid
211 1837 249 1882 si
285 1838 451 1894 plures
487 1839 674 1884 essent?
707 1837 840 1884 Satis
874 1839 1099 1896 equidem
1135 1840 1270 1885 multi
1303 1850 1486 1898 essent,
1514 1841 1552 1885 si
1576 1841 1697 1886 satis

66 1915 192 1972 boni,
219 1914 360 1973 juxta
386 1925 529 1961 uetus
552 1916 889 1972 prouerbium.
914 1917 1018 1962 Nec
1053 1917 1147 1962 hoc
1178 1918 1386 1963 dixerim
1412 1919 1540 1975 quod
1566 1919 1696 1975 quip-

66 1992 192 2048 piam
218 1992 470 2038 sinistrum
495 1993 554 2038 de
579 2009 750 2038 eorum
785 1993 1006 2040 moribus
1039 1995 1279 2052 suspicer,
1307 1996 1392 2041 sed
1418 1996 1548 2053 quod
1580 1995 1697 2041 uiui-

65 2068 153 2114 dus
178 2069 256 2114 ille
281 2085 547 2126 puerorum
573 2070 618 2115 in
638 2071 809 2116 studiis
834 2071 1151 2128 capessendis
1177 2072 1323 2129 uigor
1346 2073 1393 2117 in
1417 2073 1487 2118 eis
1511 2089 1605 2118 non
1630 2073 1696 2118 ui—

65 2161 184 2203 gere
208 2147 472 2193 admodum
497 2147 744 2194 uideatur.

120 2223 164 2269 5.
228 2223 351 2269 Illud
376 2235 540 2269 autem
566 2224 613 2269 in
636 2226 775 2270 calce
799 2225 1037 2282 epistolae
1071 2242 1166 2271 non
1203 2227 1696 2283 praetermittendum

68 2300 197 2357 duxi,
235 2302 364 2358 quod
403 2318 527 2358 pene
567 2302 809 2348 memoria
844 2315 1151 2361 excesserat,
1188 2304 1417 2360 proximo
1457 2316 1695 2350 autumno

65 2392 172 2423 cum
206 2378 364 2425 fratre
399 2379 601 2425 Patrem
637 2396 700 2425 ex
735 2381 919 2426 nostris
957 2381 1003 2426 in
1040 2391 1276 2426 montana
1310 2381 1452 2439 hujus
1486 2382 1695 2427 diocesis

65 2457 309 2514 euangelii
334 2458 653 2514 praedicandi
678 2457 847 2514 gratia
872 2467 1022 2516 atque
1046 2459 1144 2504 alia
1167 2459 1440 2504 ministeria
1475 2458 1694 2505 Societa—

65 2533 124 2578 tis
147 2533 272 2579 illius
298 2535 516 2592 regionis
540 2535 817 2581 hominibus
851 2536 1228 2582 administrandi
1266 2551 1437 2593 causa,
1474 2537 1691 2582 missum.

69 2610 335 2657 Maximam
361 2612 423 2658 ibi
449 2622 718 2659 sementem
757 2629 847 2669 pro
872 2614 1111 2670 temporis
1137 2614 1383 2659 breuitate
1418 2614 1528 2671 (nec
1568 2616 1695 2661 enim

65 2687 254 2735 duobus
277 2691 485 2748 amplius
510 2691 760 2736 mensibus
794 2701 999 2748 propter
1035 2691 1141 2749 ejus
1176 2701 1312 2737 terre
1336 2692 1541 2750 frigoris
1566 2693 1693 2749 rigo-

64 2781 165 2812 rem
199 2767 262 2813 ibi
295 2768 505 2814 detineri
539 2769 844 2826 potuerunt),
882 2769 1112 2826 in'gente
1147 2769 1243 2826 illa,
1271 2770 1577 2827 negligentia
1612 2786 1693 2828 pa-

64 2852 250 2890 storum
273 2846 388 2902 nihil
412 2862 534 2903 pene
558 2847 688 2892 aliud
715 2863 860 2904 quam
881 2848 1263 2893 christianorum
1286 2864 1463 2893 nomen
1484 2849 1694 2895 retinen-

63 2929 126 2979 te,
152 2922 393 2982 fecerunt;
422 2924 600 2970 idonea
634 2934 817 2983 tamen,
845 2935 897 2971 ut
933 2925 1274 2982 experimento
1310 2926 1564 2983 cognitum
1602 2937 1693 2985 est,

64 3007 112 3044 et
134 3000 368 3057 disposita
393 3001 454 3046 ad
479 3002 661 3047 cultum
685 3002 916 3059 diuinum,
941 3003 978 3047 si
998 3002 1242 3047 Dominus
1268 3003 1313 3048 in
1339 3003 1539 3049 uineam'
1554 3020 1696 3051 suam

64 3077 318 3132 operarios
338 3079 546 3124 ’mittere
580 3079 830 3135 dignetur.
868 3080 973 3124 Nec
1008 3089 1082 3125 est
1117 3079 1345 3136 profecto
1381 3097 1536 3138 quare
1571 3082 1696 3128 alias
