1900 3380
487 317 782 353 ⁴221s-0PRA0A
809 315 850 351 31
881 314 1127 351 DECEMssms
1157 313 1247 349 1558
1574 306 1639 344 9¹21

59 431 182 474 quae
207 421 379 460 sancte
403 413 720 471 cogitauerat
745 411 1013 470 peregisse.
1038 409 1126 456 Ait
1160 404 1690 466 quinqueecclesiensis

55 492 311 550 episcopus
335 492 346 515 ¹
376 490 640 547 Vngariae
665 489 833 546 (quum
857 488 909 534 Ρ.
938 486 1169 533 Victoria
1193 486 1240 531 in
1274 483 1522 542 quandam
1557 482 1687 539 piam

55 584 260 627 operam
305 567 535 613 nimirum
582 582 671 624 pro
715 565 1075 612 sustentatione
1119 578 1406 621 puerorum,
1453 560 1532 617 qui
1579 569 1691 605 sunt

57 647 302 700 Viennae,
330 645 525 702 aliquot
547 644 625 690 30
644 652 914 689 coronatos
934 642 996 688 ab
1017 642 1100 688 z'llo
1118 640 1440 686 emunxisset
1463 638 1514 694 ὃ);
1543 636 1579 682 si
1603 636 1690 682 So-

55 725 209 771 cietas
233 723 382 769 alium
408 737 503 767 non
530 722 753 778 haberet,
782 720 942 766 Prem.
972 718 1257 765 Victoriam
1282 716 1477 762 abunde
1497 713 1689 760 suffice-

58 817 112 848 re
135 817 226 858 pro
250 799 501 856 erigendis
527 798 689 844 multis
714 797 955 854 collegiis.

119 878 184 924 16.
248 877 365 934 Egit
390 876 518 921 idem
544 875 625 921 Pr.
653 890 765 921 cum
785 873 1055 919 archiduce
1074 887 1220 931 quem
1240 869 1623 928 oportunissime
1642 877 1691 914 et

59 971 167 1002 cum
193 954 410 1000 maximo
435 953 598 999 fructu
623 954 681 998 de
707 951 1002 998 necessariis
1038 949 1329 1008 quibusdam
1365 949 1530 1003 rebus,
1568 961 1694 1004 quae

60 1041 165 1079 tuto
199 1031 355 1078 literis
390 1030 626 1076 committi
660 1045 756 1075 non
791 1038 1012 1086 possunt,
1049 1026 1316 1082 admonuit,
1354 1024 1482 1083 quod
1518 1024 1620 1080 ipse
1645 1032 1695 1068 ut

61 1120 133 1156 est
165 1117 372 1156 sanctae
406 1108 580 1153 indolis
613 1106 927 1164 paratissime
952 1105 969 1132 ¹³
1005 1104 1240 1161 suscepit,
1277 1102 1559 1159 relinquens
1594 1099 1691 1145 Pri.

63 1195 232 1233 nostro
257 1201 395 1242 spem
420 1184 664 1242 insignem
689 1184 791 1229 eius
817 1183 902 1240 rei,
926 1197 1054 1239 quae
1073 1190 1187 1227 tunc
1206 1181 1334 1227 inter
1353 1194 1440 1225 eos
1459 1178 1694 1224 uersaba-

63 1275 159 1321 tur,
186 1262 415 1320 aperiens
438 1277 610 1307 coram
634 1261 746 1306 Pre.
777 1264 950 1306 nostro
977 1266 992 1286 ⁰
1017 1268 1166 1316 caput
1185 1273 1343 1314 suum,
1365 1254 1494 1314 quod
1518 1254 1698 1311 alioqui

65 1358 125 1388 ne
147 1341 380 1399 episcopo
406 1339 602 1396 quidem
617 1339 796 1395 facere
822 1336 840 1364 d
860 1337 1001 1393 solet,
1026 1351 1214 1393 rogans
1234 1335 1434 1390 insuper
1453 1332 1696 1390 quodam-

64 1419 213 1466 modo
251 1427 304 1464 ut
343 1417 534 1475 quoties
575 1416 830 1474 uellemus,
868 1416 1024 1472 ipsum
1058 1412 1318 1459 liberrime
1352 1411 1619 1466 adiremuS,
1656 1417 1704 1454 et

61 1497 294 1561 gestiens
316 1493 632 1552 quodamodo
656 1493 835 1539 obtulit
855 1506 926 1550 se,
954 1496 1005 1536 vt
1029 1498 1045 1518 θ
1070 1491 1117 1536 in
1147 1489 1374 1536 omnibus
1397 1488 1572 1546 quibus
1598 1501 1702 1544 pos-

67 1585 139 1621 set
164 1574 175 1602 f
205 1574 354 1620 rebus
377 1571 561 1618 nostris
584 1570 859 1629 prodesset.

129 1652 196 1697 17.
263 1650 340 1696 De
364 1649 474 1696 aliis
497 1648 677 1695 nollem
711 1662 989 1705 congerere
1025 1646 1102 1692 hic
1137 1646 1300 1703 plura,
1337 1660 1398 1690 ne
1432 1643 1523 1689 sim
1558 1641 1705 1700 (quod

13 1772 16 1774 ,
68 1727 322 1785 timebam)
357 1725 614 1784 prolixior,
652 1725 691 1771 si
730 1725 824 1770 hoc
862 1723 1204 1770 tantummodo
1237 1722 1429 1775 dixero,
1467 1720 1704 1778 optimum

71 1805 277 1852 odorem
302 1803 572 1850 Societatis
595 1811 799 1848 nostrae
823 1802 951 1848 inter
975 1801 1188 1859 optimos
1211 1809 1260 1846 et
1289 1799 1536 1857 principes
1570 1798 1706 1844 uiros

71 1900 131 1930 ac
153 1884 200 1929 in
223 1892 330 1929 tota
354 1882 461 1928 fere
486 1881 644 1938 plebe,
673 1880 988 1938 quantumuis
1011 1878 1268 1926 haeretica
1292 1889 1340 1923 et
1364 1877 1577 1931 inimica,
1600 1891 1706 1933 pas-

72 1962 162 2008 sim
186 1960 373 2018 spargi.
411 1959 486 2006 Sit
520 1959 659 2004 Deus
692 1957 996 2015 benedictus,
1035 1957 1114 2014 qui
1149 1957 1275 2002 haec
1309 1955 1445 2001 initia
1484 1953 1632 2011 dedit,
1668 1953 1707 1998 si

72 2054 170 2084 non
194 2036 473 2095 praesentis
497 2036 660 2081 adhuc
678 2051 833 2092 usque
852 2034 979 2081 adeo
1000 2034 1183 2091 magni,
1205 2034 1381 2079 saltem
1401 2031 1558 2086 breui,
1581 2030 1709 2088 quod

75 2114 409 2160 indesinenter
432 2127 706 2170 speramus,
734 2111 926 2158 fructus
948 2112 1102 2169 longe
1124 2109 1292 2168 optimi
1315 2108 1485 2155 futuri.

138 2192 206 2238 18.
273 2190 672 2237 Renouationem
705 2199 993 2236 nostrorum
1027 2187 1302 2235 studiorum
1339 2185 1615 2232 distulimus
1649 2185 1710 2230 ad

76 2268 267 2315 initium
291 2283 447 2325 usque
472 2267 766 2313 Decembris
790 2276 997 2325 propter
1021 2266 1288 2312 aduentum
1315 2263 1372 2310 C.
1400 2264 1465 2309 M.
1493 2262 1586 2308 Hic
1609 2273 1710 2308 tum

78 2344 389 2391 exhibuimus
427 2360 539 2390 cum
578 2359 773 2389 summa
811 2343 958 2390 laude
991 2351 1040 2388 et
1073 2340 1419 2388 aedificatione
1453 2340 1499 2385 in
1531 2337 1713 2385 scholis

78 2422 263 2469 nostris
295 2422 501 2480 pulchre
536 2420 742 2478 ornatis,
779 2421 914 2468 illum
949 2421 1010 2467 Β.
1039 2428 1057 2455 g
1084 2419 1207 2466 Pris.
1245 2417 1409 2463 Frusii
1442 2417 1710 2473 dialogum,

80 2500 160 2558 qui
184 2500 242 2546 de
266 2499 519 2546 aerumnis
544 2498 801 2545 Ecclesiae
825 2499 1126 2553 inscribitur,
1154 2504 1398 2554 oportune
1417 2504 1466 2541 et
1489 2495 1633 2540 docte
1657 2494 1715 2540 iis

83 2592 209 2634 quae
233 2576 297 2623 ad
319 2574 602 2634 pontificem
629 2577 940 2633 spectabant,
967 2575 1030 2621 ad
1054 2573 1409 2631 imperatorem
1440 2570 1712 2617 translatis.

85 2653 245 2700 Erant
268 2653 346 2699 hic
369 2661 662 2710 praesentes
686 2652 757 2710 (ut
779 2653 904 2699 alios
928 2652 1147 2709 insignes
1170 2651 1306 2697 uiros
1330 2665 1426 2695 non
1451 2648 1714 2706 nominem)

124 2835 141 2855 a
173 2840 252 2864 non
267 2838 417 2874 paucos
431 2831 643 2864 coronatos
658 2826 910 2864 obtinuisset.
953 2826 1019 2852 -b
1034 2824 1290 2872 paratissimo
1305 2822 1451 2859 animo.
1495 2828 1556 2849 -—c
1577 2820 1717 2858 eodem

86 2887 180 2924 Pre.
232 2886 300 2916 —d
321 2887 496 2935 aperire.
551 2893 614 2914 -e
645 2887 829 2934 gestiens
857 2884 1126 2933 significabat.
1177 2883 1235 2911 -f
1262 2883 1370 2920 velle
1397 2894 1458 2919 se.
1508 2888 1572 2916 —g
1597 2881 1718 2918 bene-

88 2946 195 2984 dicti.

140 3115 148 3133 ¹
202 3112 410 3150 Antonius
428 3111 651 3148 W'arehius
669 3111 940 3154 (Verantius).
962 3109 1122 3151 Eunu,
1145 3108 1423 3150 Hierm'clzt‘a,
1443 3106 1511 3151 Ill,
1533 3105 1615 3142 298.
