1900 3380
479 273 828 310 207.—PAN0Rmo
854 272 901 308 25
927 271 1133 309 Ooromus
1164 270 1253 307 1558
1562 270 1633 305 845

808 492 917 543 207

480 617 837 665 GEORGIUS
872 615 1251 663 MERCATUS

534 735 731 761 PANORMO
757 724 804 760 25
829 733 1025 760 oc'rossms
1058 722 1148 759 1558
1175 723 1200 758 ¹.

49 829 80 865 1.
117 827 247 865 Zelzcs
277 827 470 864 Patrum
503 830 696 872 tempore
725 826 889 862 aestivo
925 835 1025 870 erga
1059 824 1310 869 pestilentia
1346 824 1681 868 aegrotantes.—

118 888 154 925 2.
180 886 644 932 Concursusfidelium
662 887 707 923 in
723 889 869 922 nostro
885 884 1276 930 templa-plurium
1292 883 1525 919 lzomz'nmn
1540 883 1684 928 pietas

120 951 158 984 et
173 948 479 994 proximorum
499 945 728 982 amon—3.
752 945 941 981 Fructus
968 945 1013 980 in
1039 944 1318 983 universum:
1343 942 1497 978 odium
1527 943 1683 978 invete-

120 1011 268 1045 ratum
288 1005 641 1052 depositum—4.
660 1004 727 1041 De
744 1003 1014 1050 quibusdam
1033 1004 1121 1049 piis
1131 1002 1319 1048 seminis
1341 1011 1581 1047 earumque
1600 1001 1682 1037 exi—

120 1069 238 1105 miae
254 1068 433 1113 pietatis
451 1065 756 1112 operibus-5.
776 1065 864 1101 Res
884 1065 1121 1105 litteraria·
1138 1073 1293 1099 mores.

115 1182 151 1227 1.
219 1189 247 1237 †
281 1179 464 1226 Gratia
483 1189 531 1225 et
555 1195 652 1236 pax
679 1178 877 1224 Domini
897 1177 1053 1223 nostri
1077 1177 1196 1237 Jesu
1217 1175 1296 1221 X}
1318 1176 1380 1221 sit
1398 1191 1509 1221 cum
1534 1175 1683 1220 omni-

53 1261 144 1305 bus
169 1258 324 1303 nobis.
354 1257 570 1315 [Fusius
593 1256 655 1301 de
678 1257 770 1301 lzoc
792 1255 1053 1300 scribendi
1065 1268 1258 1312 genere
1282 1251 1442 1310 dicia]

141 1335 299 1392 Scias,
326 1334 432 1381 R.de
460 1335 559 1390 Pr.,
588 1334 771 1379 nullum
798 1332 1015 1390 potuisse
1040 1332 1180 1377 nobis
1211 1341 1404 1387 tempus
1434 1330 1494 1376 ad
1531 1346 1685 1386 opera

54 1413 311 1460 charitatis
335 1412 619 1458 exercenda
643 1411 948 1457 commodius
983 1410 1177 1467 offerri,
1205 1424 1353 1465 quam
1388 1407 1517 1465 quod
1552 1408 1685 1452 hisce.

52 1491 301 1537 mensibus
325 1500 399 1536 est
423 1490 662 1546 oblatum;
690 1504 781 1534 nec
805 1488 898 1533 hoc
922 1487 1156 1533 amissum
1179 1486 1401 1543 segniter
1425 1485 1591 1530 diuino
1616 1484 1683 1530 fa-

53 1578 199 1615 uente
223 1568 407 1614 auxilio
432 1567 717 1613 laetandum
741 1575 831 1612 est.
859 1565 986 1611 Nam
1011 1580 1122 1610 cum
1147 1565 1243 1610 hac
1267 1572 1460 1609 aestate
1479 1578 1574 1608 non
1596 1563 1682 1608 tol-

53 1646 270 1692 lerandis
293 1660 418 1702 pene
441 1644 708 1701 caloribus,
736 1643 860 1689 haec
884 1643 1061 1689 ciuitas
1084 1651 1343 1688 aestuaret
1361 1650 1409 1686 et
1433 1640 1586 1686 febris
1607 1640 1688 1686 illa

54 1725 188 1782 uulgi
212 1723 456 1770 sententia
480 1722 776 1779 contagiosa
806 1721 849 1766 in
887 1721 1102 1767 cuiusuis
1136 1719 1430 1766 conditionis
1466 1718 1687 1763 homines

53 1811 308 1859 tamquam
341 1800 494 1858 pestis
527 1801 626 1845 late
661 1799 908 1856 longeque
947 1806 1190 1855 serperet,
1233 1812 1292 1843 ac
1331 1797 1514 1854 pallida
1553 1810 1688 1840 mors

53 1895 213 1937 aequo
236 1879 457 1936 pulsaret
476 1878 600 1934 pede
623 1892 897 1933 pauperum
933 1876 1173 1922 tabernas
1204 1890 1478 1932 regumque
1502 1883 1684 1929 turreS,

55 1957 386 2015 fugacemque
410 1962 797 2013 persequeretur
817 1954 997 2010 uirum,
1024 1957 1071 1998 et
1092 1952 1525 2018 sz'ne‘discrimine
1543 1950 1687 1996 sorti-

55 2038 199 2080 retur
221 2033 458 2091 insignes
481 2036 528 2077 et
551 2032 681 2078 imos
699 2032 731 2089 2,
752 2032 913 2081 nullus
933 2030 1025 2076 fuit
1044 2030 1250 2076 Patrum
1270 2038 1357 2075 aut
1376 2029 1588 2074 fratrum
1608 2027 1687 2084 qui

55 2113 144 2158 sibi
169 2111 520 2169 indulgendum
554 2110 601 2155 in
634 2119 773 2156 tanto
803 2109 1082 2155 animarum
1118 2108 1341 2165 periculo
1377 2105 1689 2152 existimarit.

55 2189 209 2235 Immo
234 2188 568 2245 unusquisque
593 2198 739 2245 prout
762 2187 852 2232 sibi
876 2202 966 2244 per
996 2185 1327 2232 obedientiam
1362 2184 1560 2240 licebat,
1589 2182 1688 2228 effi-

58 2282 173 2313 cere
207 2266 388 2323 aliquid
423 2265 468 2310 in
503 2265 782 2311 animarum
806 2265 1019 2310 salutern
1050 2264 1330 2309 laborabat.
1355 2261 1690 2307 Confessariis

57 2345 141 2391 uix
159 2344 269 2391 cibo
288 2359 472 2401 corpus
496 2342 704 2389 reficere
729 2343 774 2388 in
800 2342 951 2389 tantis
976 2341 1248 2397 laboribus,
1271 2341 1558 2397 plerumque
1578 2355 1688 2385 con-

59 2423 349 2477 cedebatur,
371 2437 481 2467 cum
503 2420 606 2466 sine
625 2420 888 2466 interuallo
907 2419 970 2466 ad
989 2418 1263 2465 audiendas
1282 2432 1554 2474 aegrorum
1577 2431 1689 2462 con·

62 2500 303 2546 sessiones
327 2507 727 2545 accerserentur,
755 2497 901 2555 Quid,
929 2505 1077 2542 noctu
1105 2496 1253 2541 etiam
1278 2495 1470 2552 quoties
1493 2493 1583 2539 fuit
1617 2508 1689 2538 re-

60 2586 205 2634 pente
237 2576 564 2633 surgendum?
588 2575 780 2632 quoties
804 2574 1062 2621 ducendae
1086 2582 1257 2618 noctes
1281 2572 1555 2618 insomnes?
1577 2572 1689 2616 dum

60 2654 107 2700 hi
125 2653 462 2700 confessarios
485 2661 686 2709 uocant,
713 2652 780 2698 illi
804 2652 928 2697 alios
958 2651 1038 2708 qui
1063 2649 1347 2696 excessuris
1371 2665 1398 2694 e
1422 2648 1526 2695 uita
1550 2648 1690 2694 ades-

61 2740 185 2788 sent,
203 2746 386 2787 eosque
401 2730 462 2776 de
480 2730 630 2775 rebus
649 2729 713 2776 ad
731 2728 856 2776 bene
876 2727 1181 2774 moriendum
1201 2726 1541 2784 spectantibus
1560 2741 1690 2772 com-

111 2925 119 2943 ¹
172 2922 234 2960 Ex
253 2922 518 2970 autographo,
540 2926 584 2959 ut
602 2922 822 2975 videtur,ya
840 2922 1018 2959 Polanco
1038 2920 1268 2965 emendato,
1286 2920 1326 2957 in
1341 2920 1478 2957 codice
1499 2919 1579 2957 Sic.
1601 2919 1691 2956 181-

65 2982 135 3020 Sic
153 2982 246 3028 182,
265 2982 289 3020 2
306 2982 363 3027 ff„
385 2995 449 3019 nn.
468 2981 527 3028 89,
547 2982 606 3028 90;
628 2982 739 3030 prius
756 2981 839 3019 269.
859 2981 963 3018 Bina
982 2981 1218 3028 apographa
1237 2980 1440 3027 exscripta
1471 2979 1691 3016 secundum

64 3042 334 3079 correctiones
352 3041 615 3078 inveniuntur
633 3042 673 3078 in
693 3042 834 3078 eodem
856 3041 991 3077 codice
1012 3039 1051 3076 ff.
1072 3039 1119 3076 86
1137 3044 1176 3076 et
1195 3040 1253 3075 91.

112 3103 124 3121 ²
176 3100 240 3138 Cf.
262 3101 445 3146 HORAT.,
466 3101 482 3138 I
504 3101 582 3139 Od.
604 3102 638 3147 4,
662 3102 718 3146 133
740 3100 865 3145 111,2‚
890 3101 943 3144 14;
968 3100 1034 3141 ΠΙ,
1060 3100 1090 3146 1,
1114 3101 1168 3137 15.
