1909 3328
243 238 312 274 880
707 238 925 274 LITTERAE
952 237 1308 282 QUAoiszsrREs

200 349 321 378 uero
346 331 515 377 diebus
541 333 694 387 festis,
722 341 774 377 ut
798 342 962 389 antea,
985 333 1309 378 concionatur
1332 348 1429 377 non
1452 347 1611 388 parua
1636 332 1821 377 audito-

195 426 301 454 rum
327 398 621 465 frequentia,
650 409 793 465 idque
817 410 863 454 in
889 409 990 454 dies
1022 409 1362 454 uehementius
1397 409 1443 453 in
1479 418 1649 453 nostro
1685 408 1818 454 fano.

195 488 364 531 Taceo
398 487 523 531 enim
561 487 824 532 conciones
859 502 982 543 quas
1016 486 1184 532 habuit
1218 487 1263 531 in
1298 502 1489 531 summo
1520 487 1703 542 templo
1727 485 1822 530 fer-

193 563 506 619 rariensium,
534 575 800 619 antequam
826 564 953 608 istuc
976 563 1037 608 ad
1063 563 1259 608 comitia
1279 563 1823 620 congregationemque
1851 590 1854 592 -

193 640 304 696 iret,
329 655 514 696 magna
539 649 674 684 certe
698 640 966 684 multorum
997 640 1323 685 admiratione
1357 655 1467 684 cum
1501 641 1564 684 ob
1597 639 1822 695 multipli-

193 732 299 762 cem
336 717 660 762 eruditionem
695 727 796 762 tum
833 717 1048 762 maxime
1083 718 1145 762 ob
1180 717 1437 762 literarum
1472 716 1822 762 hebraicarum

193 794 419 850 peritiam
446 810 507 839 ac
537 794 986 851 promptitudinem.
1022 793 1235 839 Instituit
1270 793 1417 838 etiam
1453 802 1503 838 ut
1539 793 1618 849 qui
1653 793 1823 838 diebus

192 870 330 916 festis
367 871 562 927 vesperi
597 871 809 927 undique
844 871 905 916 ad
940 871 1206 927 collegium
1248 870 1564 927 conueniunt,
1597 869 1822 914 erudian-

191 958 272 993 tur
295 948 342 993 in
367 948 549 1004 pietate
573 957 722 1004 atque
742 949 1069 993 exhortentur
1089 948 1237 992 ducto
1257 947 1476 992 themate
1495 962 1557 992 ex
1581 946 1743 992 libello
1763 946 1822 991 de

191 1025 588 1082 frequentatione
623 1025 958 1071 eucharistiae
989 1026 1020 1069 ¹.
1060 1024 1249 1070 Visitat
1279 1033 1623 1081 aegrotantes,
1651 1038 1821 1068 conso-

192 1103 322 1147 latur
352 1111 573 1159 egentes,
611 1117 671 1147 ac
705 1116 951 1158 pauperes
985 1100 1140 1158 fouet,
1178 1101 1614 1157 orphanarumque
1649 1100 1823 1145 domos
1851 1136 1854 1138 .

190 1179 469 1236 puellarum
494 1179 712 1235 consilio,
745 1194 900 1234 opera
933 1180 953 1198 a
986 1193 1046 1222 ac
1082 1193 1135 1222 re
1175 1177 1328 1233 iuuat,
1367 1178 1508 1233 plura
1543 1177 1689 1222 etiam
1723 1192 1821 1221 ma-

190 1255 397 1312 ioraque
432 1264 729 1312 praestaret,
766 1255 804 1299 si
840 1254 1128 1311 quotidiana
1162 1253 1388 1311 iugisque
1423 1254 1700 1299 sollicitudo
1740 1253 1821 1298 do-

190 1347 299 1378 mus
323 1348 542 1389 curaque
567 1341 840 1388 pateretur.

248 1408 292 1454 3.
359 1408 488 1454 Octo
522 1409 725 1454 hebraei
760 1409 1006 1454 elementa
1040 1408 1150 1453 fidei
1184 1418 1297 1453 sunt
1330 1408 1508 1462 edocti,
1547 1423 1609 1453 ex
1645 1407 1822 1465 quibus

192 1501 291 1532 una
315 1486 446 1531 mille
471 1486 605 1531 libris
630 1486 861 1543 precario
886 1485 1043 1542 partis
1073 1485 1332 1530 commode
1362 1485 1542 1541 nupsit,
1580 1485 1678 1530 alia
1712 1500 1820 1530 coe—

189 1562 389 1609 nobium
422 1563 586 1621 subiit,
623 1563 753 1609 aliae
785 1564 1027 1609 matronis
1060 1562 1290 1619 traditae,
1327 1577 1492 1607 mares
1526 1577 1645 1607 uero
1669 1562 1731 1607 ad
1756 1561 1849 1607 di-⁷

189 1655 338 1686 uersa
378 1639 541 1686 officia
581 1656 634 1685 se
675 1641 1070 1697 applicauerunt3
1113 1655 1243 1685 nona
1278 1649 1544 1695 praeterea
1568 1639 1665 1684 iam
1690 1638 1820 1683 insti-

188 1717 355 1764 tuitur.
384 1717 549 1774 Atque
573 1718 763 1762 utinam
787 1718 846 1762 R.
871 1717 924 1762 P.
952 1726 1037 1762 tua
1061 1716 1171 1762 R.¹¹¹i
1197 1727 1245 1762 et
1265 1715 1386 1761 ΙΙΙ.ηἳί
1407 1716 1673 1761 cardinalis
1692 1715 1821 1760 uotis
1842 1750 1851 1754 t.

188 1793 540 1850 respondisset,
574 1794 669 1839 iarn
704 1804 841 1839 certe
875 1803 1098 1840 erectum
1127 1793 1392 1850 collegium
1428 1793 1678 1838 uideretur
1702 1791 1819 1836 Fer-

189 1870 356 1916 rariae
386 1870 528 1916 huius
558 1881 796 1927 tanquam
830 1870 996 1927 proles
1030 1871 1063 1927 2,
1100 1885 1197 1926 quo
1231 1885 1292 1915 ne
1327 1869 1526 1914 tandem
1559 1868 1851 1913 fraudetur⁴

188 1947 368 1994 obnixe
392 1963 611 1994 oramus.

246 2025 289 2070 4.
358 2025 436 2070 Ad
475 2025 707 2081 templum
753 2034 978 2070 nostrum
1024 2035 1226 2080 praeter
1270 2038 1443 2069 eorum
1486 2038 1693 2079 gregem
1739 2021 1820 2078 qui

188 2113 369 2147 octauo
394 2117 588 2160 quoque
612 2101 687 2148 die
712 2110 861 2158 atque
884 2102 1001 2147 item
1032 2100 1341 2158 frequentius
1376 2100 1484 2145 Deo
1518 2115 1627 2145 sese
1661 2099 1818 2145 conci-

190 2178 325 2236 liant,
373 2179 617 2224 accedunt
660 2179 740 2236 qui
784 2194 961 2224 nouem
1007 2194 1163 2224 annos
1205 2178 1253 2223 in
1297 2186 1619 2235 peccatorum
1663 2193 1849 2223 coeno·

189 2255 470 2313 iacuerunt,
518 2256 696 2313 quique
739 2256 945 2313 triginta
990 2255 1165 2313 quibus
1209 2270 1459 2312 nunquam
1503 2255 1816 2300 sacerdotem

189 2332 432 2378 adierunt.
460 2332 559 2378 Alii
583 2332 629 2378 in
650 2332 881 2388 pellicatu
906 2331 925 2359 b
943 2332 1107 2377 inuitis
1127 2331 1416 2388 parentibus
1436 2330 1848 2388 quinquennium„

188 2417 558 2466 transegerunt,
598 2409 957 2466 repudiataque
992 2424 1150 2454 uxore
1174 2408 1389 2465 quidam:
1435 2422 1580 2464 quam
1619 2407 1816 2452 tandem

188 2485 353 2530 diuino
377 2484 614 2531 beneficio
638 2485 728 2531 sibi
752 2494 805 2531 ut
828 2486 962 2543 prius
987 2485 1255 2541 cooptauit‚
1287 2484 1609 2541 pellicemque
1643 2483 1815 2529 uxoris
1841 2517 1845 2522 -

189 2561 385 2607 abiecit.

236 2738 255 2757 a
305 2738 528 2775 Mutatum
544 2741 695 2784 postea
715 2739 760 2774 in
787 2736 933 2774 verbis.
988 2736 1054 2764 —b
1087 2736 1177 2773 Pro
1202 2736 1281 2773 hoc
1307 2747 1346 2773 v.
1379 2736 1595 2782 scriptum
1624 2736 1671 2772 in
1702 2746 1815 2772 mar-
1837 2757 1845 2761 <

184 2798 288 2843 gine
309 2797 592 2834 concubinatu.

238 2964 248 2983 ¹
299 2962 480 3009 Intelligi
499 2962 658 3000 videtur
677 2962 842 2999 libellus
859 2961 904 2999 P.
926 2960 1116 2998 Madridii
1135 2961 1184 2997 de
1202 2959 1406 3008 frequenti
1424 2972 1500 2996 usu
1527 2959 1840 2997 eucharistiae„.
1866 2966 1877 3018 *¹

236 3022 249 3042 ²
300 3021 363 3059 Cf.
385 3022 539 3059 Laz'nii
556 3022 766 3067 Menum„
787 3020 857 3066 III,
877 3020 959 3063 486,
979 3020 1062 3062 530,
1080 3019 1163 3058 531.
