<?xml version="1.0" encoding="UTF-8"?>
<!DOCTYPE html PUBLIC "-//W3C//DTD XHTML 1.0 Transitional//EN"
    "http://www.w3.org/TR/xhtml1/DTD/xhtml1-transitional.dtd">
<html xmlns="http://www.w3.org/1999/xhtml" xml:lang="en" lang="en">
 <head>
  <title>
</title>
<meta http-equiv="Content-Type" content="text/html;charset=utf-8" />
  <meta name='ocr-system' content='tesseract 3.04.00' />
  <meta name='ocr-capabilities' content='ocr_page ocr_carea ocr_par ocr_line ocrx_word'/>
</head>
<body>
  <div class='ocr_page' id='page_1' title='image "./litteraequadrime1705lain_0195.png"; bbox 0 0 1910 3380; ppageno 0'>
   <div class='ocr_carea' id='block_1_1' title="bbox 0 2350 25 3380">
    <p class='ocr_par' dir='ltr' id='par_1_1' title="bbox 0 2350 25 3380">
     <span class='ocr_line' id='line_1_1' title="bbox 0 2350 25 3380; baseline 0 0"><span class='ocrx_word' id='word_1_1' title='bbox 0 2350 25 3380; x_wconf 95' lang='lat' dir='ltr'><strong> </strong></span> 
     </span>
    </p>
   </div>
   <div class='ocr_carea' id='block_1_2' title="bbox 459 209 1616 248">
    <p class='ocr_par' dir='ltr' id='par_1_2' title="bbox 459 209 1616 248">
     <span class='ocr_line' id='line_1_2' title="bbox 459 209 1616 248; baseline 0 -1"><span class='ocrx_word' id='word_1_2' title='bbox 459 209 820 247; x_wconf 49' lang='lat' dir='ltr'><strong>&amp;za—x‘ixnonom</strong></span> <span class='ocrx_word' id='word_1_3' title='bbox 854 211 895 247; x_wconf 85' lang='lat'><strong>17</strong></span> <span class='ocrx_word' id='word_1_4' title='bbox 924 211 1097 247; x_wconf 73' lang='lat' dir='ltr'>APRILIS</span> <span class='ocrx_word' id='word_1_5' title='bbox 1127 212 1218 247; x_wconf 62' lang='lat'><strong>1337</strong></span> <span class='ocrx_word' id='word_1_6' title='bbox 1551 213 1616 248; x_wconf 61' lang='lat' dir='ltr'><strong>Iol}</strong></span> 
     </span>
    </p>
   </div>
   <div class='ocr_carea' id='block_1_3' title="bbox 0 297 1663 2681">
    <p class='ocr_par' dir='ltr' id='par_1_3' title="bbox 34 297 1661 748">
     <span class='ocr_line' id='line_1_3' title="bbox 94 297 1659 363; baseline 0.001 -13"><span class='ocrx_word' id='word_1_7' title='bbox 94 310 135 352; x_wconf 84' lang='grc'><strong>().</strong></span> <span class='ocrx_word' id='word_1_8' title='bbox 209 297 425 351; x_wconf 76' lang='lat' dir='ltr'><strong>Fuerunt</strong></span> <span class='ocrx_word' id='word_1_9' title='bbox 450 316 496 351; x_wconf 90' lang='lat' dir='ltr'><strong>et</strong></span> <span class='ocrx_word' id='word_1_10' title='bbox 522 306 648 352; x_wconf 80' lang='lat' dir='ltr'><strong>duae</strong></span> <span class='ocrx_word' id='word_1_11' title='bbox 675 307 922 357; x_wconf 58' lang='lat' dir='ltr'><strong>mulieres</strong></span> <span class='ocrx_word' id='word_1_12' title='bbox 946 322 1073 363; x_wconf 88' lang='lat' dir='ltr'><strong>quae</strong></span> <span class='ocrx_word' id='word_1_13' title='bbox 1095 307 1206 352; x_wconf 88' lang='lat' dir='ltr'><strong>licet</strong></span> <span class='ocrx_word' id='word_1_14' title='bbox 1227 307 1474 363; x_wconf 75' lang='lat' dir='ltr'><strong>priuatim.</strong></span> <span class='ocrx_word' id='word_1_15' title='bbox 1497 317 1659 352; x_wconf 81' lang='lat' dir='ltr'><strong>tamen</strong></span> 
     </span>
     <span class='ocr_line' id='line_1_4' title="bbox 37 371 1661 441; baseline -0.001 -12"><span class='ocrx_word' id='word_1_16' title='bbox 37 371 285 441; x_wconf 72' lang='lat' dir='ltr'><strong>tmujumu</strong></span> <span class='ocrx_word' id='word_1_17' title='bbox 309 390 324 409; x_wconf 74' lang='lat'><strong>²¹</strong></span> <span class='ocrx_word' id='word_1_18' title='bbox 348 383 572 439; x_wconf 89' lang='lat' dir='ltr'><strong>publicae</strong></span> <span class='ocrx_word' id='word_1_19' title='bbox 594 383 882 428; x_wconf 71' lang='lat' dir='ltr'><strong>meretrices</strong></span> <span class='ocrx_word' id='word_1_20' title='bbox 906 397 960 427; x_wconf 68' lang='lat' dir='ltr'><strong>se</strong></span> <span class='ocrx_word' id='word_1_21' title='bbox 987 383 1163 428; x_wconf 62' lang='lat' dir='ltr'><strong>uiuere</strong></span> <span class='ocrx_word' id='word_1_22' title='bbox 1185 383 1517 441; x_wconf 68' lang='lat' dir='ltr'><strong>fatebantur,</strong></span> <span class='ocrx_word' id='word_1_23' title='bbox 1556 399 1661 429; x_wconf 74' lang='lat' dir='ltr'><strong>uul-</strong></span> 
     </span>
     <span class='ocr_line' id='line_1_5' title="bbox 36 459 1661 507; baseline -0.002 0"><span class='ocrx_word' id='word_1_24' title='bbox 36 462 174 507; x_wconf 70' lang='lat' dir='ltr'><strong>xl&#39;me</strong></span> <span class='ocrx_word' id='word_1_25' title='bbox 194 464 366 504; x_wconf 69' lang='lat' dir='ltr'><strong>aulem</strong></span> <span class='ocrx_word' id='word_1_26' title='bbox 388 459 552 504; x_wconf 75' lang='lat' dir='ltr'><strong>altem</strong></span> <span class='ocrx_word' id='word_1_27' title='bbox 576 459 612 504; x_wconf 64' lang='lat'><strong>¹³.</strong></span> <span class='ocrx_word' id='word_1_28' title='bbox 638 460 827 505; x_wconf 75' lang='lat' dir='ltr'><strong>Verum</strong></span> <span class='ocrx_word' id='word_1_29' title='bbox 847 459 1012 504; x_wconf 87' lang='lat' dir='ltr'><strong>diuina</strong></span> <span class='ocrx_word' id='word_1_30' title='bbox 1035 460 1253 505; x_wconf 78' lang='lat' dir='ltr'><strong>bonitate</strong></span> <span class='ocrx_word' id='word_1_31' title='bbox 1277 467 1293 487; x_wconf 72' lang='lat'><em>0</em></span> <span class='ocrx_word' id='word_1_32' title='bbox 1316 475 1488 504; x_wconf 86' lang='lat' dir='ltr'><strong>earum</strong></span> <span class='ocrx_word' id='word_1_33' title='bbox 1510 461 1661 505; x_wconf 76' lang='lat' dir='ltr'><strong>corda</strong></span> 
     </span>
     <span class='ocr_line' id='line_1_6' title="bbox 38 536 1659 593; baseline -0.001 -10"><span class='ocrx_word' id='word_1_34' title='bbox 38 539 80 583; x_wconf 92' lang='lat' dir='ltr'><strong>in</strong></span> <span class='ocrx_word' id='word_1_35' title='bbox 105 536 415 583; x_wconf 77' lang='lat' dir='ltr'><strong>confessione</strong></span> <span class='ocrx_word' id='word_1_36' title='bbox 439 536 507 581; x_wconf 86' lang='lat' dir='ltr'><strong>ita</strong></span> <span class='ocrx_word' id='word_1_37' title='bbox 531 537 797 581; x_wconf 89' lang='lat' dir='ltr'><strong>commouit</strong></span> <span class='ocrx_word' id='word_1_38' title='bbox 827 536 967 581; x_wconf 75' lang='lat' dir='ltr'><strong>Deus</strong></span> <span class='ocrx_word' id='word_1_39' title='bbox 986 541 1154 593; x_wconf 65' lang='lat' dir='ltr'><strong>paler,</strong></span> <span class='ocrx_word' id='word_1_40' title='bbox 1194 546 1244 582; x_wconf 89' lang='lat' dir='ltr'><strong>ut</strong></span> <span class='ocrx_word' id='word_1_41' title='bbox 1279 537 1442 582; x_wconf 83' lang='lat' dir='ltr'><strong>statim</strong></span> <span class='ocrx_word' id='word_1_42' title='bbox 1476 542 1659 593; x_wconf 70' lang='lat' dir='ltr'><strong>prosu)-</strong></span> 
     </span>
     <span class='ocr_line' id='line_1_7' title="bbox 34 613 1660 670; baseline -0.001 -10"><span class='ocrx_word' id='word_1_43' title='bbox 34 615 232 660; x_wconf 70' lang='lat' dir='ltr'><strong>sue‘l&#39;l&#39;ut</strong></span> <span class='ocrx_word' id='word_1_44' title='bbox 255 613 603 670; x_wconf 67' lang='lat' dir='ltr'><strong>pollicitaequc⁷</strong></span> <span class='ocrx_word' id='word_1_45' title='bbox 627 614 721 658; x_wconf 90' lang='lat' dir='ltr'><strong>sint</strong></span> <span class='ocrx_word' id='word_1_46' title='bbox 748 628 918 658; x_wconf 88' lang='lat' dir='ltr'><strong>ueram</strong></span> <span class='ocrx_word' id='word_1_47' title='bbox 946 613 1076 658; x_wconf 89' lang='lat' dir='ltr'><strong>uitae</strong></span> <span class='ocrx_word' id='word_1_48' title='bbox 1101 613 1515 665; x_wconf 68' lang='lat' dir='ltr'><strong>emendationem,</strong></span> <span class='ocrx_word' id='word_1_49' title='bbox 1550 613 1660 658; x_wconf 82' lang='lat' dir='ltr'><strong>sint-</strong></span> 
     </span>
     <span class='ocr_line' id='line_1_8' title="bbox 37 689 1550 748; baseline 0 -13"><span class='ocrx_word' id='word_1_50' title='bbox 37 707 127 748; x_wconf 87' lang='lat' dir='ltr'><strong>que</strong></span> <span class='ocrx_word' id='word_1_51' title='bbox 152 706 334 746; x_wconf 84' lang='lat' dir='ltr'><strong>magno</strong></span> <span class='ocrx_word' id='word_1_52' title='bbox 361 705 472 735; x_wconf 83' lang='lat' dir='ltr'><strong>eum</strong></span> <span class='ocrx_word' id='word_1_53' title='bbox 497 689 671 735; x_wconf 90' lang='lat' dir='ltr'><strong>dolore</strong></span> <span class='ocrx_word' id='word_1_54' title='bbox 696 690 757 734; x_wconf 88' lang='lat' dir='ltr'><strong>ad</strong></span> <span class='ocrx_word' id='word_1_55' title='bbox 783 689 1049 734; x_wconf 89' lang='lat' dir='ltr'><strong>Dominum</strong></span> <span class='ocrx_word' id='word_1_56' title='bbox 1074 690 1233 735; x_wconf 89' lang='lat' dir='ltr'><strong>Deum</strong></span> <span class='ocrx_word' id='word_1_57' title='bbox 1259 706 1550 735; x_wconf 82' lang='lat' dir='ltr'><strong>conuersae.</strong></span> 
     </span>
    </p>

    <p class='ocr_par' dir='ltr' id='par_1_4' title="bbox 34 765 1663 1521">
     <span class='ocr_line' id='line_1_9' title="bbox 98 765 1659 824; baseline -0.001 -12"><span class='ocrx_word' id='word_1_58' title='bbox 98 766 163 812; x_wconf 88' lang='lat'><strong>10.</strong></span> <span class='ocrx_word' id='word_1_59' title='bbox 235 766 375 811; x_wconf 68' lang='lat' dir='ltr'><strong>Aliae</strong></span> <span class='ocrx_word' id='word_1_60' title='bbox 400 765 614 818; x_wconf 75' lang='lat' dir='ltr'><strong>fuerunt,</strong></span> <span class='ocrx_word' id='word_1_61' title='bbox 644 782 784 822; x_wconf 72' lang='lat' dir='ltr'><strong>quae,</strong></span> <span class='ocrx_word' id='word_1_62' title='bbox 813 766 926 811; x_wconf 92' lang='lat' dir='ltr'><strong>licet</strong></span> <span class='ocrx_word' id='word_1_63' title='bbox 959 766 1174 818; x_wconf 76' lang='lat' dir='ltr'><strong>adultae,</strong></span> <span class='ocrx_word' id='word_1_64' title='bbox 1213 783 1460 824; x_wconf 87' lang='lat' dir='ltr'><strong>nunquam</strong></span> <span class='ocrx_word' id='word_1_65' title='bbox 1496 776 1659 812; x_wconf 83' lang='lat' dir='ltr'><strong>tamen</strong></span> 
     </span>
     <span class='ocr_line' id='line_1_10' title="bbox 35 843 1661 902; baseline -0.001 -12"><span class='ocrx_word' id='word_1_66' title='bbox 35 854 181 890; x_wconf 85' lang='lat' dir='ltr'><strong>antea</strong></span> <span class='ocrx_word' id='word_1_67' title='bbox 207 843 224 869; x_wconf 73' lang='lat'><strong>‘¹</strong></span> <span class='ocrx_word' id='word_1_68' title='bbox 249 859 339 888; x_wconf 86' lang='lat' dir='ltr'><strong>sua</strong></span> <span class='ocrx_word' id='word_1_69' title='bbox 363 843 570 888; x_wconf 84' lang='lat' dir='ltr'><strong>crimina</strong></span> <span class='ocrx_word' id='word_1_70' title='bbox 596 844 832 900; x_wconf 87' lang='lat' dir='ltr'><strong>detegere</strong></span> <span class='ocrx_word' id='word_1_71' title='bbox 858 845 1139 889; x_wconf 85' lang='lat' dir='ltr'><strong>uoluerant.</strong></span> <span class='ocrx_word' id='word_1_72' title='bbox 1166 844 1298 889; x_wconf 83' lang='lat' dir='ltr'><strong>Idem</strong></span> <span class='ocrx_word' id='word_1_73' title='bbox 1311 845 1493 902; x_wconf 69' lang='lat' dir='ltr'><strong>secere</strong></span> <span class='ocrx_word' id='word_1_74' title='bbox 1528 845 1661 889; x_wconf 88' lang='lat' dir='ltr'><strong>multi</strong></span> 
     </span>
     <span class='ocr_line' id='line_1_11' title="bbox 36 920 1663 978; baseline 0.001 -12"><span class='ocrx_word' id='word_1_75' title='bbox 36 921 128 967; x_wconf 89' lang='lat' dir='ltr'><strong>viri</strong></span> <span class='ocrx_word' id='word_1_76' title='bbox 151 928 167 947; x_wconf 62' lang='grc' dir='ltr'>Ε</span> <span class='ocrx_word' id='word_1_77' title='bbox 194 921 273 978; x_wconf 86' lang='lat' dir='ltr'><strong>qui</strong></span> <span class='ocrx_word' id='word_1_78' title='bbox 298 920 535 966; x_wconf 87' lang='lat' dir='ltr'><strong>hactenus</strong></span> <span class='ocrx_word' id='word_1_79' title='bbox 557 936 752 977; x_wconf 78' lang='lat' dir='ltr'><strong>semper</strong></span> <span class='ocrx_word' id='word_1_80' title='bbox 772 921 814 965; x_wconf 84' lang='lat' dir='ltr'><strong>in</strong></span> <span class='ocrx_word' id='word_1_81' title='bbox 837 936 1025 977; x_wconf 89' lang='lat' dir='ltr'><strong>genere</strong></span> <span class='ocrx_word' id='word_1_82' title='bbox 1045 921 1258 967; x_wconf 78' lang='lat' dir='ltr'><strong>confessi</strong></span> <span class='ocrx_word' id='word_1_83' title='bbox 1279 931 1407 978; x_wconf 71' lang='lat' dir='ltr'><strong>sunt,</strong></span> <span class='ocrx_word' id='word_1_84' title='bbox 1430 922 1515 967; x_wconf 89' lang='lat' dir='ltr'><strong>sed</strong></span> <span class='ocrx_word' id='word_1_85' title='bbox 1535 938 1663 967; x_wconf 85' lang='lat' dir='ltr'><strong>nunc</strong></span> 
     </span>
     <span class='ocr_line' id='line_1_12' title="bbox 35 997 1662 1055; baseline 0 -11"><span class='ocrx_word' id='word_1_86' title='bbox 35 1000 94 1044; x_wconf 85' lang='lat' dir='ltr'><strong>ad</strong></span> <span class='ocrx_word' id='word_1_87' title='bbox 125 997 460 1055; x_wconf 78' lang='lat' dir='ltr'><strong>particularef</strong></span> <span class='ocrx_word' id='word_1_88' title='bbox 490 998 866 1050; x_wconf 84' lang='lat' dir='ltr'><strong>descenderunt,</strong></span> <span class='ocrx_word' id='word_1_89' title='bbox 904 1014 1013 1044; x_wconf 89' lang='lat' dir='ltr'><strong>cum</strong></span> <span class='ocrx_word' id='word_1_90' title='bbox 1049 999 1396 1044; x_wconf 79' lang='lat' dir='ltr'><strong>intellexerunt</strong></span> <span class='ocrx_word' id='word_1_91' title='bbox 1429 1015 1480 1044; x_wconf 84' lang='lat' dir='ltr'><strong>se</strong></span> <span class='ocrx_word' id='word_1_92' title='bbox 1514 1010 1662 1044; x_wconf 86' lang='lat' dir='ltr'><strong>antea</strong></span> 
     </span>
     <span class='ocr_line' id='line_1_13' title="bbox 35 1075 1661 1121; baseline 0 0"><span class='ocrx_word' id='word_1_93' title='bbox 35 1089 303 1121; x_wconf 69' lang='lat' dir='ltr'><strong>erroneum</strong></span> <span class='ocrx_word' id='word_1_94' title='bbox 330 1082 348 1108; x_wconf 65' lang='lat' dir='ltr'>g</span> <span class='ocrx_word' id='word_1_95' title='bbox 372 1075 588 1120; x_wconf 84' lang='lat' dir='ltr'><strong>tenuisse</strong></span> <span class='ocrx_word' id='word_1_96' title='bbox 612 1075 862 1120; x_wconf 86' lang='lat' dir='ltr'><strong>confitenti</strong></span> <span class='ocrx_word' id='word_1_97' title='bbox 888 1076 1103 1121; x_wconf 88' lang='lat' dir='ltr'><strong>modum.</strong></span> <span class='ocrx_word' id='word_1_98' title='bbox 1134 1075 1406 1121; x_wconf 83' lang='lat' dir='ltr'><strong>Praeterea</strong></span> <span class='ocrx_word' id='word_1_99' title='bbox 1441 1092 1469 1121; x_wconf 85' lang='lat' dir='ltr'><strong>a</strong></span> <span class='ocrx_word' id='word_1_100' title='bbox 1504 1076 1661 1121; x_wconf 85' lang='lat' dir='ltr'><strong>Patri-</strong></span> 
     </span>
     <span class='ocr_line' id='line_1_14' title="bbox 34 1150 1661 1210; baseline 0 -12"><span class='ocrx_word' id='word_1_101' title='bbox 34 1154 123 1199; x_wconf 87' lang='lat' dir='ltr'><strong>bus</strong></span> <span class='ocrx_word' id='word_1_102' title='bbox 147 1153 327 1198; x_wconf 89' lang='lat' dir='ltr'><strong>nostris</strong></span> <span class='ocrx_word' id='word_1_103' title='bbox 352 1153 514 1198; x_wconf 82' lang='lat' dir='ltr'><strong>edocti</strong></span> <span class='ocrx_word' id='word_1_104' title='bbox 539 1152 703 1198; x_wconf 89' lang='lat' dir='ltr'><strong>dolent</strong></span> <span class='ocrx_word' id='word_1_105' title='bbox 729 1150 1191 1210; x_wconf 86' lang='lat' dir='ltr'><strong>uehementerquod</strong></span> <span class='ocrx_word' id='word_1_106' title='bbox 1216 1154 1426 1199; x_wconf 87' lang='lat' dir='ltr'><strong>antehac</strong></span> <span class='ocrx_word' id='word_1_107' title='bbox 1452 1163 1552 1199; x_wconf 88' lang='lat' dir='ltr'><strong>tam</strong></span> <span class='ocrx_word' id='word_1_108' title='bbox 1579 1154 1661 1198; x_wconf 88' lang='lat' dir='ltr'><strong>mi-</strong></span> 
     </span>
     <span class='ocr_line' id='line_1_15' title="bbox 34 1230 1661 1288; baseline 0.001 -13"><span class='ocrx_word' id='word_1_109' title='bbox 34 1246 143 1276; x_wconf 83' lang='lat' dir='ltr'><strong>sere</strong></span> <span class='ocrx_word' id='word_1_110' title='bbox 167 1230 348 1275; x_wconf 85' lang='lat' dir='ltr'><strong>diaboli</strong></span> <span class='ocrx_word' id='word_1_111' title='bbox 373 1231 559 1275; x_wconf 83' lang='lat' dir='ltr'><strong>technis</strong></span> <span class='ocrx_word' id='word_1_112' title='bbox 584 1230 773 1276; x_wconf 81' lang='lat' dir='ltr'><strong>seducti</strong></span> <span class='ocrx_word' id='word_1_113' title='bbox 808 1230 1008 1286; x_wconf 76' lang='lat' dir='ltr'><strong>fuerint,</strong></span> <span class='ocrx_word' id='word_1_114' title='bbox 1046 1231 1135 1288; x_wconf 74' lang='lat' dir='ltr'><strong>qui</strong></span> <span class='ocrx_word' id='word_1_115' title='bbox 1166 1241 1319 1277; x_wconf 87' lang='lat' dir='ltr'><strong>totam</strong></span> <span class='ocrx_word' id='word_1_116' title='bbox 1350 1246 1504 1277; x_wconf 77' lang='lat' dir='ltr'><strong>suam</strong></span> <span class='ocrx_word' id='word_1_117' title='bbox 1528 1241 1661 1277; x_wconf 85' lang='lat' dir='ltr'><strong>aeta-</strong></span> 
     </span>
     <span class='ocr_line' id='line_1_16' title="bbox 34 1308 1663 1365; baseline -0.001 -11"><span class='ocrx_word' id='word_1_118' title='bbox 34 1319 127 1354; x_wconf 88' lang='lat' dir='ltr'><strong>tem</strong></span> <span class='ocrx_word' id='word_1_119' title='bbox 154 1308 198 1352; x_wconf 93' lang='lat' dir='ltr'><strong>in</strong></span> <span class='ocrx_word' id='word_1_120' title='bbox 223 1308 451 1354; x_wconf 86' lang='lat' dir='ltr'><strong>maximis</strong></span> <span class='ocrx_word' id='word_1_121' title='bbox 475 1308 692 1364; x_wconf 79' lang='lat' dir='ltr'><strong>peccatis</strong></span> <span class='ocrx_word' id='word_1_122' title='bbox 717 1309 1067 1365; x_wconf 74' lang='lat' dir='ltr'><strong>transigerunt</strong></span> <span class='ocrx_word' id='word_1_123' title='bbox 1091 1308 1125 1365; x_wconf 78' lang='lat'><strong>¹¹,</strong></span> <span class='ocrx_word' id='word_1_124' title='bbox 1154 1309 1209 1354; x_wconf 84' lang='lat' dir='ltr'><strong>lu&#39;</strong></span> <span class='ocrx_word' id='word_1_125' title='bbox 1225 1310 1581 1365; x_wconf 55' lang='lat' dir='ltr'><strong>promisserunt</strong></span> <span class='ocrx_word' id='word_1_126' title='bbox 1608 1323 1663 1353; x_wconf 75' lang='lat' dir='ltr'><strong>se</strong></span> 
     </span>
     <span class='ocr_line' id='line_1_17' title="bbox 35 1386 1662 1445; baseline 0 -14"><span class='ocrx_word' id='word_1_127' title='bbox 35 1386 397 1431; x_wconf 66' lang='lat' dir='ltr'><strong>emendaturos</strong></span> <span class='ocrx_word' id='word_1_128' title='bbox 422 1400 481 1430; x_wconf 76' lang='lat' dir='ltr'><strong>uc</strong></span> <span class='ocrx_word' id='word_1_129' title='bbox 506 1386 640 1431; x_wconf 75' lang='lat' dir='ltr'><strong>(llius</strong></span> <span class='ocrx_word' id='word_1_130' title='bbox 658 1386 1016 1432; x_wconf 66' lang='lat' dir='ltr'><strong>{leslarutm‘os</strong></span> <span class='ocrx_word' id='word_1_131' title='bbox 1040 1387 1092 1432; x_wconf 76' lang='lat' dir='ltr'><strong>iu</strong></span> <span class='ocrx_word' id='word_1_132' title='bbox 1112 1387 1435 1445; x_wconf 73' lang='lat' dir='ltr'><strong>coufessz‘oue</strong></span> <span class='ocrx_word' id='word_1_133' title='bbox 1453 1401 1551 1432; x_wconf 76' lang='lat' dir='ltr'><strong>suu</strong></span> <span class='ocrx_word' id='word_1_134' title='bbox 1571 1388 1662 1432; x_wconf 68' lang='lat' dir='ltr'><strong>cri-</strong></span> 
     </span>
     <span class='ocr_line' id='line_1_18' title="bbox 35 1462 1053 1521; baseline 0 -12"><span class='ocrx_word' id='word_1_135' title='bbox 35 1464 191 1509; x_wconf 79' lang='lat' dir='ltr'><strong>mina.</strong></span> <span class='ocrx_word' id='word_1_136' title='bbox 220 1462 397 1519; x_wconf 65' lang='lat' dir='ltr'><strong>[Aliud</strong></span> <span class='ocrx_word' id='word_1_137' title='bbox 413 1463 708 1520; x_wconf 68' lang='lat' dir='ltr'><strong>exemplum</strong></span> <span class='ocrx_word' id='word_1_138' title='bbox 732 1464 1053 1521; x_wconf 63' lang='lat' dir='ltr'><strong>omittimus]</strong></span> 
     </span>
    </p>

    <p class='ocr_par' dir='ltr' id='par_1_5' title="bbox 35 1539 1661 1906">
     <span class='ocr_line' id='line_1_19' title="bbox 94 1539 1659 1593; baseline 0.002 -9"><span class='ocrx_word' id='word_1_139' title='bbox 94 1540 160 1585; x_wconf 88' lang='lat' dir='ltr'><strong>ll.</strong></span> <span class='ocrx_word' id='word_1_140' title='bbox 227 1539 337 1585; x_wconf 91' lang='lat' dir='ltr'><strong>Hoc</strong></span> <span class='ocrx_word' id='word_1_141' title='bbox 360 1539 505 1593; x_wconf 70' lang='lat' dir='ltr'><strong>addo,</strong></span> <span class='ocrx_word' id='word_1_142' title='bbox 533 1556 609 1585; x_wconf 89' lang='lat' dir='ltr'><strong>me</strong></span> <span class='ocrx_word' id='word_1_143' title='bbox 634 1541 882 1586; x_wconf 86' lang='lat' dir='ltr'><strong>audiuisse</strong></span> <span class='ocrx_word' id='word_1_144' title='bbox 907 1557 936 1586; x_wconf 89' lang='lat' dir='ltr'><strong>a</strong></span> <span class='ocrx_word' id='word_1_145' title='bbox 971 1542 1268 1587; x_wconf 87' lang='lat' dir='ltr'><strong>Reuerendo</strong></span> <span class='ocrx_word' id='word_1_146' title='bbox 1303 1542 1454 1588; x_wconf 85' lang='lat' dir='ltr'><strong>Patre</strong></span> <span class='ocrx_word' id='word_1_147' title='bbox 1488 1550 1659 1587; x_wconf 86' lang='lat' dir='ltr'><strong>nostro</strong></span> 
     </span>
     <span class='ocr_line' id='line_1_20' title="bbox 36 1617 1661 1676; baseline 0 -13"><span class='ocrx_word' id='word_1_148' title='bbox 36 1617 420 1674; x_wconf 87' lang='lat' dir='ltr'><strong>quamplurimos</strong></span> <span class='ocrx_word' id='word_1_149' title='bbox 454 1617 606 1662; x_wconf 75' lang='lat' dir='ltr'><strong>fuisse</strong></span> <span class='ocrx_word' id='word_1_150' title='bbox 640 1618 733 1663; x_wconf 87' lang='lat' dir='ltr'><strong>hoc</strong></span> <span class='ocrx_word' id='word_1_151' title='bbox 767 1629 990 1675; x_wconf 88' lang='lat' dir='ltr'><strong>tempore</strong></span> <span class='ocrx_word' id='word_1_152' title='bbox 1016 1619 1433 1676; x_wconf 76' lang='lat' dir='ltr'><strong>quadragesimae</strong></span> <span class='ocrx_word' id='word_1_153' title='bbox 1459 1635 1661 1664; x_wconf 91' lang='lat' dir='ltr'><strong>conuer-</strong></span> 
     </span>
     <span class='ocr_line' id='line_1_21' title="bbox 35 1693 1661 1741; baseline 0 -1"><span class='ocrx_word' id='word_1_154' title='bbox 35 1710 114 1740; x_wconf 90' lang='lat' dir='ltr'><strong>sos</strong></span> <span class='ocrx_word' id='word_1_155' title='bbox 137 1710 166 1739; x_wconf 87' lang='lat' dir='ltr'><strong>a</strong></span> <span class='ocrx_word' id='word_1_156' title='bbox 195 1694 551 1739; x_wconf 87' lang='lat' dir='ltr'><strong>lutheranismo</strong></span> <span class='ocrx_word' id='word_1_157' title='bbox 587 1694 648 1739; x_wconf 88' lang='lat' dir='ltr'><strong>ad</strong></span> <span class='ocrx_word' id='word_1_158' title='bbox 683 1693 827 1740; x_wconf 90' lang='lat' dir='ltr'><strong>fidem</strong></span> <span class='ocrx_word' id='word_1_159' title='bbox 862 1695 1176 1741; x_wconf 80' lang='lat' dir='ltr'><strong>catholicam.</strong></span> <span class='ocrx_word' id='word_1_160' title='bbox 1206 1696 1354 1741; x_wconf 88' lang='lat' dir='ltr'><strong>Vnde</strong></span> <span class='ocrx_word' id='word_1_161' title='bbox 1386 1695 1661 1741; x_wconf 89' lang='lat' dir='ltr'><strong>laudandus</strong></span> 
     </span>
     <span class='ocr_line' id='line_1_22' title="bbox 35 1771 1657 1829; baseline 0.001 -12"><span class='ocrx_word' id='word_1_162' title='bbox 35 1781 108 1817; x_wconf 91' lang='lat' dir='ltr'><strong>est</strong></span> <span class='ocrx_word' id='word_1_163' title='bbox 131 1771 284 1827; x_wconf 81' lang='lat' dir='ltr'><strong>Deus,</strong></span> <span class='ocrx_word' id='word_1_164' title='bbox 312 1771 391 1828; x_wconf 91' lang='lat' dir='ltr'><strong>qui</strong></span> <span class='ocrx_word' id='word_1_165' title='bbox 416 1787 533 1817; x_wconf 89' lang='lat' dir='ltr'><strong>suas</strong></span> <span class='ocrx_word' id='word_1_166' title='bbox 557 1787 678 1817; x_wconf 87' lang='lat' dir='ltr'><strong>oues</strong></span> <span class='ocrx_word' id='word_1_167' title='bbox 702 1788 796 1817; x_wconf 87' lang='lat' dir='ltr'><strong>non</strong></span> <span class='ocrx_word' id='word_1_168' title='bbox 822 1772 986 1829; x_wconf 87' lang='lat' dir='ltr'><strong>perire</strong></span> <span class='ocrx_word' id='word_1_169' title='bbox 1010 1774 1130 1827; x_wconf 80' lang='lat' dir='ltr'><strong>uult,</strong></span> <span class='ocrx_word' id='word_1_170' title='bbox 1153 1773 1239 1819; x_wconf 91' lang='lat' dir='ltr'><strong>sed</strong></span> <span class='ocrx_word' id='word_1_171' title='bbox 1266 1774 1391 1819; x_wconf 89' lang='lat' dir='ltr'><strong>inter</strong></span> <span class='ocrx_word' id='word_1_172' title='bbox 1415 1782 1516 1818; x_wconf 86' lang='lat' dir='ltr'><strong>tam</strong></span> <span class='ocrx_word' id='word_1_173' title='bbox 1540 1773 1657 1818; x_wconf 89' lang='lat' dir='ltr'><strong>mul-</strong></span> 
     </span>
     <span class='ocr_line' id='line_1_23' title="bbox 37 1848 1183 1906; baseline 0.001 -12"><span class='ocrx_word' id='word_1_174' title='bbox 37 1857 86 1894; x_wconf 88' lang='lat' dir='ltr'><strong>ta</strong></span> <span class='ocrx_word' id='word_1_175' title='bbox 109 1848 330 1905; x_wconf 85' lang='lat' dir='ltr'><strong>pericula</strong></span> <span class='ocrx_word' id='word_1_176' title='bbox 354 1848 416 1893; x_wconf 90' lang='lat' dir='ltr'><strong>ad</strong></span> <span class='ocrx_word' id='word_1_177' title='bbox 442 1849 602 1894; x_wconf 89' lang='lat' dir='ltr'><strong>lumen</strong></span> <span class='ocrx_word' id='word_1_178' title='bbox 628 1864 782 1894; x_wconf 87' lang='lat' dir='ltr'><strong>uerae</strong></span> <span class='ocrx_word' id='word_1_179' title='bbox 806 1849 915 1895; x_wconf 90' lang='lat' dir='ltr'><strong>fidei</strong></span> <span class='ocrx_word' id='word_1_180' title='bbox 941 1850 1183 1906; x_wconf 83' lang='lat' dir='ltr'><strong>perducit.</strong></span> 
     </span>
    </p>

    <p class='ocr_par' dir='ltr' id='par_1_6' title="bbox 17 1924 1659 2206">
     <span class='ocr_line' id='line_1_24' title="bbox 95 1924 1658 1984; baseline 0.001 -14"><span class='ocrx_word' id='word_1_181' title='bbox 95 1924 161 1971; x_wconf 83' lang='lat'><strong>12.</strong></span> <span class='ocrx_word' id='word_1_182' title='bbox 226 1924 280 1970; x_wconf 88' lang='lat' dir='ltr'><strong>In</strong></span> <span class='ocrx_word' id='word_1_183' title='bbox 321 1925 484 1970; x_wconf 87' lang='lat' dir='ltr'><strong>multis</strong></span> <span class='ocrx_word' id='word_1_184' title='bbox 518 1926 760 1982; x_wconf 64' lang='lat' dir='ltr'><strong>personis</strong></span> <span class='ocrx_word' id='word_1_185' title='bbox 803 1927 1090 1983; x_wconf 84' lang='lat' dir='ltr'><strong>experimur</strong></span> <span class='ocrx_word' id='word_1_186' title='bbox 1129 1943 1365 1984; x_wconf 86' lang='lat' dir='ltr'><strong>magnum</strong></span> <span class='ocrx_word' id='word_1_187' title='bbox 1405 1942 1529 1984; x_wconf 87' lang='lat' dir='ltr'><strong>erga</strong></span> <span class='ocrx_word' id='word_1_188' title='bbox 1569 1943 1658 1972; x_wconf 88' lang='lat' dir='ltr'><strong>nos</strong></span> 
     </span>
     <span class='ocr_line' id='line_1_25' title="bbox 17 2002 1659 2059; baseline 0.001 -10"><span class='ocrx_word' id='word_1_189' title='bbox 17 2018 271 2059; x_wconf 78' lang='lat' dir='ltr'><strong>amorem,</strong></span> <span class='ocrx_word' id='word_1_190' title='bbox 300 2002 414 2059; x_wconf 83' lang='lat' dir='ltr'><strong>quia</strong></span> <span class='ocrx_word' id='word_1_191' title='bbox 449 2003 645 2059; x_wconf 90' lang='lat' dir='ltr'><strong>quando</strong></span> <span class='ocrx_word' id='word_1_192' title='bbox 670 2018 790 2049; x_wconf 86' lang='lat' dir='ltr'><strong>suae</strong></span> <span class='ocrx_word' id='word_1_193' title='bbox 814 2004 1147 2050; x_wconf 89' lang='lat' dir='ltr'><strong>conscientiae</strong></span> <span class='ocrx_word' id='word_1_194' title='bbox 1171 2005 1218 2049; x_wconf 92' lang='lat' dir='ltr'><strong>in</strong></span> <span class='ocrx_word' id='word_1_195' title='bbox 1243 2005 1390 2050; x_wconf 87' lang='lat' dir='ltr'><strong>rebus</strong></span> <span class='ocrx_word' id='word_1_196' title='bbox 1415 2004 1523 2050; x_wconf 89' lang='lat' dir='ltr'><strong>fidei</strong></span> <span class='ocrx_word' id='word_1_197' title='bbox 1548 2020 1659 2050; x_wconf 90' lang='lat' dir='ltr'><strong>con-</strong></span> 
     </span>
     <span class='ocr_line' id='line_1_26' title="bbox 34 2079 1658 2140; baseline 0.002 -15"><span class='ocrx_word' id='word_1_198' title='bbox 34 2080 190 2126; x_wconf 87' lang='lat' dir='ltr'><strong>sulere</strong></span> <span class='ocrx_word' id='word_1_199' title='bbox 229 2079 421 2138; x_wconf 83' lang='lat' dir='ltr'><strong>uolunt,</strong></span> <span class='ocrx_word' id='word_1_200' title='bbox 463 2090 661 2127; x_wconf 90' lang='lat' dir='ltr'><strong>nostros</strong></span> <span class='ocrx_word' id='word_1_201' title='bbox 699 2082 944 2127; x_wconf 86' lang='lat' dir='ltr'><strong>accedunt</strong></span> <span class='ocrx_word' id='word_1_202' title='bbox 988 2094 1221 2140; x_wconf 78' lang='lat' dir='ltr'><strong>tanquam</strong></span> <span class='ocrx_word' id='word_1_203' title='bbox 1261 2083 1391 2128; x_wconf 73' lang='lat' dir='ltr'><strong>tales</strong></span> <span class='ocrx_word' id='word_1_204' title='bbox 1437 2082 1445 2109; x_wconf 61' lang='grc' dir='ltr'>ἰ</span> <span class='ocrx_word' id='word_1_205' title='bbox 1485 2083 1658 2140; x_wconf 88' lang='lat' dir='ltr'><strong>quibus</strong></span> 
     </span>
     <span class='ocr_line' id='line_1_27' title="bbox 34 2157 1506 2206; baseline 0.001 -4"><span class='ocrx_word' id='word_1_206' title='bbox 34 2171 218 2203; x_wconf 84' lang='lat' dir='ltr'><strong>arcana</strong></span> <span class='ocrx_word' id='word_1_207' title='bbox 241 2173 331 2203; x_wconf 84' lang='lat' dir='ltr'><strong>sua</strong></span> <span class='ocrx_word' id='word_1_208' title='bbox 355 2158 505 2203; x_wconf 89' lang='lat' dir='ltr'><strong>tutius</strong></span> <span class='ocrx_word' id='word_1_209' title='bbox 537 2157 545 2192; x_wconf 74' lang='lat'><strong>1&#39;</strong></span> <span class='ocrx_word' id='word_1_210' title='bbox 577 2159 882 2205; x_wconf 83' lang='lat' dir='ltr'><strong>concredere</strong></span> <span class='ocrx_word' id='word_1_211' title='bbox 907 2170 953 2205; x_wconf 91' lang='lat' dir='ltr'><strong>et</strong></span> <span class='ocrx_word' id='word_1_212' title='bbox 977 2159 1287 2206; x_wconf 90' lang='lat' dir='ltr'><strong>committere</strong></span> <span class='ocrx_word' id='word_1_213' title='bbox 1311 2160 1506 2206; x_wconf 89' lang='lat' dir='ltr'><strong>audent.</strong></span> 
     </span>
    </p>

    <p class='ocr_par' dir='ltr' id='par_1_7' title="bbox 0 2227 1659 2681">
     <span class='ocr_line' id='line_1_28' title="bbox 94 2227 1657 2294; baseline 0.001 -15"><span class='ocrx_word' id='word_1_214' title='bbox 94 2234 161 2279; x_wconf 83' lang='lat'><strong>13.</strong></span> <span class='ocrx_word' id='word_1_215' title='bbox 227 2227 489 2291; x_wconf 79' lang='lat' dir='ltr'><strong>Quaedam</strong></span> <span class='ocrx_word' id='word_1_216' title='bbox 524 2245 683 2281; x_wconf 85' lang='lat' dir='ltr'><strong>mater</strong></span> <span class='ocrx_word' id='word_1_217' title='bbox 718 2235 968 2293; x_wconf 84' lang='lat' dir='ltr'><strong>virginum</strong></span> <span class='ocrx_word' id='word_1_218' title='bbox 1004 2237 1353 2294; x_wconf 87' lang='lat' dir='ltr'><strong>religiosarum</strong></span> <span class='ocrx_word' id='word_1_219' title='bbox 1389 2238 1522 2283; x_wconf 89' lang='lat' dir='ltr'><strong>hisce</strong></span> <span class='ocrx_word' id='word_1_220' title='bbox 1562 2237 1657 2282; x_wconf 90' lang='lat' dir='ltr'><strong>die-</strong></span> 
     </span>
     <span class='ocr_line' id='line_1_29' title="bbox 0 2311 1658 2373; baseline 0.001 -17"><span class='ocrx_word' id='word_1_221' title='bbox 0 2342 1 2351; x_wconf 43' lang='lat'>1</span> <span class='ocrx_word' id='word_1_222' title='bbox 36 2311 122 2357; x_wconf 92' lang='lat' dir='ltr'><strong>bus</strong></span> <span class='ocrx_word' id='word_1_223' title='bbox 146 2311 274 2358; x_wconf 91' lang='lat' dir='ltr'><strong>misit</strong></span> <span class='ocrx_word' id='word_1_224' title='bbox 298 2313 502 2358; x_wconf 88' lang='lat' dir='ltr'><strong>nuncios</strong></span> <span class='ocrx_word' id='word_1_225' title='bbox 526 2313 778 2359; x_wconf 84' lang='lat' dir='ltr'><strong>Viennam</strong></span> <span class='ocrx_word' id='word_1_226' title='bbox 803 2329 832 2358; x_wconf 91' lang='lat' dir='ltr'><strong>a</strong></span> <span class='ocrx_word' id='word_1_227' title='bbox 857 2315 1026 2360; x_wconf 85' lang='lat' dir='ltr'><strong>decem</strong></span> <span class='ocrx_word' id='word_1_228' title='bbox 1052 2314 1357 2368; x_wconf 78' lang='lat' dir='ltr'><strong>milliaribuS,</strong></span> <span class='ocrx_word' id='word_1_229' title='bbox 1377 2315 1457 2373; x_wconf 88' lang='lat' dir='ltr'><strong>qui</strong></span> <span class='ocrx_word' id='word_1_230' title='bbox 1482 2315 1658 2359; x_wconf 84' lang='lat' dir='ltr'><strong>Patres</strong></span> 
     </span>
     <span class='ocr_line' id='line_1_30' title="bbox 35 2390 1659 2447; baseline 0.002 -14"><span class='ocrx_word' id='word_1_231' title='bbox 35 2397 229 2434; x_wconf 88' lang='lat' dir='ltr'><strong>nostros</strong></span> <span class='ocrx_word' id='word_1_232' title='bbox 263 2399 504 2447; x_wconf 84' lang='lat' dir='ltr'><strong>rogarent</strong></span> <span class='ocrx_word' id='word_1_233' title='bbox 538 2400 743 2447; x_wconf 88' lang='lat' dir='ltr'><strong>propter</strong></span> <span class='ocrx_word' id='word_1_234' title='bbox 778 2390 962 2437; x_wconf 88' lang='lat' dir='ltr'><strong>Christi</strong></span> <span class='ocrx_word' id='word_1_235' title='bbox 997 2408 1220 2438; x_wconf 88' lang='lat' dir='ltr'><strong>amorem</strong></span> <span class='ocrx_word' id='word_1_236' title='bbox 1255 2401 1307 2438; x_wconf 88' lang='lat' dir='ltr'><strong>ut</strong></span> <span class='ocrx_word' id='word_1_237' title='bbox 1331 2392 1659 2438; x_wconf 85' lang='lat' dir='ltr'><strong>concederent</strong></span> 
     </span>
     <span class='ocr_line' id='line_1_31' title="bbox 35 2465 1657 2526; baseline 0.002 -16"><span class='ocrx_word' id='word_1_238' title='bbox 35 2465 242 2522; x_wconf 86' lang='lat' dir='ltr'><strong>aliquem</strong></span> <span class='ocrx_word' id='word_1_239' title='bbox 278 2467 681 2513; x_wconf 84' lang='lat' dir='ltr'><strong>concionatorem</strong></span> <span class='ocrx_word' id='word_1_240' title='bbox 718 2469 762 2513; x_wconf 87' lang='lat' dir='ltr'><strong>in</strong></span> <span class='ocrx_word' id='word_1_241' title='bbox 798 2469 1089 2515; x_wconf 85' lang='lat' dir='ltr'><strong>coenobium</strong></span> <span class='ocrx_word' id='word_1_242' title='bbox 1124 2470 1255 2525; x_wconf 92' lang='lat' dir='ltr'><strong>illud,</strong></span> <span class='ocrx_word' id='word_1_243' title='bbox 1283 2470 1361 2526; x_wconf 91' lang='lat' dir='ltr'><strong>qui</strong></span> <span class='ocrx_word' id='word_1_244' title='bbox 1388 2470 1448 2514; x_wconf 85' lang='lat' dir='ltr'><strong>ad</strong></span> <span class='ocrx_word' id='word_1_245' title='bbox 1473 2468 1657 2514; x_wconf 85' lang='lat' dir='ltr'><strong>Christi</strong></span> 
     </span>
     <span class='ocr_line' id='line_1_32' title="bbox 35 2542 1656 2602; baseline 0.002 -14"><span class='ocrx_word' id='word_1_246' title='bbox 35 2542 160 2589; x_wconf 91' lang='lat' dir='ltr'><strong>ouile</strong></span> <span class='ocrx_word' id='word_1_247' title='bbox 185 2545 447 2590; x_wconf 87' lang='lat' dir='ltr'><strong>reduceret</strong></span> <span class='ocrx_word' id='word_1_248' title='bbox 487 2561 607 2591; x_wconf 89' lang='lat' dir='ltr'><strong>oues</strong></span> <span class='ocrx_word' id='word_1_249' title='bbox 631 2545 851 2602; x_wconf 83' lang='lat' dir='ltr'><strong>perditas</strong></span> <span class='ocrx_word' id='word_1_250' title='bbox 876 2546 937 2591; x_wconf 84' lang='lat' dir='ltr'><strong>ob</strong></span> <span class='ocrx_word' id='word_1_251' title='bbox 964 2547 1291 2592; x_wconf 90' lang='lat' dir='ltr'><strong>miserrimam</strong></span> <span class='ocrx_word' id='word_1_252' title='bbox 1319 2546 1656 2592; x_wconf 81' lang='lat' dir='ltr'><strong>calamitatem</strong></span> 
     </span>
     <span class='ocr_line' id='line_1_33' title="bbox 33 2620 1655 2681; baseline 0.002 -17"><span class='ocrx_word' id='word_1_253' title='bbox 33 2627 80 2665; x_wconf 82' lang='lat' dir='ltr'><strong>et</strong></span> <span class='ocrx_word' id='word_1_254' title='bbox 121 2620 375 2668; x_wconf 85' lang='lat' dir='ltr'><strong>doctrinae</strong></span> <span class='ocrx_word' id='word_1_255' title='bbox 414 2623 821 2678; x_wconf 69' lang='lat' dir='ltr'><strong>peruersitatem</strong></span> <span class='ocrx_word' id='word_1_256' title='bbox 864 2623 882 2649; x_wconf 75' lang='lat'><strong>¹&lt;</strong></span> <span class='ocrx_word' id='word_1_257' title='bbox 937 2640 1083 2680; x_wconf 81' lang='lat' dir='ltr'><strong>quam</strong></span> <span class='ocrx_word' id='word_1_258' title='bbox 1128 2624 1420 2669; x_wconf 84' lang='lat' dir='ltr'><strong>sacerdotes</strong></span> <span class='ocrx_word' id='word_1_259' title='bbox 1472 2623 1655 2681; x_wconf 76' lang='lat' dir='ltr'><strong>infecti,</strong></span> 
     </span>
    </p>
   </div>
   <div class='ocr_carea' id='block_1_4' title="bbox 38 2741 297 2747">
    <p class='ocr_par' dir='ltr' id='par_1_8' title="bbox 38 2741 297 2747">
     <span class='ocr_line' id='line_1_34' title="bbox 38 2741 297 2747; baseline 0 0"><span class='ocrx_word' id='word_1_260' title='bbox 38 2741 297 2747; x_wconf 95' lang='lat' dir='ltr'><strong> </strong></span> 
     </span>
    </p>
   </div>
   <div class='ocr_carea' id='block_1_5' title="bbox 34 2824 1658 3000">
    <p class='ocr_par' dir='ltr' id='par_1_9' title="bbox 34 2824 1658 3000">
     <span class='ocr_line' id='line_1_35' title="bbox 80 2824 1658 2874; baseline 0.003 -14"><span class='ocrx_word' id='word_1_261' title='bbox 80 2829 98 2850; x_wconf 65' lang='grc' dir='ltr'><strong>ὃ</strong></span> <span class='ocrx_word' id='word_1_262' title='bbox 139 2828 193 2861; x_wconf 87' lang='lat' dir='ltr'><strong>vt.</strong></span> <span class='ocrx_word' id='word_1_263' title='bbox 245 2824 312 2854; x_wconf 74' lang='lat' dir='ltr'><strong>—b</strong></span> <span class='ocrx_word' id='word_1_264' title='bbox 346 2825 543 2862; x_wconf 76' lang='lat' dir='ltr'><strong>vixerant.</strong></span> <span class='ocrx_word' id='word_1_265' title='bbox 597 2833 659 2852; x_wconf 70' lang='lat'><strong>—0</strong></span> <span class='ocrx_word' id='word_1_266' title='bbox 678 2826 851 2863; x_wconf 82' lang='lat' dir='ltr'><strong>bonitas.</strong></span> <span class='ocrx_word' id='word_1_267' title='bbox 906 2827 970 2854; x_wconf 80' lang='lat' dir='ltr'><strong>——d</strong></span> <span class='ocrx_word' id='word_1_268' title='bbox 997 2827 1252 2874; x_wconf 73' lang='lat' dir='ltr'><strong>Sequuntur</strong></span> <span class='ocrx_word' id='word_1_269' title='bbox 1267 2838 1334 2864; x_wconf 79' lang='lat' dir='ltr'><strong>vv.</strong></span> <span class='ocrx_word' id='word_1_270' title='bbox 1357 2827 1474 2864; x_wconf 81' lang='lat' dir='ltr'><strong>sicuti</strong></span> <span class='ocrx_word' id='word_1_271' title='bbox 1494 2827 1572 2864; x_wconf 85' lang='lat' dir='ltr'><strong>iam</strong></span> <span class='ocrx_word' id='word_1_272' title='bbox 1592 2827 1658 2864; x_wconf 84' lang='lat' dir='ltr'><strong>det</strong></span> 
     </span>
     <span class='ocr_line' id='line_1_36' title="bbox 34 2886 1657 2940; baseline 0.004 -16"><span class='ocrx_word' id='word_1_273' title='bbox 34 2886 162 2926; x_wconf 81' lang='lat' dir='ltr'><strong>oblitt.</strong></span> <span class='ocrx_word' id='word_1_274' title='bbox 204 2897 266 2917; x_wconf 77' lang='lat' dir='ltr'><strong>-e</strong></span> <span class='ocrx_word' id='word_1_275' title='bbox 286 2890 429 2926; x_wconf 84' lang='lat' dir='ltr'><strong>accidit</strong></span> <span class='ocrx_word' id='word_1_276' title='bbox 445 2891 581 2927; x_wconf 89' lang='lat' dir='ltr'><strong>multis</strong></span> <span class='ocrx_word' id='word_1_277' title='bbox 599 2891 705 2928; x_wconf 87' lang='lat' dir='ltr'><strong>viris.</strong></span> <span class='ocrx_word' id='word_1_278' title='bbox 756 2891 804 2918; x_wconf 78' lang='lat' dir='ltr'><strong>-f</strong></span> <span class='ocrx_word' id='word_1_279' title='bbox 830 2892 1102 2940; x_wconf 73' lang='lat' dir='ltr'><strong>particularia.</strong></span> <span class='ocrx_word' id='word_1_280' title='bbox 1142 2899 1212 2927; x_wconf 63' lang='lat' dir='ltr'><strong>-g</strong></span> <span class='ocrx_word' id='word_1_281' title='bbox 1226 2905 1304 2928; x_wconf 90' lang='lat' dir='ltr'><strong>non</strong></span> <span class='ocrx_word' id='word_1_282' title='bbox 1320 2893 1480 2930; x_wconf 89' lang='lat' dir='ltr'><strong>bonum.</strong></span> <span class='ocrx_word' id='word_1_283' title='bbox 1517 2893 1580 2920; x_wconf 37' lang='grc' dir='ltr'><strong>μὴ</strong></span> <span class='ocrx_word' id='word_1_284' title='bbox 1602 2898 1657 2930; x_wconf 81' lang='lat' dir='ltr'><strong>to-</strong></span> 
     </span>
     <span class='ocr_line' id='line_1_37' title="bbox 34 2950 1657 3000; baseline 0.003 -15"><span class='ocrx_word' id='word_1_285' title='bbox 34 2950 238 3000; x_wconf 61' lang='lat' dir='ltr'><strong>tamque...</strong></span> <span class='ocrx_word' id='word_1_286' title='bbox 255 2950 540 2997; x_wconf 84' lang='lat' dir='ltr'><strong>transegerint.</strong></span> <span class='ocrx_word' id='word_1_287' title='bbox 591 2950 646 2977; x_wconf 81' lang='lat' dir='ltr'><strong>-i</strong></span> <span class='ocrx_word' id='word_1_288' title='bbox 675 2963 755 2989; x_wconf 86' lang='lat' dir='ltr'><strong>eos.</strong></span> <span class='ocrx_word' id='word_1_289' title='bbox 802 2952 855 2986; x_wconf 79' lang='lat' dir='ltr'><strong>—i</strong></span> <span class='ocrx_word' id='word_1_290' title='bbox 884 2953 1006 2988; x_wconf 83' lang='lat' dir='ltr'><strong>tutius</strong></span> <span class='ocrx_word' id='word_1_291' title='bbox 1026 2965 1146 2999; x_wconf 80' lang='lat' dir='ltr'><strong>quam</strong></span> <span class='ocrx_word' id='word_1_292' title='bbox 1167 2953 1275 2989; x_wconf 84' lang='lat' dir='ltr'><strong>aliis.</strong></span> <span class='ocrx_word' id='word_1_293' title='bbox 1328 2952 1391 2979; x_wconf 73' lang='lat' dir='ltr'><strong>—k</strong></span> <span class='ocrx_word' id='word_1_294' title='bbox 1412 2965 1461 2989; x_wconf 79' lang='lat' dir='ltr'><strong>ex</strong></span> <span class='ocrx_word' id='word_1_295' title='bbox 1476 2953 1657 2992; x_wconf 79' lang='lat' dir='ltr'><strong>doctrina</strong></span> 
     </span>
    </p>
   </div>
   <div class='ocr_carea' id='block_1_6' title="bbox 35 3006 505 3056">
    <p class='ocr_par' dir='ltr' id='par_1_10' title="bbox 35 3006 505 3056">
     <span class='ocr_line' id='line_1_38' title="bbox 35 3006 505 3056; baseline 0.009 -13"><span class='ocrx_word' id='word_1_296' title='bbox 35 3006 252 3055; x_wconf 84' lang='lat' dir='ltr'><strong>deprauata</strong></span> <span class='ocrx_word' id='word_1_297' title='bbox 271 3009 505 3056; x_wconf 80' lang='lat' dir='ltr'><strong>profectam.</strong></span> 
     </span>
    </p>
   </div>
  </div>
 </body>
</html>
