1925 3509
510 270 791 308 lss).—GAND1A
817 271 859 306 31
885 269 1088 316 *IANUARII
1118 268 1206 304 15:37
1585 266 1622 301 8¹

39 368 255 426 operari,
294 382 417 423 quos
451 383 540 412 sua
575 364 921 412 misericordia
956 365 999 409 in
1041 364 1135 408 hoc
1174 363 1384 418 collegio
1425 361 1678 407 coniunxit

38 461 221 502 magno
261 460 372 489 cum
412 443 640 500 profectu
681 457 883 489 suarum
925 441 1202 486 animarum
1238 455 1298 484 ac
1333 438 1677 495 proximorum

37 523 176 568 iuxta
201 520 469 567 Societatis
492 521 784 576 institutum,
811 519 873 563 ad
899 518 1122 563 maioren
1143 516 1358 573 gloriam
1378 515 1576 559 Domini
1597 530 1679 559 no-

37 599 142 646 stri.
167 600 341 656 Itaque
365 598 575 655 primum
595 597 654 642 de
673 595 956 641 domesticis
980 610 1042 639 ac
1066 609 1239 639 eorum
1265 593 1410 638 modo
1435 592 1481 637 in
1508 608 1679 648 proce-

38 677 197 723 dendo
227 688 273 721 et
304 675 608 732 proficiendo
643 674 874 729 accipies.
910 672 1101 717 Deinde
1137 670 1422 728 perquiram
1456 685 1516 714 ea
1551 685 1679 725 quae

38 763 150 800 sunt
167 753 306 809 foriS‚
334 769 482 811 quam
508 761 684 809 potero
711 750 1019 807 breuissime;
1048 764 1159 794 eam
1184 758 1350 793 autem
1377 747 1680 792 breuitatem

38 831 84 876 in
117 830 425 875 orationibus
460 845 555 873 non
590 828 897 882 desiderans,
937 841 1061 883 quas
1095 826 1253 870 bonus
1288 824 1441 869 Pater
1465 839 1556 879 pro
1582 824 1678 868 tuis

37 907 178 953 huius
211 907 384 952 domus
418 906 465 950 in
489 905 592 951 dies
626 920 801 950 coram
836 903 1050 949 Domino
1086 901 1300 947 effundis
1335 916 1396 946 ac
1430 900 1676 954 effundes;

37 985 163 1031 inest
185 984 315 1030 enim
339 984 480 1029 nobis
506 983 549 1028 in
576 983 646 1028 eis
670 981 890 1027 maxima
915 980 1111 1025 fiducia.

96 1061 137 1106 2.
204 1061 350 1106 Domi
376 1061 561 1117 (diuina
585 1059 755 1116 gratia
786 1057 1046 1114 operante)
1081 1056 1263 1102 crescit
1298 1056 1345 1100 in
1378 1055 1483 1101 dies
1518 1054 1679 1111 profe-

39 1147 147 1184 ctus
171 1148 218 1184 et
242 1153 426 1195 magna
445 1137 693 1182 desideria
712 1152 822 1181 cum
843 1134 1077 1191 operibus
1102 1133 1360 1190 perfectae
1385 1135 1679 1190 regularum

37 1215 390 1262 obseruantiae
420 1230 481 1260 ac
515 1212 926 1268 mortificationis,
965 1220 1092 1257 teste
1125 1210 1404 1266 superiore,
1443 1224 1589 1266 quem
1625 1219 1679 1254 vt

38 1293 128 1339 sibi
151 1293 380 1350 publicae
404 1292 449 1338 in
474 1291 682 1337 cenobio
710 1293 729 1311 ἃ
752 1289 1041 1346 disciplinae
1065 1288 1422 1344 concedantur,
1454 1301 1553 1331 non
1577 1302 1680 1332 ces-

39 1380 148 1415 sant
171 1369 457 1415 sollicitare.
484 1368 563 1413 Ex
587 1368 761 1424 quibus
785 1366 1051 1412 nonnullae
1082 1379 1354 1410 concessae
1388 1372 1538 1420 atque
1573 1379 1680 1419 per-

39 1446 201 1492 fectae
235 1455 347 1492 sunt
381 1445 600 1490 maximo
635 1460 747 1490 cum
781 1443 1115 1489 emolumento
1149 1442 1381 1498 fratrum,
1415 1455 1543 1497 quae
1567 1448 1680 1486 sunt

41 1523 183 1580 signa
206 1523 469 1580 perspicua
493 1521 725 1568 desiderii
749 1529 956 1567 sanctae
981 1518 1375 1564 mortificationis
1399 1533 1459 1564 ac
1483 1517 1680 1574 spirita-

39 1601 96 1647 lis
119 1601 390 1658 profectus
418 1599 662 1646 Oratione
694 1609 742 1644 et
776 1614 1009 1644 sensuum
1045 1597 1273 1657 custodia
1306 1597 1499 1641 clarent
1533 1596 1680 1653 pluri-

42 1694 185 1735 mum,
222 1693 352 1735 quae
384 1677 580 1736 quidem
615 1692 712 1722 non
746 1685 821 1722 est
854 1691 1014 1733 parua
1048 1674 1185 1732 quies
1220 1674 1294 1719 his
1328 1673 1407 1730 qui
1444 1688 1534 1729 pro
1559 1673 1678 1729 ipsis

40 1765 150 1801 sunt
173 1755 282 1801 Deo
306 1755 547 1801 reddituri
573 1753 834 1800 rationem.
861 1751 1170 1798 Collationes
1205 1760 1355 1807 atque
1389 1750 1548 1795 omnis
1583 1750 1680 1794 vir-

41 1833 155 1878 tutis
188 1832 431 1890 spiritalia
465 1831 706 1877 exercitia
740 1830 1216 1885 exhortationesque
1251 1827 1314 1873 ad
1345 1843 1541 1873 omnem
1573 1842 1680 1884 per-

41 1909 305 1956 fectionem
329 1909 407 1956 hic
430 1909 694 1964 habentur,
721 1908 856 1953 nulla
879 1907 1050 1952 habita
1074 1906 1322 1952 obliuione
1347 1921 1522 1951 eorum
1552 1919 1681 1963 quae

41 1988 105 2033 ad
133 1997 376 2044 sanctam,
413 1997 695 2043 promptam
730 2001 791 2031 ac
824 2000 1031 2031 caecam
1065 1983 1398 2029 obedientiam
1432 1991 1679 2039 spectant.

40 2064 129 2111 Illa
151 2076 316 2111 autem
340 2064 650 2121 frequentius
676 2072 995 2119 exercentur,
1022 2071 1071 2107 et
1096 2077 1159 2107 ex
1182 2062 1252 2107 eis
1277 2060 1548 2118 singularis
1580 2059 1681 2104 fru-

41 2151 149 2188 ctus
172 2142 415 2188 enitescit.

98 2219 141 2266 3.
208 2219 335 2266 Cum
359 2219 417 2265 iis
441 2220 520 2276 qui
546 2219 668 2264 foris
701 2227 830 2274 sunt,
868 2218 940 2263 his
974 2217 1147 2262 mediis
1181 2216 1350 2273 agitur
1384 2216 1559 2272 quibus
1593 2214 1680 2260 So·

42 2297 196 2343 cietas
230 2297 295 2342 vti
329 2297 587 2343 consueuit
626 2297 689 2342 ad
712 2295 1054 2353 proximorum
1079 2293 1487 2351 perfecctionem,
1515 2292 1679 2349 quoad

42 2372 146 2420 fieri
183 2384 363 2431 potest,
399 2373 581 2420 nemini
619 2372 907 2419 deficiendo.
942 2372 1274 2417 Praedicatur
1297 2378 1680 2417 sacrosanctum

43 2452 373 2510 euangelium,
411 2461 464 2497 vt
503 2451 783 2509 plurimum,
826 2450 1079 2496 matutinis
1113 2449 1434 2506 temporibus,
1480 2463 1544 2493 ex
1584 2462 1680 2503 quo

43 2527 236 2574 fructus
259 2529 592 2586 amplissimus
615 2538 841 2585 apparet,
869 2542 982 2572 curn
1007 2527 1053 2571 in
1078 2525 1474 2572 confessionibus
1498 2540 1559 2570 ac
1582 2523 1679 2569 fre-

45 2605 240 2660 quentia
277 2605 599 2659 sacramenti,
636 2614 738 2651 tum
777 2605 824 2649 in
858 2604 1092 2661 operibus
1127 2602 1403 2658 charitatis,
1441 2616 1570 2658 quae
1604 2600 1680 2646 his

44 2682 222 2728 nostris
244 2683 548 2740 temporibus
572 2691 684 2728 sunt
708 2682 930 2738 apprime
954 2680 1254 2727 necessaria.
1282 2679 1345 2725 Et
1363 2678 1676 2736 praesertim,

46 2772 193 2814 quum
215 2768 385 2805 noster
409 2759 607 2816 quidam
631 2758 1033 2815 concionaretur,
1059 2768 1107 2803 et
1136 2757 1267 2802 forte
1300 2755 1497 2801 audiret
1531 2770 1679 2811 quae—

46 2833 158 2880 dam
179 2836 369 2893 mulier,
396 2852 542 2893 quam
568 2835 736 2881 nescio
761 2851 858 2892 qua
881 2835 929 2880 ui
959 2835 1021 2880 ad
1045 2834 1335 2880 concionem
1359 2840 1680 2877 attraxerant

47 2909 264 2968 (vixerat
286 2913 415 2958 enim
438 2913 619 2959 multos
643 2927 800 2958 annos
824 2911 1109 2958 inconfessa
1133 2919 1181 2956 et
1205 2926 1235 2955 a
1258 2909 1542 2956 christianis
1567 2924 1680 2966 ope-

95 3077 114 3096 a
164 3078 247 3122 Sic,
264 3083 346 3124 pro
364 3078 602 3115 coenaculo?

192 3161 360 3190 LITTERAE
384 3161 681 3195 QUADRIMESTRES.
703 3160 794 3187 TOM.
817 3159 853 3187 V.
1521 3157 1539 3186 6
