1900 3380
490 189 862 226 loth—FLORENTIA
892 189 938 225 ⁴26
966 189 1122 225 ΜΑΚΉΙ
1154 190 1243 225 155&
1574 191 1645 225 585

115 288 158 332 8.
226 286 404 330 Paucis
429 285 605 330 abhinc
632 285 879 330 mensibus
903 285 1064 340 coepit
1089 295 1297 341 uterque
1322 301 1491 330 eorum
1521 285 1685 331 Prum.

60 378 180 420 quos
204 362 348 407 modo
373 362 664 417 memoraui‚
694 362 938 418 quoddam
963 361 1406 407 carmelitanarum
1439 362 1688 418 uirginum

59 439 349 485 coenobium
384 438 614 491 inuisere,
643 453 769 494 quae
803 438 992 483 Beatae
1017 437 1246 494 Virginis
1281 439 1589 495 Angelorum
1617 439 1688 496 (ut

59 515 257 571 uocant)
283 515 517 571 templum
544 515 777 559 incolunt.
805 514 919 571 Qua
944 530 1006 559 ex
1032 529 1085 558 re
1110 524 1345 570 quantum
1371 515 1529 560 bonus
1554 516 1686 572 agri-

58 593 165 638 cola
185 589 395 651 JESVS
414 590 629 636 fructum
650 591 944 647 perceperit,
968 590 1307 636 confessiones
1327 607 1448 647 quas
1470 593 1688 638 reserari

57 668 132 714 fas
156 684 249 713 non
275 679 363 719 est,
393 667 539 712 facile
565 668 926 713 demonstrant.

113 746 155 791 Q.
223 745 304 790 Pr.
332 744 543 789 Iacobus
566 744 757 789 flander
782 746 813 799 ¹,
842 760 983 801 quem
1020 744 1191 801 paucis
1226 744 1403 790 abhinc
1440 746 1689 790 mensibus

57 822 233 869 Genua
259 823 320 867 ad
355 838 444 867 nos
479 822 624 879 misit,
662 823 707 867 in
744 822 885 867 uinea
920 822 1115 867 Domini
1151 838 1246 866 non
1283 832 1356 867 est
1391 823 1604 868 ociosus,
1642 823 1689 868 Is

58 900 182 946 enim
209 900 439 945 mulieres
463 900 721 956 quasdam,
750 915 875 956 quae
900 915 929 945 a
953 899 1236 945 meretricio
1262 910 1468 956 quaestu
1506 901 1567 945 ad
1604 902 1686 946 bo-

56 993 168 1023 nam
193 977 388 1022 uiuendi
413 977 609 1034 frugem
635 992 912 1022 conuersae
937 986 1065 1031 sunt,
1091 976 1300 1033 singulis
1331 977 1502 1022 diebus
1538 977 1687 1022 domi-

55 1054 175 1100 nicis
198 1054 291 1099 Dei
318 1054 473 1099 uerbo
505 1054 810 1100 consolatur:
845 1069 969 1110 quas
1003 1063 1052 1098 et
1085 1053 1240 1098 Rdus.
1279 1053 1360 1099 Pr.
1401 1064 1569 1099 rector
1603 1055 1688 1100 ali-

55 1132 249 1188 quando
274 1133 400 1177 solet
423 1132 653 1189 inuisere;
682 1147 893 1187 quorum
918 1146 1124 1187 operam
1149 1131 1390 1176 Dominus
1409 1130 1614 1191 JESUS
1640 1133 1686 1177 in

21 1207 26 1211 ’
54 1224 112 1253 ea
138 1224 190 1253 re
215 1224 309 1253 non
334 1208 526 1254 frustra
550 1208 822 1264 impensam
848 1223 956 1253 esse
981 1207 1183 1265 patitur.
1206 1206 1311 1253 Sub
1335 1208 1520 1253 initium
1545 1208 1689 1253 huius

55 1285 471 1342 quadragesimae
511 1285 673 1341 coepit
713 1285 794 1330 Pr.
838 1285 877 1330 is
915 1301 1059 1342 quem
1101 1284 1246 1330 modo
1287 1285 1402 1342 dixi,
1443 1284 1683 1344 Jacobus,

55 1363 434 1418 uniuscuiusque
469 1362 561 1408 diei
597 1362 913 1419 euangelium
949 1361 1166 1417 quotidie
1206 1361 1250 1405 in
1292 1362 1473 1418 templo
1512 1373 1686 1407 nostro

55 1439 217 1496 pueris
257 1439 534 1485 declarare.
580 1439 760 1484 Postea
799 1455 921 1484 uero
960 1448 1167 1484 sanctae
1207 1438 1520 1483 obedientiae
1554 1455 1685 1484 man-

54 1516 168 1560 dato
210 1524 283 1561 est
327 1516 602 1563 institutum
648 1527 699 1561 ut
738 1516 946 1572 idipsum
990 1531 1167 1561 munus
1212 1515 1489 1571 explicandi
1535 1532 1683 1561 euan-

52 1592 249 1649 gelium,
288 1608 441 1649 usque
475 1593 539 1638 ad
572 1594 760 1649 pascha
796 1599 829 1649 ³,
867 1608 962 1637 non
998 1592 1043 1637 in
1076 1593 1277 1649 tempIO,
1316 1593 1401 1637 sed
1436 1592 1480 1637 in
1523 1594 1686 1639 classe

51 1669 215 1727 aliqua
254 1685 283 1715 a
323 1670 528 1726 singulis
566 1663 808 1715 fratribus
848 1685 936 1726 per
974 1669 1108 1715 uices
1148 1669 1501 1726 susciperetur.
1539 1669 1684 1726 Quae

52 1746 243 1803 quidem
279 1747 573 1793 exercitatio
609 1756 657 1793 et
690 1747 807 1803 ipsis
845 1762 942 1792 non
982 1746 1285 1792 mediocrem
1319 1747 1473 1792 affert
1509 1748 1683 1794 utilita-

51 1832 164 1881 tem,
197 1833 244 1869 et
278 1824 385 1870 aliis
420 1824 657 1881 optimam
692 1825 749 1869 de
784 1824 967 1869 nostris
1001 1824 1435 1869 existimationem.
1474 1824 1526 1870 Id
1561 1842 1685 1870 uero

52 1902 309 1958 quominus
333 1902 379 1947 in
403 1903 586 1959 templo
605 1902 761 1959 fieret,
784 1901 1070 1960 frequentes
1095 1901 1434 1947 confessiones
1460 1903 1503 1947 in
1529 1918 1684 1948 causa

4 2014 6 2018 ,
50 1978 203 2035 fuere3
256 1979 430 2036 quibus
480 1979 798 2036 quotidianae
847 1979 1113 2024 conciones
1161 1979 1508 2036 impedimento
1562 1995 1685 2025 sane

51 2056 273 2103 fuissent.

111 2132 178 2179 10.
246 2134 322 2179 De
357 2133 471 2180 Pre.
499 2134 760 2180 Desiderio
785 2135 800 2158 ²
825 2134 937 2191 quid
961 2134 1122 2179 dicam
1148 2134 1330 2179 nescio:
1360 2134 1399 2179 is
1433 2134 1559 2179 enirn
1592 2134 1682 2180 etsi

95 2341 111 2362 ³
155 2334 185 2371 3
199 2347 266 2372 vv.
288 2335 488 2381 praeced.
511 2335 670 2372 addita
690 2336 736 2371 z'n
756 2345 895 2380 marg.
919 2335 1075 2371 eadem
1095 2344 1248 2371 manu.

95 2509 106 2529 ¹
156 2509 290 2557 HuJ'us
309 2508 483 2545 nominis
501 2508 663 2555 quidam
683 2507 857 2554 primum
876 2507 966 2543 litat
985 2507 1048 2543 die
1075 2507 1204 2554 primo
1232 2507 1331 2554 Maji
1362 2507 1452 2543 1557
1480 2507 1689 2551 (Polanci

52 2568 226 2615 Compl.‚
256 2568 304 2611 ΙΙ,
332 2568 431 2613 297).
461 2567 524 2605 Sit
550 2580 602 2604 ne
629 2568 662 2604 is
689 2567 797 2604 idem
823 2567 894 2603 ille
913 2567 979 2614 qui
1000 2567 1106 2613 apud
1125 2567 1281 2604 Laz'm'i
1300 2567 1509 2612 Monam„
1530 2567 1579 2613 ΙΙ,
1596 2567 1679 2614 468,

48 2627 292 2675 theologiam
312 2628 452 2674 incipit
469 2640 609 2664 mense
631 2626 863 2674 Septembri
885 2627 989 2669 1557,
1011 2632 1051 2664 et
1079 2626 1316 2663 Florentiae
1344 2639 1449 2663 nunc
1479 2633 1680 2673 versatur,

47 2699 125 2723 non
143 2692 310 2724 constat.

94 2747 106 2766 ²
155 2747 288 2796 Hujus
307 2747 440 2784 Patris
458 2747 651 2794 pietatem
672 2752 712 2783 et
730 2747 770 2783 in
789 2746 1108 2783 confessionibus
1128 2745 1339 2782 audiendis
1358 2747 1599 2793 praesertim
1619 2760 1680 2784 as-

48 2806 275 2844 siduitatem
294 2807 482 2843 laudibus
503 2806 681 2843 efferunt
699 2806 877 2853 catalogi
897 2806 1059 2853 collegii
1080 2805 1297 2849 florentini,
1318 2805 1386 2852 qui
1405 2810 1498 2842 sunt
1516 2806 1556 2843 in
1576 2807 1680 2843 codi-

47 2877 92 2902 ce
113 2866 454 2912 Insormatz'ones
472 2868 694 2913 antiquae,
716 2879 782 2902 nn.
807 2865 874 2902 102
891 2879 977 2913 sqq.
1001 2865 1242 2912 Cognomen
1269 2870 1441 2903 tacetur.
1469 2865 1515 2903 In
1542 2879 1580 2903 n.
1613 2866 1683 2903 102

47 2925 201 2962 dicitur:
224 2926 439 2962 Desiderio
458 2925 656 2963 francese.
678 2925 902 2962 POLANCUS
920 2926 960 2962 in
983 2926 1151 2967 Chron..
1174 2924 1248 2970 VI,
1272 2925 1334 2961 141
1357 2938 1449 2962 eum
1479 2932 1595 2963 vocat
1622 2927 1682 2962 lo-

47 2983 307 3033 tharingium.
