1900 3380
482 299 805 337 Bor-Comma
837 299 879 336 16
901 298 1102 346 δῙΑΝΠΑΗΠ
1134 300 1223 336 1558
1551 300 1620 336 515

41 397 187 444 etiam
223 397 431 442 excitari
467 405 584 453 puto
618 413 647 441 a
681 396 893 453 collegio
928 403 1115 448 nOStrO,
1155 396 1199 440 in
1232 413 1327 452 quo
1359 397 1669 453 professores

39 485 149 521 sunt
172 484 377 531 septem:
409 474 471 519 M.
502 474 744 519 Heni-icus
780 474 1047 529 Dionysius
1080 483 1248 518 noster
1280 484 1353 519 est
1388 475 1666 530 theologUS,

40 552 102 598 M.
138 551 436 597 Franciscus
472 550 715 596 Costerus
747 550 994 607 physicus,
1036 550 1097 594 M.
1136 550 1407 595 Balduinus
1446 551 1669 605 Angelus

40 629 242 685 logicus:
273 627 444 683 reliqui
477 643 598 672 uero
624 627 925 673 rhetoricam
958 636 1006 671 et
1038 628 1419 683 grammaticam
1453 642 1567 672 sitm
1595 628 1668 672 Ci-

40 720 216 752 cerone
240 705 432 750 docent.
464 705 670 750 Athaec
710 705 891 750 rectius
922 720 985 749 ex
1021 704 1284 749 lectionum
1321 705 1556 759 catalogo
1591 721 1668 749 co·-

39 783 209 842 gnosci
235 792 517 839 potuerunt.

96 862 137 906 3.
204 860 440 916 Discipuli
471 860 661 916 plurimi
687 869 798 905 sunt
823 869 871 905 et
895 875 956 905 ex
982 859 1132 904 uariis
1159 844 1438 915 prouinciis,
1460 875 1569 904 cum
1591 875 1668 903 ca-

40 938 346 994 tholicorum,
374 947 476 982 tum
512 938 895 993 haereticorum,
926 946 973 982 et
998 952 1170 981 omnes
1206 936 1312 981 fere
1344 937 1454 981 boni
1490 946 1537 981 et
1573 952 1669 981 ma-

40 1031 167 1074 gnae
191 1015 292 1071 spei
317 1016 676 1071 adolescentes,
706 1013 784 1070 qui
811 1015 855 1059 in
883 1014 1035 1059 literis
1063 1014 1251 1070 pariter
1271 1029 1331 1058 ac
1355 1013 1539 1069 pietate
1564 1030 1671 1069 pro-

0 1127 2 1138 2
41 1093 218 1140 ficiunt.
248 1092 501 1149 Quantum
536 1093 578 1137 in
616 1093 771 1138 literis
806 1107 1131 1149 progressum
1166 1090 1367 1145 faciant,
1408 1091 1671 1135 ostendunt

40 1186 208 1217 eorum
244 1170 618 1226 disputationes,
646 1169 1033 1214 declamationes
1061 1177 1107 1213 et
1139 1168 1393 1224 epistolae.
1421 1168 1670 1223 Quantum

0 1239 3 1324 ι
40 1249 85 1294 in
119 1248 301 1304 pietate
336 1256 678 1303 promoueant,
713 1246 858 1292 facile
893 1262 955 1291 ex
988 1246 1081 1290 hoc
1116 1245 1283 1301 liquet,
1311 1246 1440 1301 quod
1474 1260 1671 1290 sacrum

0 1326 7 1415 ι
41 1326 253 1384 quotidie
276 1325 418 1371 flexis
440 1325 649 1382 genibus
674 1325 894 1379 audiunt,
923 1324 1103 1380 templa
1137 1324 1316 1368 deuote
1353 1323 1568 1373 uisitant,
1598 1338 1671 1366 ro-

44 1403 186 1450 sariis
209 1411 257 1448 et
280 1401 509 1449 Gersone
537 1402 544 1425 ¹
572 1412 794 1459 utuntur,
822 1401 1111 1458 frequenter
1148 1400 1447 1446 confitentur
1472 1410 1520 1445 et
1543 1415 1671 1445 com-

5 1515 15 1546 ,
42 1481 306 1538 municant‚
333 1490 381 1526 et
404 1489 665 1526 montanos
690 1496 751 1525 ac
782 1479 1124 1525 laurentianos
1149 1479 1209 1523 ad
1236 1478 1411 1523 eadem
1446 1478 1671 1534 frequen-

4 1553 15 1602 ἷ.
42 1558 190 1604 tanda
225 1567 542 1604 sacramenta
577 1559 828 1614 inducunt,
862 1569 908 1603 et
933 1556 1063 1614 quod
1100 1556 1244 1601 ualde
1280 1556 1417 1601 multi
1443 1555 1585 1601 exiis
1610 1555 1672 1600 ad

3 1608 19 1705 ξ
44 1634 345 1682 Societatem
380 1636 621 1693 aspirant.
650 1635 982 1681 Conuictores
1016 1645 1126 1679 sunt
1164 1633 1374 1690 plurimi,
1403 1633 1593 1678 nobiles
1624 1642 1671 1677 et

10 1719 339 1771 {magnorum
383 1714 606 1759 uirorum
650 1712 747 1758 filii.
796 1711 978 1757 Sumus
1024 1711 1153 1757 domi
1191 1711 1249 1756 30
1293 1718 1328 1756 ἃ.
1376 1711 1452 1756 De
1496 1711 1673 1755 horum

43 1791 259 1837 bonitate
299 1791 453 1836 multa
492 1790 699 1836 dicenda
738 1789 917 1835 forent.
956 1788 1141 1835 Omnes
1182 1788 1419 1845 peculiari
1461 1788 1672 1844 quodam

43 1868 184 1914 modo
229 1884 258 1913 a
303 1868 411 1914 Deo
456 1869 518 1914 ad
563 1884 653 1913 nos
697 1868 874 1913 missos
918 1867 1154 1913 arbitror.
1198 1866 1272 1911 Ne
1312 1881 1438 1911 unus
1478 1865 1671 1922 quidem

43 1960 213 1992 eorum
248 1947 406 1991 malus
441 1956 531 1992 est:
559 1962 655 1991 non
690 1945 836 1992 aliter
870 1945 1042 1990 uiuunt
1077 1953 1125 1990 et
1159 1945 1204 1989 in
1241 1959 1515 2000 prauarum
1550 1942 1672 1987 affe-

15 2023 253 2069 ctionum
276 2023 738 2070 mortificationibus
773 2039 826 2068 se
861 2031 1100 2068 exercent
1125 2037 1272 2078 quam
1307 2021 1346 2066 si
1382 2021 1479 2066 iam
1505 2020 1671 2065 Socie-

16 2091 20 2094 ’
45 2102 161 2147 tatis
186 2101 204 2128 b
229 2111 410 2147 essent.

24 2228 29 2242 Ι
99 2179 143 2225 4.
209 2179 271 2224 D.
318 2179 572 2232 Andreas,
619 2179 944 2224 concionator
990 2176 1359 2233 menningensis
1407 2175 1481 2232 [Β]
1528 2189 1670 2230 quem

0 2254 103 2322 QR.
130 2255 181 2301 P.
206 2256 501 2302 Leonardus
536 2256 581 2301 in
616 2256 789 2301 itinere
822 2271 911 2301 suo
946 2271 1153 2300 romano
1189 2254 1412 2299 lucratus
1444 2261 1518 2297 est
1544 2251 1668 2307 Deo,

23 2298 132 2390 iqui
151 2348 269 2379 enm
295 2333 553 2379 Colom'mn
585 2334 890 2382 subsecutus
924 2336 1014 2389 est,
1042 2332 1132 2390 qui
1152 2332 1233 2376 ln'c
1257 2330 1448 2386 optime
1482 2329 1671 2373 exerci-

2 2410 6 2415 “
28 2410 114 2456 tia
131 2410 274 2468 fecit,
300 2411 382 2456 lzz'c
404 2411 448 2456 in
475 2411 552 2457 die
576 2410 965 2456 circumcisionis
990 2409 1205 2463 Domini,
1234 2408 1279 2453 in
1306 2407 1433 2452 festo
1465 2405 1672 2450 nominis

2 2485 168 2546 Iesu,
195 2488 240 2533 in
265 2489 503 2545 principio
528 2489 641 2534 noui
665 2488 796 2544 anni,
825 2502 1007 2533 nouum
1039 2502 1091 2532 se
1116 2486 1234 2532 fecit
1258 2484 1548 2540 discipulum
1574 2483 1671 2528 dul-

0 2566 3 2572 ’
43 2564 222 2611 cissimi
246 2566 371 2612 Iesu.
400 2566 618 2612 Primum
652 2565 919 2612 Societatis
954 2574 1124 2611 uotum
1150 2573 1252 2609 tum
1278 2563 1419 2607 nobis
1443 2561 1672 2606 omnibus

0 2643 374 2690 ‚nescientibus
418 2645 576 2702 uouit;
625 2644 791 2701 sicque
836 2643 1049 2689 fratrum
1095 2651 1380 2687 nostrorum
1438 2654 1673 2684 numerus

23 2810 33 2818 μ
90 2829 107 2850 a
151 2824 268 2871 Seqq.
290 2825 441 2872 aliqua
468 2836 536 2861 vv.
566 2825 620 2861 ab
647 2827 835 2867 auctore,
865 2827 914 2860 ut
939 2822 1128 2865 videtur,
1154 2821 1290 2867 plane
1316 2819 1470 2857 deleta.
1530 2838 1550 2842 ’ν
1573 2819 1590 2845 b
1623 2818 1672 2854 de

0 2893 2 2911 ¹
23 2884 25 2886 ’
46 2883 246 2921 ocietate
265 2890 413 2921 nostra.

35 3087 38 3090 .
93 3053 104 3073 ¹
152 3053 323 3091 Indicari
344 3053 502 3089 videtur
522 3052 626 3088 liber
648 3051 732 3088 «De
753 3050 977 3087 imitatione
999 3048 1187 3092 Christiu,
1211 3047 1357 3094 joanni
1383 3047 1559 3084 Gersoni
1579 3046 1673 3083 olim

3 3125 10 3147 ι
31 3111 308 3154 ᾶῖιιᾱὶεῆῒῑις.
