1900 3380
466 298 853 336 209.—V1ND0130NA
879 298 919 334 31
952 297 1157 335 Ocrosms
1187 297 1277 339 1558
1570 296 1636 333 861

61 399 421 457 susceptionem
445 399 640 446 diuinae
665 399 910 446 Maiestati
935 399 1125 457 obtulit,
1148 410 1195 445 et
1219 408 1393 457 postea
1417 399 1463 444 in
1488 397 1686 455 scriptis

62 492 122 523 ea
145 476 330 523 rectori
355 477 558 522 tradidit
583 478 614 523 ¹.

124 554 191 599 11.
259 553 546 611 Coeperunt
571 554 721 600 etiam
744 554 932 600 fratres
955 554 1037 600 alii
1061 569 1123 600 ex
1147 553 1459 600 ordinatione
1490 552 1602 598 Rdi.
1630 551 1683 598 P.

62 632 380 690 prouincialis
403 632 680 689 spiritualia
699 632 941 678 exercitia
965 632 1150 678 facere.
1174 631 1302 677 Nam
1326 631 1469 677 huius
1488 631 1687 676 videba-

60 718 142 755 tur
165 725 274 756 esse
297 709 444 755 animi
469 719 521 755 vt
544 725 743 766 semper
765 709 940 767 aliquis
965 709 1011 754 in
1035 709 1139 754 istis
1163 718 1515 766 occuparetur.
1542 707 1688 753 Dice-

63 787 148 832 bat
172 786 299 832 enim
331 786 459 844 quod
495 787 905 844 quemadmodum
931 786 1084 832 Rdus.
1112 786 1166 832 P.
1194 787 1253 832 N.
1280 794 1486 832 sanctae
1510 800 1688 830 memo-

63 862 183 920 riae,
208 863 449 922 Ignatius,
476 880 564 921 per
598 865 748 910 hasce
772 864 1117 910 meditationes
1140 879 1283 910 suum
1308 864 1441 909 illum
1466 863 1691 920 spiritum

62 940 325 998 hausisset,
357 941 426 988 ita
458 942 633 998 procul
666 941 812 987 dubio
847 941 1031 987 eisdem
1067 941 1238 986 mediis
1272 941 1412 987 nobis
1446 940 1551 986 eius
1583 938 1692 985 filiis

64 1018 273 1064 eundem
307 1017 456 1064 etiam
491 1018 715 1077 spiritum
754 1018 1139 1076 impartiendum
1179 1033 1304 1076 esse,
1341 1018 1486 1064 modo
1520 1016 1692 1063 sedulo

63 1111 175 1141 eum
200 1111 503 1152 quaeramus
526 1105 575 1142 et
598 1095 950 1153 longanimiter
974 1104 1312 1152 expectemus.

127 1172 195 1220 12.
261 1173 562 1219 Adduxerat
584 1173 679 1219 huc
702 1188 870 1219 secum
894 1172 1023 1218 idem
1047 1172 1215 1219 Rdus.
1243 1171 1296 1217 P.
1330 1171 1391 1216 D.
1420 1170 1691 1216 Theodori-

65 1267 175 1298 cum
210 1252 688 1298 amsterdamensem
715 1252 730 1276 ²
750 1261 802 1297 vt
826 1250 916 1296 sibi
951 1250 997 1296 in
1023 1245 1436 1308 ¹peregrinatione
1460 1248 1689 1305 polonica

64 1344 230 1375 comes
255 1338 400 1375 esset.
429 1329 624 1375 Verum
647 1329 791 1374 aliter
814 1344 927 1374 cum
951 1344 1011 1374 eo
1035 1328 1200 1374 diuina
1224 1327 1328 1384 egit
1351 1325 1686 1384 prouidentia.

66 1406 308 1453 Postridie
332 1406 459 1452 enim
484 1422 632 1464 quam
662 1406 756 1452 huc
785 1421 935 1452 sanus
959 1414 1007 1452 et
1029 1404 1288 1451 incolumis
1311 1404 1599 1461 appulisset,
1626 1402 1695 1449 fe-

66 1485 141 1531 bri
165 1495 426 1543 correptus
449 1494 524 1531 est
548 1484 833 1530 acutissima
858 1484 924 1530 ita
949 1492 1002 1529 vt
1025 1483 1195 1540 spacio
1234 1482 1287 1528 12
1320 1482 1512 1528 dierum
1536 1495 1654 1527 enm
1680 1486 1698 1508 ²

64 1563 426 1620 consumpserit
459 1571 507 1608 et
539 1561 821 1608 extinxerit.
849 1561 926 1607 De
949 1560 1092 1607 huius
1117 1560 1220 1607 vita
1255 1570 1303 1606 et
1338 1568 1501 1606 morte
1525 1568 1689 1605 tacen-

64 1640 179 1686 dum
212 1640 375 1698 potius
409 1639 521 1685 mihi
556 1655 703 1697 quam
737 1639 1051 1685 scribendum
1084 1637 1267 1695 aliquid
1301 1647 1436 1695 put0.
1474 1636 1601 1683 Nam
1635 1651 1695 1682 ea

66 1718 157 1764 fuit
179 1718 320 1764 huius
344 1717 397 1764 Ρ.
432 1718 491 1763 Ν.
518 1726 621 1763 tum
656 1717 703 1762 in
737 1717 839 1763 vita
873 1726 977 1762 tum
1010 1716 1057 1762 in
1091 1725 1253 1762 morte
1287 1714 1618 1762 sanctimonia
1641 1723 1696 1760 vt

65 1811 178 1842 cum
201 1796 370 1842 verbis
393 1796 563 1842 laudes
598 1795 703 1841 eius
737 1810 1026 1851 exaequare
1060 1809 1157 1839 non
1193 1793 1394 1851 possim,
1421 1794 1696 1839 obscurare

64 1873 230 1924 verius
270 1889 418 1931 quarn
456 1872 732 1919 clarissima
771 1872 866 1918 Dei
905 1872 952 1918 in
990 1871 1097 1929 ipso
1135 1871 1264 1917 dona
1303 1871 1555 1916 illustrare
1597 1884 1696 1915 me·

67 1960 220 1998 tuam.
247 1951 375 1997 Noui
399 1966 512 1997 eum
536 1949 746 1996 Louanii
770 1949 872 2007 (vbi
896 1960 944 1995 et
966 1949 1013 1995 in
1037 1947 1386 2006 philosophicis
1410 1946 1584 1993 studiis
1606 1946 1696 1992 fui-

70 2044 178 2074 mus
216 2028 610 2085 commilitones).
647 2026 969 2084 Singularem
1007 2042 1206 2084 semper
1239 2041 1361 2083 prae
1393 2040 1445 2070 se
1469 2024 1576 2070 tulit
1600 2024 1698 2070 iam

69 2105 180 2152 inde
213 2107 278 2152 ab
316 2106 453 2152 initio
488 2120 599 2151 cum
631 2105 906 2151 humilitate
936 2104 1255 2150 coniunctam
1284 2103 1538 2161 pietatem,
1573 2110 1622 2147 et
1651 2101 1699 2147 in

71 2183 244 2229 studiis
267 2182 461 2241 quidem
484 2182 832 2240 philosophicis
860 2191 1053 2228 tantum
1092 2180 1304 2227 Louanii
1345 2178 1609 2237 promouit,
1647 2187 1701 2224 vt

72 2261 288 2307 omnium
312 2260 714 2307 examinatorum
733 2260 951 2306 vnanimi
971 2274 1215 2306 consensu
1239 2258 1425 2315 primas
1444 2256 1548 2314 ipse
1572 2256 1701 2302 inter

73 2354 243 2385 omnes
267 2338 485 2384 eiusdem
509 2338 654 2384 studii
683 2337 847 2384 socios
880 2337 1028 2383 facile
1062 2335 1346 2382 obtinuerit.
1375 2333 1565 2380 Deinde
1590 2348 1700 2380 cum

72 2424 306 2473 parentes
330 2416 473 2473 (quos
495 2415 666 2461 habuit
688 2424 736 2461 et
759 2415 996 2461 natalium
1031 2413 1294 2471 splendore
1328 2426 1424 2457 non
1458 2412 1702 2457 obscuros

73 2502 121 2538 et
159 2493 410 2539 consulari
448 2493 597 2538 etiam
635 2492 875 2550 dignitate
907 2491 1154 2538 sublimes
1185 2490 1224 2549 b)
1255 2505 1384 2547 cum,
1412 2489 1628 2546 inquam,
1656 2487 1702 2533 hi

75 2570 258 2616 vellent
291 2579 345 2616 vt
382 2569 802 2628 jurisprudentiae
834 2585 1041 2628 operam
1074 2568 1235 2623 daret,
1272 2567 1476 2623 eiusque
1514 2566 1704 2612 animus

123 2743 142 2765 ἃ
193 2737 279 2775 eius
297 2749 454 2785 corpus.
507 2736 574 2765 -b
601 2737 746 2775 claros.

126 2896 136 2916 ¹
187 2895 335 2932 Frater
352 2894 401 2932 de
420 2907 498 2942 quo
516 2894 579 2931 hic
597 2894 734 2941 agitur
751 2893 826 2930 fuit
843 2892 1117 2930 Wendelinus
1137 2891 1350 2938 volemus,
1371 2896 1416 2929 ut
1440 2891 1526 2939 ipse
1556 2890 1597 2928 in
1624 2891 1708 2938 epi-

76 2955 180 2992 stola
198 2955 249 2992 ad
266 2954 457 2992 Lainium
476 2954 570 2991 data
595 2953 759 2991 fatetur.
790 2952 855 2991 Cf.
889 2952 1044 2990 Laz‘m'i
1074 2952 1286 2997 Monmn.,
1319 2950 1404 2996 111..
1437 2950 1520 2988 572.
1554 2950 1704 2988 Postea

78 3019 265 3052 constans
284 3019 325 3052 et
343 3014 521 3051 virtuose
539 3013 581 3050 in
598 3014 809 3051 vocatione
825 3012 1119 3060 perseveravit.
1151 3010 1217 3049 Cf.
1245 3011 1606 3056 BRAUNSBERGER,
1628 3011 1705 3047 loc.

78 3075 161 3118 cit.‚
180 3074 354 3112 308-309.

127 3134 141 3154 ²
190 3134 283 3172 Dici
302 3134 425 3171 etiam
443 3133 547 3171 solet
564 3132 840 3171 Theodorieus
859 3132 993 3181 Major
1011 3137 1052 3169 et
1070 3131 1225 3169 Theod.
1246 3130 1437 3177 Gerardi,
1467 3130 1707 3168 Geeraerts.
