<?xml version="1.0" encoding="UTF-8"?>
<!DOCTYPE html PUBLIC "-//W3C//DTD XHTML 1.0 Transitional//EN"
    "http://www.w3.org/TR/xhtml1/DTD/xhtml1-transitional.dtd">
<html xmlns="http://www.w3.org/1999/xhtml" xml:lang="en" lang="en">
 <head>
  <title>
</title>
<meta http-equiv="Content-Type" content="text/html;charset=utf-8" />
  <meta name='ocr-system' content='tesseract 3.04.00' />
  <meta name='ocr-capabilities' content='ocr_page ocr_carea ocr_par ocr_line ocrx_word'/>
</head>
<body>
  <div class='ocr_page' id='page_1' title='image "./litteraequadrime1705lain_0566.png"; bbox 0 0 1909 3328; ppageno 0'>
   <div class='ocr_carea' id='block_1_1' title="bbox 243 264 1317 310">
    <p class='ocr_par' dir='ltr' id='par_1_1' title="bbox 243 264 1317 310">
     <span class='ocr_line' id='line_1_1' title="bbox 243 264 1317 310; baseline 0.005 -13"><span class='ocrx_word' id='word_1_1' title='bbox 243 264 310 299; x_wconf 52' lang='lat'>321</span> <span class='ocrx_word' id='word_1_2' title='bbox 720 264 935 302; x_wconf 73' lang='lat' dir='ltr'>LITTERAE</span> <span class='ocrx_word' id='word_1_3' title='bbox 964 266 1265 310; x_wconf 70' lang='lat' dir='ltr'><strong>QUADRIMESTR</strong></span> <span class='ocrx_word' id='word_1_4' title='bbox 1273 277 1317 302; x_wconf 80' lang='lat' dir='ltr'>Es</span> 
     </span>
    </p>
   </div>
   <div class='ocr_carea' id='block_1_2' title="bbox 198 359 1885 2970">
    <p class='ocr_par' dir='ltr' id='par_1_2' title="bbox 198 359 1836 1966">
     <span class='ocr_line' id='line_1_2' title="bbox 198 359 1823 416; baseline 0.003 -13"><span class='ocrx_word' id='word_1_5' title='bbox 198 359 440 411; x_wconf 80' lang='lat' dir='ltr'>amabilis,</span> <span class='ocrx_word' id='word_1_6' title='bbox 469 359 594 414; x_wconf 89' lang='lat' dir='ltr'>quod</span> <span class='ocrx_word' id='word_1_7' title='bbox 622 360 682 404; x_wconf 89' lang='lat' dir='ltr'>ad</span> <span class='ocrx_word' id='word_1_8' title='bbox 708 361 995 405; x_wconf 85' lang='lat' dir='ltr'>excitandos</span> <span class='ocrx_word' id='word_1_9' title='bbox 1020 361 1078 405; x_wconf 88' lang='lat' dir='ltr'>ad</span> <span class='ocrx_word' id='word_1_10' title='bbox 1106 361 1338 416; x_wconf 89' lang='lat' dir='ltr'>pietatem</span> <span class='ocrx_word' id='word_1_11' title='bbox 1374 379 1558 415; x_wconf 81' lang='lat' dir='ltr'>omnes,</span> <span class='ocrx_word' id='word_1_12' title='bbox 1588 374 1631 407; x_wconf 86' lang='lat' dir='ltr'>et</span> <span class='ocrx_word' id='word_1_13' title='bbox 1658 364 1716 407; x_wconf 90' lang='lat' dir='ltr'>ad</span> <span class='ocrx_word' id='word_1_14' title='bbox 1745 380 1823 409; x_wconf 89' lang='lat' dir='ltr'>res</span> 
     </span>
     <span class='ocr_line' id='line_1_3' title="bbox 200 437 1823 495; baseline 0.003 -15"><span class='ocrx_word' id='word_1_15' title='bbox 200 437 414 481; x_wconf 85' lang='lat' dir='ltr'>maiores</span> <span class='ocrx_word' id='word_1_16' title='bbox 440 437 627 481; x_wconf 82' lang='lat' dir='ltr'>maiore</span> <span class='ocrx_word' id='word_1_17' title='bbox 657 453 766 482; x_wconf 87' lang='lat' dir='ltr'>curn</span> <span class='ocrx_word' id='word_1_18' title='bbox 803 438 1046 483; x_wconf 72' lang='lat' dir='ltr'>charitate</span> <span class='ocrx_word' id='word_1_19' title='bbox 1081 439 1457 485; x_wconf 84' lang='lat' dir='ltr'>exsuscitandos</span> <span class='ocrx_word' id='word_1_20' title='bbox 1491 451 1538 484; x_wconf 86' lang='lat' dir='ltr'>et</span> <span class='ocrx_word' id='word_1_21' title='bbox 1573 441 1633 485; x_wconf 89' lang='lat' dir='ltr'>ad</span> <span class='ocrx_word' id='word_1_22' title='bbox 1669 441 1823 495; x_wconf 86' lang='lat' dir='ltr'>pristi-</span> 
     </span>
     <span class='ocr_line' id='line_1_4' title="bbox 200 513 1821 579; baseline 0.003 -22"><span class='ocrx_word' id='word_1_23' title='bbox 200 529 311 558; x_wconf 90' lang='lat' dir='ltr'>nam</span> <span class='ocrx_word' id='word_1_24' title='bbox 348 513 591 558; x_wconf 89' lang='lat' dir='ltr'>maiorum</span> <span class='ocrx_word' id='word_1_25' title='bbox 627 523 910 559; x_wconf 90' lang='lat' dir='ltr'>nostrorum</span> <span class='ocrx_word' id='word_1_26' title='bbox 947 515 1141 559; x_wconf 83' lang='lat' dir='ltr'>viuendi</span> <span class='ocrx_word' id='word_1_27' title='bbox 1172 516 1384 560; x_wconf 88' lang='lat' dir='ltr'>formam</span> <span class='ocrx_word' id='word_1_28' title='bbox 1419 517 1724 562; x_wconf 81' lang='lat' dir='ltr'>reducendos</span> <span class='ocrx_word' id='word_1_29' title='bbox 1760 518 1821 579; x_wconf 84' lang='lat' dir='ltr'>vi—</span> 
     </span>
     <span class='ocr_line' id='line_1_5' title="bbox 201 590 1824 649; baseline 0.004 -16"><span class='ocrx_word' id='word_1_30' title='bbox 201 590 377 635; x_wconf 81' lang='lat' dir='ltr'>deatur</span> <span class='ocrx_word' id='word_1_31' title='bbox 412 600 721 646; x_wconf 88' lang='lat' dir='ltr'>comparata.</span> <span class='ocrx_word' id='word_1_32' title='bbox 759 591 871 648; x_wconf 83' lang='lat' dir='ltr'>Qua</span> <span class='ocrx_word' id='word_1_33' title='bbox 906 593 949 636; x_wconf 92' lang='lat' dir='ltr'>in</span> <span class='ocrx_word' id='word_1_34' title='bbox 987 608 1039 636; x_wconf 86' lang='lat' dir='ltr'>re</span> <span class='ocrx_word' id='word_1_35' title='bbox 1080 601 1127 637; x_wconf 78' lang='lat' dir='ltr'>vt</span> <span class='ocrx_word' id='word_1_36' title='bbox 1161 608 1344 649; x_wconf 87' lang='lat' dir='ltr'>magno</span> <span class='ocrx_word' id='word_1_37' title='bbox 1380 609 1488 638; x_wconf 90' lang='lat' dir='ltr'>cum</span> <span class='ocrx_word' id='word_1_38' title='bbox 1524 594 1686 648; x_wconf 88' lang='lat' dir='ltr'>animi,</span> <span class='ocrx_word' id='word_1_39' title='bbox 1724 603 1824 639; x_wconf 90' lang='lat' dir='ltr'>tum</span> 
     </span>
     <span class='ocr_line' id='line_1_6' title="bbox 201 667 1825 725; baseline 0.002 -13"><span class='ocrx_word' id='word_1_40' title='bbox 201 667 348 713; x_wconf 85' lang='lat' dir='ltr'>etiam</span> <span class='ocrx_word' id='word_1_41' title='bbox 374 667 600 723; x_wconf 89' lang='lat' dir='ltr'>corporis</span> <span class='ocrx_word' id='word_1_42' title='bbox 625 669 796 713; x_wconf 88' lang='lat' dir='ltr'>labore</span> <span class='ocrx_word' id='word_1_43' title='bbox 821 678 868 714; x_wconf 91' lang='lat' dir='ltr'>et</span> <span class='ocrx_word' id='word_1_44' title='bbox 892 669 1199 714; x_wconf 74' lang='lat' dir='ltr'>solicitudine</span> <span class='ocrx_word' id='word_1_45' title='bbox 1224 669 1474 725; x_wconf 72' lang='lat' dir='ltr'>prefectus</span> <span class='ocrx_word' id='word_1_46' title='bbox 1506 670 1655 716; x_wconf 79' lang='lat' dir='ltr'>Pater</span> <span class='ocrx_word' id='word_1_47' title='bbox 1683 670 1688 692; x_wconf 84' lang='lat'><em>¹</em></span> <span class='ocrx_word' id='word_1_48' title='bbox 1721 686 1825 716; x_wconf 84' lang='lat' dir='ltr'>ver-</span> 
     </span>
     <span class='ocr_line' id='line_1_7' title="bbox 200 745 1824 804; baseline 0.002 -15"><span class='ocrx_word' id='word_1_49' title='bbox 200 754 356 790; x_wconf 84' lang='lat' dir='ltr'>satur:</span> <span class='ocrx_word' id='word_1_50' title='bbox 385 745 452 789; x_wconf 91' lang='lat' dir='ltr'>ita</span> <span class='ocrx_word' id='word_1_51' title='bbox 476 760 570 789; x_wconf 93' lang='lat' dir='ltr'>non</span> <span class='ocrx_word' id='word_1_52' title='bbox 598 746 895 791; x_wconf 74' lang='lat' dir='ltr'>mediocrem</span> <span class='ocrx_word' id='word_1_53' title='bbox 921 746 1146 802; x_wconf 88' lang='lat' dir='ltr'>profecto</span> <span class='ocrx_word' id='word_1_54' title='bbox 1170 746 1386 792; x_wconf 89' lang='lat' dir='ltr'>fructum</span> <span class='ocrx_word' id='word_1_55' title='bbox 1412 763 1473 792; x_wconf 82' lang='lat' dir='ltr'>ex</span> <span class='ocrx_word' id='word_1_56' title='bbox 1498 764 1556 792; x_wconf 90' lang='lat' dir='ltr'>eo</span> <span class='ocrx_word' id='word_1_57' title='bbox 1589 757 1824 804; x_wconf 78' lang='lat' dir='ltr'>reportat,</span> 
     </span>
     <span class='ocr_line' id='line_1_8' title="bbox 202 823 1828 881; baseline 0.002 -15"><span class='ocrx_word' id='word_1_58' title='bbox 202 832 253 867; x_wconf 87' lang='lat' dir='ltr'>vt</span> <span class='ocrx_word' id='word_1_59' title='bbox 278 837 404 867; x_wconf 86' lang='lat' dir='ltr'>vnus</span> <span class='ocrx_word' id='word_1_60' title='bbox 429 838 518 878; x_wconf 88' lang='lat' dir='ltr'>pro</span> <span class='ocrx_word' id='word_1_61' title='bbox 543 823 765 868; x_wconf 87' lang='lat' dir='ltr'>omnibus</span> <span class='ocrx_word' id='word_1_62' title='bbox 790 824 982 880; x_wconf 87' lang='lat' dir='ltr'>quidem</span> <span class='ocrx_word' id='word_1_63' title='bbox 1010 824 1147 868; x_wconf 88' lang='lat' dir='ltr'>nobis</span> <span class='ocrx_word' id='word_1_64' title='bbox 1171 824 1263 869; x_wconf 87' lang='lat' dir='ltr'>hac</span> <span class='ocrx_word' id='word_1_65' title='bbox 1289 824 1333 868; x_wconf 92' lang='lat' dir='ltr'>in</span> <span class='ocrx_word' id='word_1_66' title='bbox 1360 833 1502 881; x_wconf 89' lang='lat' dir='ltr'>parte</span> <span class='ocrx_word' id='word_1_67' title='bbox 1537 824 1828 871; x_wconf 77' lang='lat' dir='ltr'>satisfacere</span> 
     </span>
     <span class='ocr_line' id='line_1_9' title="bbox 203 899 1829 959; baseline 0.002 -16"><span class='ocrx_word' id='word_1_68' title='bbox 203 899 432 944; x_wconf 82' lang='lat' dir='ltr'>videatur</span> <span class='ocrx_word' id='word_1_69' title='bbox 477 900 529 955; x_wconf 85' lang='lat' dir='ltr'>(a</span> <span class='ocrx_word' id='word_1_70' title='bbox 577 901 725 945; x_wconf 85' lang='lat' dir='ltr'>rebus</span> <span class='ocrx_word' id='word_1_71' title='bbox 771 901 896 945; x_wconf 86' lang='lat' dir='ltr'>enim</span> <span class='ocrx_word' id='word_1_72' title='bbox 942 901 1032 945; x_wconf 84' lang='lat' dir='ltr'>illis</span> <span class='ocrx_word' id='word_1_73' title='bbox 1082 901 1314 957; x_wconf 89' lang='lat' dir='ltr'>gerendis</span> <span class='ocrx_word' id='word_1_74' title='bbox 1359 911 1406 946; x_wconf 91' lang='lat' dir='ltr'>et</span> <span class='ocrx_word' id='word_1_75' title='bbox 1449 917 1539 957; x_wconf 90' lang='lat' dir='ltr'>pro</span> <span class='ocrx_word' id='word_1_76' title='bbox 1590 902 1829 959; x_wconf 85' lang='lat' dir='ltr'>dignitate</span> 
     </span>
     <span class='ocr_line' id='line_1_10' title="bbox 202 976 1830 1036; baseline 0.003 -17"><span class='ocrx_word' id='word_1_77' title='bbox 202 977 440 1022; x_wconf 82' lang='lat' dir='ltr'>obeundis</span> <span class='ocrx_word' id='word_1_78' title='bbox 464 976 625 1022; x_wconf 87' lang='lat' dir='ltr'>studia</span> <span class='ocrx_word' id='word_1_79' title='bbox 651 978 907 1023; x_wconf 88' lang='lat' dir='ltr'>literarum</span> <span class='ocrx_word' id='word_1_80' title='bbox 943 994 1049 1023; x_wconf 84' lang='lat' dir='ltr'>cum</span> <span class='ocrx_word' id='word_1_81' title='bbox 1087 978 1366 1024; x_wconf 85' lang='lat' dir='ltr'>obedientia</span> <span class='ocrx_word' id='word_1_82' title='bbox 1400 987 1565 1024; x_wconf 87' lang='lat' dir='ltr'>tamen</span> <span class='ocrx_word' id='word_1_83' title='bbox 1601 989 1830 1036; x_wconf 86' lang='lat' dir='ltr'>suscepta</span> 
     </span>
     <span class='ocr_line' id='line_1_11' title="bbox 203 1055 1831 1111; baseline 0.002 -13"><span class='ocrx_word' id='word_1_84' title='bbox 203 1069 290 1098; x_wconf 86' lang='lat' dir='ltr'>nos</span> <span class='ocrx_word' id='word_1_85' title='bbox 315 1056 566 1109; x_wconf 77' lang='lat' dir='ltr'>auocant);</span> <span class='ocrx_word' id='word_1_86' title='bbox 593 1070 685 1100; x_wconf 92' lang='lat' dir='ltr'>nec</span> <span class='ocrx_word' id='word_1_87' title='bbox 710 1055 836 1100; x_wconf 83' lang='lat' dir='ltr'>enirn</span> <span class='ocrx_word' id='word_1_88' title='bbox 866 1056 961 1100; x_wconf 83' lang='lat' dir='ltr'>vlla</span> <span class='ocrx_word' id='word_1_89' title='bbox 989 1056 1229 1111; x_wconf 83' lang='lat' dir='ltr'>praeterit</span> <span class='ocrx_word' id='word_1_90' title='bbox 1259 1056 1361 1100; x_wconf 85' lang='lat' dir='ltr'>dies</span> <span class='ocrx_word' id='word_1_91' title='bbox 1396 1056 1508 1101; x_wconf 89' lang='lat' dir='ltr'>dum</span> <span class='ocrx_word' id='word_1_92' title='bbox 1545 1056 1590 1100; x_wconf 93' lang='lat' dir='ltr'>in</span> <span class='ocrx_word' id='word_1_93' title='bbox 1625 1056 1831 1101; x_wconf 89' lang='lat' dir='ltr'>diuersis</span> 
     </span>
     <span class='ocr_line' id='line_1_12' title="bbox 206 1131 1829 1190; baseline 0.002 -15"><span class='ocrx_word' id='word_1_94' title='bbox 206 1131 337 1176; x_wconf 84' lang='lat' dir='ltr'>vrbis</span> <span class='ocrx_word' id='word_1_95' title='bbox 361 1132 606 1188; x_wconf 82' lang='lat' dir='ltr'>parisiace</span> <span class='ocrx_word' id='word_1_96' title='bbox 631 1134 823 1189; x_wconf 86' lang='lat' dir='ltr'>templis</span> <span class='ocrx_word' id='word_1_97' title='bbox 847 1133 1183 1178; x_wconf 87' lang='lat' dir='ltr'>confessiones</span> <span class='ocrx_word' id='word_1_98' title='bbox 1213 1134 1404 1190; x_wconf 88' lang='lat' dir='ltr'>piarum</span> <span class='ocrx_word' id='word_1_99' title='bbox 1436 1133 1696 1190; x_wconf 86' lang='lat' dir='ltr'>presertim</span> <span class='ocrx_word' id='word_1_100' title='bbox 1733 1150 1829 1179; x_wconf 88' lang='lat' dir='ltr'>mu-</span> 
     </span>
     <span class='ocr_line' id='line_1_13' title="bbox 204 1208 1832 1268; baseline 0.002 -16"><span class='ocrx_word' id='word_1_101' title='bbox 204 1208 375 1254; x_wconf 88' lang='lat' dir='ltr'>lierum</span> <span class='ocrx_word' id='word_1_102' title='bbox 400 1220 448 1255; x_wconf 92' lang='lat' dir='ltr'>et</span> <span class='ocrx_word' id='word_1_103' title='bbox 472 1211 747 1266; x_wconf 83' lang='lat' dir='ltr'>puellarum</span> <span class='ocrx_word' id='word_1_104' title='bbox 774 1211 925 1263; x_wconf 86' lang='lat' dir='ltr'>audit,</span> <span class='ocrx_word' id='word_1_105' title='bbox 954 1210 996 1255; x_wconf 84' lang='lat' dir='ltr'>in</span> <span class='ocrx_word' id='word_1_106' title='bbox 1024 1227 1119 1267; x_wconf 87' lang='lat' dir='ltr'>qua</span> <span class='ocrx_word' id='word_1_107' title='bbox 1147 1226 1237 1255; x_wconf 90' lang='lat' dir='ltr'>non</span> <span class='ocrx_word' id='word_1_108' title='bbox 1265 1211 1507 1268; x_wconf 87' lang='lat' dir='ltr'>quaedam</span> <span class='ocrx_word' id='word_1_109' title='bbox 1534 1226 1661 1268; x_wconf 90' lang='lat' dir='ltr'>quae</span> <span class='ocrx_word' id='word_1_110' title='bbox 1686 1220 1832 1256; x_wconf 84' lang='lat' dir='ltr'>antea</span> 
     </span>
     <span class='ocr_line' id='line_1_14' title="bbox 204 1287 1833 1342; baseline 0.001 -11"><span class='ocrx_word' id='word_1_111' title='bbox 204 1287 379 1332; x_wconf 76' lang='lat' dir='ltr'>solitae</span> <span class='ocrx_word' id='word_1_112' title='bbox 424 1303 516 1332; x_wconf 90' lang='lat' dir='ltr'>non</span> <span class='ocrx_word' id='word_1_113' title='bbox 564 1297 721 1342; x_wconf 80' lang='lat' dir='ltr'>erant,</span> <span class='ocrx_word' id='word_1_114' title='bbox 770 1289 831 1333; x_wconf 88' lang='lat' dir='ltr'>ad</span> <span class='ocrx_word' id='word_1_115' title='bbox 876 1288 1237 1333; x_wconf 84' lang='lat' dir='ltr'>confessionem</span> <span class='ocrx_word' id='word_1_116' title='bbox 1283 1289 1541 1333; x_wconf 87' lang='lat' dir='ltr'>accedant.</span> <span class='ocrx_word' id='word_1_117' title='bbox 1590 1288 1833 1333; x_wconf 87' lang='lat' dir='ltr'>Numerus</span> 
     </span>
     <span class='ocr_line' id='line_1_15' title="bbox 205 1365 1833 1423; baseline 0.001 -13"><span class='ocrx_word' id='word_1_118' title='bbox 205 1374 371 1410; x_wconf 83' lang='lat' dir='ltr'>autem</span> <span class='ocrx_word' id='word_1_119' title='bbox 397 1365 732 1411; x_wconf 87' lang='lat' dir='ltr'>confitentium</span> <span class='ocrx_word' id='word_1_120' title='bbox 756 1382 909 1423; x_wconf 88' lang='lat' dir='ltr'>prope</span> <span class='ocrx_word' id='word_1_121' title='bbox 934 1367 1090 1411; x_wconf 87' lang='lat' dir='ltr'>maior</span> <span class='ocrx_word' id='word_1_122' title='bbox 1115 1376 1188 1411; x_wconf 91' lang='lat' dir='ltr'>est</span> <span class='ocrx_word' id='word_1_123' title='bbox 1214 1381 1361 1423; x_wconf 87' lang='lat' dir='ltr'>quam</span> <span class='ocrx_word' id='word_1_124' title='bbox 1388 1375 1439 1411; x_wconf 89' lang='lat' dir='ltr'>vt</span> <span class='ocrx_word' id='word_1_125' title='bbox 1463 1375 1610 1423; x_wconf 88' lang='lat' dir='ltr'>queat</span> <span class='ocrx_word' id='word_1_126' title='bbox 1644 1366 1722 1411; x_wconf 89' lang='lat' dir='ltr'>ille</span> <span class='ocrx_word' id='word_1_127' title='bbox 1746 1382 1833 1422; x_wconf 92' lang='lat' dir='ltr'>pro</span> 
     </span>
     <span class='ocr_line' id='line_1_16' title="bbox 206 1444 1834 1500; baseline 0 -12"><span class='ocrx_word' id='word_1_128' title='bbox 206 1444 333 1488; x_wconf 88' lang='lat' dir='ltr'>omni</span> <span class='ocrx_word' id='word_1_129' title='bbox 359 1444 519 1489; x_wconf 86' lang='lat' dir='ltr'>studio</span> <span class='ocrx_word' id='word_1_130' title='bbox 543 1444 854 1490; x_wconf 77' lang='lat' dir='ltr'>satisfacere.</span> <span class='ocrx_word' id='word_1_131' title='bbox 883 1445 1049 1500; x_wconf 65' lang='lat' dir='ltr'>Atque</span> <span class='ocrx_word' id='word_1_132' title='bbox 1080 1444 1190 1489; x_wconf 90' lang='lat' dir='ltr'>illae</span> <span class='ocrx_word' id='word_1_133' title='bbox 1226 1444 1419 1500; x_wconf 89' lang='lat' dir='ltr'>quidem</span> <span class='ocrx_word' id='word_1_134' title='bbox 1454 1445 1498 1489; x_wconf 91' lang='lat' dir='ltr'>in</span> <span class='ocrx_word' id='word_1_135' title='bbox 1533 1444 1625 1489; x_wconf 88' lang='lat' dir='ltr'>Dei</span> <span class='ocrx_word' id='word_1_136' title='bbox 1660 1444 1834 1489; x_wconf 89' lang='lat' dir='ltr'>timore</span> 
     </span>
     <span class='ocr_line' id='line_1_17' title="bbox 206 1521 1835 1578; baseline 0.001 -13"><span class='ocrx_word' id='word_1_137' title='bbox 206 1521 313 1577; x_wconf 88' lang='lat' dir='ltr'>pari</span> <span class='ocrx_word' id='word_1_138' title='bbox 338 1521 583 1567; x_wconf 86' lang='lat' dir='ltr'>charitate</span> <span class='ocrx_word' id='word_1_139' title='bbox 608 1521 926 1577; x_wconf 87' lang='lat' dir='ltr'>inflammate,</span> <span class='ocrx_word' id='word_1_140' title='bbox 960 1531 1006 1566; x_wconf 92' lang='lat' dir='ltr'>et</span> <span class='ocrx_word' id='word_1_141' title='bbox 1041 1521 1298 1577; x_wconf 85' lang='lat' dir='ltr'>proficiunt</span> <span class='ocrx_word' id='word_1_142' title='bbox 1334 1521 1597 1578; x_wconf 88' lang='lat' dir='ltr'>plurimum</span> <span class='ocrx_word' id='word_1_143' title='bbox 1632 1530 1679 1566; x_wconf 91' lang='lat' dir='ltr'>et</span> <span class='ocrx_word' id='word_1_144' title='bbox 1714 1521 1835 1566; x_wconf 88' lang='lat' dir='ltr'>alios</span> 
     </span>
     <span class='ocr_line' id='line_1_18' title="bbox 207 1598 1835 1655; baseline 0 -12"><span class='ocrx_word' id='word_1_145' title='bbox 207 1599 396 1643; x_wconf 87' lang='lat' dir='ltr'>aliasve</span> <span class='ocrx_word' id='word_1_146' title='bbox 441 1599 502 1643; x_wconf 92' lang='lat' dir='ltr'>ad</span> <span class='ocrx_word' id='word_1_147' title='bbox 548 1599 909 1644; x_wconf 88' lang='lat' dir='ltr'>confessionem</span> <span class='ocrx_word' id='word_1_148' title='bbox 951 1599 1202 1655; x_wconf 80' lang='lat' dir='ltr'>instigant.</span> <span class='ocrx_word' id='word_1_149' title='bbox 1251 1598 1527 1644; x_wconf 80' lang='lat' dir='ltr'>Visitandis</span> <span class='ocrx_word' id='word_1_150' title='bbox 1571 1607 1835 1654; x_wconf 88' lang='lat' dir='ltr'>praeterea</span> 
     </span>
     <span class='ocr_line' id='line_1_19' title="bbox 208 1676 1833 1733; baseline 0 -13"><span class='ocrx_word' id='word_1_151' title='bbox 208 1677 554 1732; x_wconf 63' lang='lat' dir='ltr'>egrotantibus</span> <span class='ocrx_word' id='word_1_152' title='bbox 580 1676 733 1733; x_wconf 89' lang='lat' dir='ltr'>iisque</span> <span class='ocrx_word' id='word_1_153' title='bbox 758 1677 998 1733; x_wconf 85' lang='lat' dir='ltr'>spirituali</span> <span class='ocrx_word' id='word_1_154' title='bbox 1029 1677 1367 1722; x_wconf 84' lang='lat' dir='ltr'>consolatione</span> <span class='ocrx_word' id='word_1_155' title='bbox 1398 1676 1685 1722; x_wconf 89' lang='lat' dir='ltr'>recreandis</span> <span class='ocrx_word' id='word_1_156' title='bbox 1719 1691 1833 1721; x_wconf 92' lang='lat' dir='ltr'>nun-</span> 
     </span>
     <span class='ocr_line' id='line_1_20' title="bbox 209 1753 1835 1810; baseline 0 -12"><span class='ocrx_word' id='word_1_157' title='bbox 209 1769 355 1810; x_wconf 84' lang='lat' dir='ltr'>quam</span> <span class='ocrx_word' id='word_1_158' title='bbox 380 1770 473 1799; x_wconf 91' lang='lat' dir='ltr'>non</span> <span class='ocrx_word' id='word_1_159' title='bbox 500 1755 654 1799; x_wconf 89' lang='lat' dir='ltr'>adest.</span> <span class='ocrx_word' id='word_1_160' title='bbox 684 1755 930 1810; x_wconf 83' lang='lat' dir='ltr'>Breuiter,</span> <span class='ocrx_word' id='word_1_161' title='bbox 963 1763 1011 1799; x_wconf 84' lang='lat' dir='ltr'>vt</span> <span class='ocrx_word' id='word_1_162' title='bbox 1036 1754 1207 1810; x_wconf 89' lang='lat' dir='ltr'>paucis</span> <span class='ocrx_word' id='word_1_163' title='bbox 1235 1753 1399 1799; x_wconf 83' lang='lat' dir='ltr'>verbis</span> <span class='ocrx_word' id='word_1_164' title='bbox 1422 1754 1742 1810; x_wconf 82' lang='lat' dir='ltr'>complectar,</span> <span class='ocrx_word' id='word_1_165' title='bbox 1770 1753 1835 1798; x_wconf 90' lang='lat' dir='ltr'>ita</span> 
     </span>
     <span class='ocr_line' id='line_1_21' title="bbox 208 1830 1836 1888; baseline 0 -13"><span class='ocrx_word' id='word_1_166' title='bbox 208 1831 253 1875; x_wconf 93' lang='lat' dir='ltr'>in</span> <span class='ocrx_word' id='word_1_167' title='bbox 279 1832 457 1877; x_wconf 88' lang='lat' dir='ltr'>ceteris</span> <span class='ocrx_word' id='word_1_168' title='bbox 482 1833 686 1877; x_wconf 89' lang='lat' dir='ltr'>multam</span> <span class='ocrx_word' id='word_1_169' title='bbox 717 1847 921 1888; x_wconf 85' lang='lat' dir='ltr'>operam</span> <span class='ocrx_word' id='word_1_170' title='bbox 948 1832 1046 1887; x_wconf 88' lang='lat' dir='ltr'>dat,</span> <span class='ocrx_word' id='word_1_171' title='bbox 1086 1841 1138 1876; x_wconf 85' lang='lat' dir='ltr'>vt</span> <span class='ocrx_word' id='word_1_172' title='bbox 1171 1847 1374 1876; x_wconf 90' lang='lat' dir='ltr'>suorum</span> <span class='ocrx_word' id='word_1_173' title='bbox 1410 1832 1636 1876; x_wconf 85' lang='lat' dir='ltr'>laborum</span> <span class='ocrx_word' id='word_1_174' title='bbox 1670 1830 1836 1876; x_wconf 87' lang='lat' dir='ltr'>irritus</span> 
     </span>
     <span class='ocr_line' id='line_1_22' title="bbox 207 1908 1445 1966; baseline -0.001 -12"><span class='ocrx_word' id='word_1_175' title='bbox 207 1925 303 1954; x_wconf 92' lang='lat' dir='ltr'>non</span> <span class='ocrx_word' id='word_1_176' title='bbox 327 1909 388 1954; x_wconf 91' lang='lat' dir='ltr'>sit</span> <span class='ocrx_word' id='word_1_177' title='bbox 412 1908 622 1965; x_wconf 89' lang='lat' dir='ltr'>fructus,</span> <span class='ocrx_word' id='word_1_178' title='bbox 649 1909 734 1955; x_wconf 87' lang='lat' dir='ltr'>sed</span> <span class='ocrx_word' id='word_1_179' title='bbox 760 1909 959 1955; x_wconf 83' lang='lat' dir='ltr'>maximi</span> <span class='ocrx_word' id='word_1_180' title='bbox 985 1918 1177 1954; x_wconf 91' lang='lat' dir='ltr'>constet</span> <span class='ocrx_word' id='word_1_181' title='bbox 1201 1909 1445 1966; x_wconf 75' lang='lat' dir='ltr'>copiosus</span> 
     </span>
    </p>

    <p class='ocr_par' dir='ltr' id='par_1_3' title="bbox 210 1984 1885 2970">
     <span class='ocr_line' id='line_1_23' title="bbox 268 1984 1836 2042; baseline -0.002 -10"><span class='ocrx_word' id='word_1_182' title='bbox 268 1987 309 2032; x_wconf 79' lang='lat'>2.</span> <span class='ocrx_word' id='word_1_183' title='bbox 377 1987 445 2032; x_wconf 77' lang='lat' dir='ltr'>At</span> <span class='ocrx_word' id='word_1_184' title='bbox 472 2003 592 2032; x_wconf 89' lang='lat' dir='ltr'>vero</span> <span class='ocrx_word' id='word_1_185' title='bbox 617 1987 832 2032; x_wconf 89' lang='lat' dir='ltr'>nondum</span> <span class='ocrx_word' id='word_1_186' title='bbox 857 1987 924 2032; x_wconf 88' lang='lat' dir='ltr'>ita</span> <span class='ocrx_word' id='word_1_187' title='bbox 950 1987 1204 2032; x_wconf 90' lang='lat' dir='ltr'>nobiscum</span> <span class='ocrx_word' id='word_1_188' title='bbox 1229 1986 1471 2031; x_wconf 88' lang='lat' dir='ltr'>foeliciter</span> <span class='ocrx_word' id='word_1_189' title='bbox 1495 1985 1661 2042; x_wconf 89' lang='lat' dir='ltr'>agitur</span> <span class='ocrx_word' id='word_1_190' title='bbox 1695 1993 1748 2030; x_wconf 83' lang='lat' dir='ltr'>vt</span> <span class='ocrx_word' id='word_1_191' title='bbox 1776 1984 1836 2030; x_wconf 89' lang='lat' dir='ltr'>ad</span> 
     </span>
     <span class='ocr_line' id='line_1_24' title="bbox 210 2063 1834 2120; baseline -0.002 -10"><span class='ocrx_word' id='word_1_192' title='bbox 210 2065 438 2110; x_wconf 85' lang='lat' dir='ltr'>obeunda</span> <span class='ocrx_word' id='word_1_193' title='bbox 482 2064 757 2110; x_wconf 85' lang='lat' dir='ltr'>huiusmodi</span> <span class='ocrx_word' id='word_1_194' title='bbox 803 2080 1009 2110; x_wconf 84' lang='lat' dir='ltr'>munera</span> <span class='ocrx_word' id='word_1_195' title='bbox 1054 2064 1270 2109; x_wconf 88' lang='lat' dir='ltr'>animum</span> <span class='ocrx_word' id='word_1_196' title='bbox 1316 2065 1532 2120; x_wconf 83' lang='lat' dir='ltr'>apellere</span> <span class='ocrx_word' id='word_1_197' title='bbox 1577 2063 1834 2120; x_wconf 87' lang='lat' dir='ltr'>possimus;</span> 
     </span>
     <span class='ocr_line' id='line_1_25' title="bbox 210 2139 1837 2199; baseline -0.002 -11"><span class='ocrx_word' id='word_1_198' title='bbox 210 2158 385 2199; x_wconf 85' lang='lat' dir='ltr'>nempe</span> <span class='ocrx_word' id='word_1_199' title='bbox 410 2158 519 2187; x_wconf 86' lang='lat' dir='ltr'>curn</span> <span class='ocrx_word' id='word_1_200' title='bbox 552 2143 613 2187; x_wconf 90' lang='lat' dir='ltr'>ad</span> <span class='ocrx_word' id='word_1_201' title='bbox 645 2142 925 2188; x_wconf 89' lang='lat' dir='ltr'>litterarum</span> <span class='ocrx_word' id='word_1_202' title='bbox 961 2141 1120 2186; x_wconf 87' lang='lat' dir='ltr'>studia</span> <span class='ocrx_word' id='word_1_203' title='bbox 1156 2157 1246 2186; x_wconf 90' lang='lat' dir='ltr'>nos</span> <span class='ocrx_word' id='word_1_204' title='bbox 1278 2150 1409 2186; x_wconf 90' lang='lat' dir='ltr'>totos</span> <span class='ocrx_word' id='word_1_205' title='bbox 1445 2139 1724 2186; x_wconf 90' lang='lat' dir='ltr'>obedientia</span> <span class='ocrx_word' id='word_1_206' title='bbox 1760 2155 1837 2184; x_wconf 89' lang='lat' dir='ltr'>vo-</span> 
     </span>
     <span class='ocr_line' id='line_1_26' title="bbox 212 2216 1837 2277; baseline -0.003 -11"><span class='ocrx_word' id='word_1_207' title='bbox 212 2230 304 2274; x_wconf 85' lang='lat' dir='ltr'>cet;</span> <span class='ocrx_word' id='word_1_208' title='bbox 332 2221 377 2265; x_wconf 87' lang='lat' dir='ltr'>in</span> <span class='ocrx_word' id='word_1_209' title='bbox 403 2220 593 2277; x_wconf 77' lang='lat' dir='ltr'>quibus,</span> <span class='ocrx_word' id='word_1_210' title='bbox 625 2230 675 2265; x_wconf 82' lang='lat' dir='ltr'>vt</span> <span class='ocrx_word' id='word_1_211' title='bbox 699 2220 808 2264; x_wconf 90' lang='lat' dir='ltr'>Deo</span> <span class='ocrx_word' id='word_1_212' title='bbox 833 2219 1079 2264; x_wconf 82' lang='lat' dir='ltr'>habeatur</span> <span class='ocrx_word' id='word_1_213' title='bbox 1110 2219 1293 2275; x_wconf 86' lang='lat' dir='ltr'>gratia,</span> <span class='ocrx_word' id='word_1_214' title='bbox 1322 2218 1627 2274; x_wconf 88' lang='lat' dir='ltr'>aliquantum</span> <span class='ocrx_word' id='word_1_215' title='bbox 1652 2216 1837 2273; x_wconf 91' lang='lat' dir='ltr'>profici-</span> 
     </span>
     <span class='ocr_line' id='line_1_27' title="bbox 212 2292 1838 2352; baseline -0.003 -9"><span class='ocrx_word' id='word_1_216' title='bbox 212 2314 335 2343; x_wconf 91' lang='lat' dir='ltr'>mus.</span> <span class='ocrx_word' id='word_1_217' title='bbox 364 2298 466 2343; x_wconf 87' lang='lat' dir='ltr'>Nec</span> <span class='ocrx_word' id='word_1_218' title='bbox 492 2298 668 2342; x_wconf 90' lang='lat' dir='ltr'>desunt</span> <span class='ocrx_word' id='word_1_219' title='bbox 692 2312 863 2342; x_wconf 88' lang='lat' dir='ltr'>eorum</span> <span class='ocrx_word' id='word_1_220' title='bbox 889 2297 1176 2352; x_wconf 90' lang='lat' dir='ltr'>quibuscum</span> <span class='ocrx_word' id='word_1_221' title='bbox 1202 2296 1246 2341; x_wconf 89' lang='lat' dir='ltr'>in</span> <span class='ocrx_word' id='word_1_222' title='bbox 1269 2297 1392 2341; x_wconf 85' lang='lat' dir='ltr'>vrbe</span> <span class='ocrx_word' id='word_1_223' title='bbox 1410 2294 1664 2340; x_wconf 86' lang='lat' dir='ltr'>studemus</span> <span class='ocrx_word' id='word_1_224' title='bbox 1685 2293 1779 2350; x_wconf 88' lang='lat' dir='ltr'>qui,</span> <span class='ocrx_word' id='word_1_225' title='bbox 1801 2292 1838 2338; x_wconf 90' lang='lat' dir='ltr'>si</span> 
     </span>
     <span class='ocr_line' id='line_1_28' title="bbox 212 2370 1836 2432; baseline -0.004 -11"><span class='ocrx_word' id='word_1_226' title='bbox 212 2376 362 2432; x_wconf 88' lang='lat' dir='ltr'>recipi</span> <span class='ocrx_word' id='word_1_227' title='bbox 387 2385 602 2432; x_wconf 78' lang='lat' dir='ltr'>possent,</span> <span class='ocrx_word' id='word_1_228' title='bbox 630 2374 1016 2431; x_wconf 80' lang='lat' dir='ltr'>flagrantissimo</span> <span class='ocrx_word' id='word_1_229' title='bbox 1047 2373 1209 2419; x_wconf 89' lang='lat' dir='ltr'>studio</span> <span class='ocrx_word' id='word_1_230' title='bbox 1245 2372 1545 2418; x_wconf 77' lang='lat' dir='ltr'>Societatem</span> <span class='ocrx_word' id='word_1_231' title='bbox 1581 2370 1836 2426; x_wconf 74' lang='lat' dir='ltr'>affectant,</span> 
     </span>
     <span class='ocr_line' id='line_1_29' title="bbox 213 2449 1838 2508; baseline -0.004 -9"><span class='ocrx_word' id='word_1_232' title='bbox 213 2463 260 2499; x_wconf 91' lang='lat' dir='ltr'>et</span> <span class='ocrx_word' id='word_1_233' title='bbox 279 2454 325 2499; x_wconf 91' lang='lat' dir='ltr'>in</span> <span class='ocrx_word' id='word_1_234' title='bbox 345 2469 455 2499; x_wconf 90' lang='lat' dir='ltr'>eam</span> <span class='ocrx_word' id='word_1_235' title='bbox 476 2452 701 2508; x_wconf 86' lang='lat' dir='ltr'>cooptari</span> <span class='ocrx_word' id='word_1_236' title='bbox 721 2452 849 2496; x_wconf 90' lang='lat' dir='ltr'>omni</span> <span class='ocrx_word' id='word_1_237' title='bbox 872 2452 951 2496; x_wconf 91' lang='lat' dir='ltr'>via</span> <span class='ocrx_word' id='word_1_238' title='bbox 972 2460 1270 2508; x_wconf 88' lang='lat' dir='ltr'>pertentant.</span> <span class='ocrx_word' id='word_1_239' title='bbox 1299 2450 1449 2495; x_wconf 80' lang='lat' dir='ltr'>Aucti</span> <span class='ocrx_word' id='word_1_240' title='bbox 1471 2466 1566 2494; x_wconf 89' lang='lat' dir='ltr'>vno</span> <span class='ocrx_word' id='word_1_241' title='bbox 1586 2449 1744 2494; x_wconf 86' lang='lat' dir='ltr'>fratre</span> <span class='ocrx_word' id='word_1_242' title='bbox 1767 2463 1838 2494; x_wconf 91' lang='lat' dir='ltr'>su-</span> 
     </span>
     <span class='ocr_line' id='line_1_30' title="bbox 214 2526 1836 2587; baseline -0.004 -11"><span class='ocrx_word' id='word_1_243' title='bbox 214 2547 335 2586; x_wconf 87' lang='lat' dir='ltr'>mus,</span> <span class='ocrx_word' id='word_1_244' title='bbox 364 2541 603 2587; x_wconf 90' lang='lat' dir='ltr'>prouecto</span> <span class='ocrx_word' id='word_1_245' title='bbox 627 2529 726 2587; x_wconf 86' lang='lat' dir='ltr'>jam</span> <span class='ocrx_word' id='word_1_246' title='bbox 753 2530 794 2574; x_wconf 91' lang='lat' dir='ltr'>in</span> <span class='ocrx_word' id='word_1_247' title='bbox 822 2529 996 2574; x_wconf 88' lang='lat' dir='ltr'>litteris</span> <span class='ocrx_word' id='word_1_248' title='bbox 1021 2539 1068 2574; x_wconf 86' lang='lat' dir='ltr'>et</span> <span class='ocrx_word' id='word_1_249' title='bbox 1092 2529 1320 2574; x_wconf 91' lang='lat' dir='ltr'>facilimis</span> <span class='ocrx_word' id='word_1_250' title='bbox 1344 2528 1562 2573; x_wconf 89' lang='lat' dir='ltr'>moribus</span> <span class='ocrx_word' id='word_1_251' title='bbox 1596 2526 1836 2584; x_wconf 89' lang='lat' dir='ltr'>praeditO.</span> 
     </span>
     <span class='ocr_line' id='line_1_31' title="bbox 215 2601 1840 2663; baseline -0.003 -10"><span class='ocrx_word' id='word_1_252' title='bbox 215 2608 319 2653; x_wconf 87' lang='lat' dir='ltr'>Nec</span> <span class='ocrx_word' id='word_1_253' title='bbox 355 2624 476 2652; x_wconf 86' lang='lat' dir='ltr'>vero</span> <span class='ocrx_word' id='word_1_254' title='bbox 517 2607 644 2652; x_wconf 85' lang='lat' dir='ltr'>diem</span> <span class='ocrx_word' id='word_1_255' title='bbox 688 2623 834 2652; x_wconf 85' lang='lat' dir='ltr'>vnum</span> <span class='ocrx_word' id='word_1_256' title='bbox 873 2622 1060 2663; x_wconf 90' lang='lat' dir='ltr'>eorum,</span> <span class='ocrx_word' id='word_1_257' title='bbox 1104 2606 1184 2662; x_wconf 85' lang='lat' dir='ltr'>qui</span> <span class='ocrx_word' id='word_1_258' title='bbox 1222 2606 1334 2651; x_wconf 90' lang='lat' dir='ltr'>huic</span> <span class='ocrx_word' id='word_1_259' title='bbox 1372 2604 1574 2661; x_wconf 91' lang='lat' dir='ltr'>negotio</span> <span class='ocrx_word' id='word_1_260' title='bbox 1614 2601 1840 2649; x_wconf 87' lang='lat' dir='ltr'>destinati</span> 
     </span>
     <span class='ocr_line' id='line_1_32' title="bbox 215 2681 1872 2741; baseline -0.003 -10"><span class='ocrx_word' id='word_1_261' title='bbox 215 2695 347 2737; x_wconf 77' lang='lat' dir='ltr'>sunt,</span> <span class='ocrx_word' id='word_1_262' title='bbox 389 2685 759 2730; x_wconf 87' lang='lat' dir='ltr'>intermittimus</span> <span class='ocrx_word' id='word_1_263' title='bbox 797 2700 892 2741; x_wconf 91' lang='lat' dir='ltr'>quo</span> <span class='ocrx_word' id='word_1_264' title='bbox 932 2700 1027 2729; x_wconf 92' lang='lat' dir='ltr'>non</span> <span class='ocrx_word' id='word_1_265' title='bbox 1073 2684 1133 2728; x_wconf 88' lang='lat' dir='ltr'>ad</span> <span class='ocrx_word' id='word_1_266' title='bbox 1170 2684 1230 2728; x_wconf 87' lang='lat' dir='ltr'>D.</span> <span class='ocrx_word' id='word_1_267' title='bbox 1278 2682 1516 2729; x_wconf 85' lang='lat' dir='ltr'>Germani</span> <span class='ocrx_word' id='word_1_268' title='bbox 1562 2681 1710 2727; x_wconf 89' lang='lat' dir='ltr'>aedes</span> <span class='ocrx_word' id='word_1_269' title='bbox 1754 2690 1872 2738; x_wconf 85' lang='lat' dir='ltr'>pro&#39;</span> 
     </span>
     <span class='ocr_line' id='line_1_33' title="bbox 216 2759 1865 2819; baseline -0.003 -12"><span class='ocrx_word' id='word_1_270' title='bbox 216 2778 352 2807; x_wconf 87' lang='lat' dir='ltr'>more</span> <span class='ocrx_word' id='word_1_271' title='bbox 378 2763 630 2819; x_wconf 86' lang='lat' dir='ltr'>adeamus,</span> <span class='ocrx_word' id='word_1_272' title='bbox 659 2762 739 2807; x_wconf 88' lang='lat' dir='ltr'>vbi</span> <span class='ocrx_word' id='word_1_273' title='bbox 774 2770 943 2807; x_wconf 90' lang='lat' dir='ltr'>noster</span> <span class='ocrx_word' id='word_1_274' title='bbox 980 2763 1127 2806; x_wconf 74' lang='lat' dir='ltr'>Pater</span> <span class='ocrx_word' id='word_1_275' title='bbox 1162 2760 1477 2817; x_wconf 90' lang='lat' dir='ltr'>studentium,</span> <span class='ocrx_word' id='word_1_276' title='bbox 1514 2759 1694 2805; x_wconf 91' lang='lat' dir='ltr'>ciuium</span> <span class='ocrx_word' id='word_1_277' title='bbox 1731 2772 1865 2818; x_wconf 44' lang='lat' dir='ltr'>quo-⁴</span> 
     </span>
     <span class='ocr_line' id='line_1_34' title="bbox 216 2836 1885 2893; baseline -0.004 -8"><span class='ocrx_word' id='word_1_278' title='bbox 216 2840 442 2885; x_wconf 85' lang='lat' dir='ltr'>rumdam</span> <span class='ocrx_word' id='word_1_279' title='bbox 467 2854 526 2885; x_wconf 91' lang='lat' dir='ltr'>ac</span> <span class='ocrx_word' id='word_1_280' title='bbox 552 2848 896 2885; x_wconf 82' lang='lat' dir='ltr'>matronarum</span> <span class='ocrx_word' id='word_1_281' title='bbox 921 2837 1258 2883; x_wconf 86' lang='lat' dir='ltr'>confessiones</span> <span class='ocrx_word' id='word_1_282' title='bbox 1282 2836 1433 2893; x_wconf 88' lang='lat' dir='ltr'>audit,</span> <span class='ocrx_word' id='word_1_283' title='bbox 1461 2837 1542 2893; x_wconf 92' lang='lat' dir='ltr'>qui</span> <span class='ocrx_word' id='word_1_284' title='bbox 1561 2836 1623 2881; x_wconf 88' lang='lat' dir='ltr'>ad</span> <span class='ocrx_word' id='word_1_285' title='bbox 1646 2848 1841 2880; x_wconf 87' lang='lat' dir='ltr'>sacram</span> <span class='ocrx_word' id='word_1_286' title='bbox 1884 2882 1885 2885; x_wconf 54' lang='grc'>,</span> 
     </span>
     <span class='ocr_line' id='line_1_35' title="bbox 217 2911 1846 2970; baseline -0.004 -8"><span class='ocrx_word' id='word_1_287' title='bbox 217 2917 585 2970; x_wconf 80' lang='lat' dir='ltr'>eucharistiam,</span> <span class='ocrx_word' id='word_1_288' title='bbox 621 2932 768 2962; x_wconf 88' lang='lat' dir='ltr'>sacro</span> <span class='ocrx_word' id='word_1_289' title='bbox 807 2916 1051 2970; x_wconf 89' lang='lat' dir='ltr'>absoluto,</span> <span class='ocrx_word' id='word_1_290' title='bbox 1095 2915 1352 2960; x_wconf 89' lang='lat' dir='ltr'>nobiscum</span> <span class='ocrx_word' id='word_1_291' title='bbox 1385 2914 1546 2960; x_wconf 89' lang='lat' dir='ltr'>solent</span> <span class='ocrx_word' id='word_1_292' title='bbox 1584 2911 1846 2958; x_wconf 51' lang='lat' dir='ltr'>accedere(</span> 
     </span>
    </p>
   </div>
   <div class='ocr_carea' id='block_1_3' title="bbox 270 3033 458 3035">
    <p class='ocr_par' dir='ltr' id='par_1_4' title="bbox 270 3033 458 3035">
     <span class='ocr_line' id='line_1_36' title="bbox 270 3033 458 3035; baseline 0 0"><span class='ocrx_word' id='word_1_293' title='bbox 270 3033 458 3035; x_wconf 95' lang='lat' dir='ltr'> </span> 
     </span>
    </p>
   </div>
   <div class='ocr_carea' id='block_1_4' title="bbox 265 3085 1330 3134">
    <p class='ocr_par' dir='ltr' id='par_1_5' title="bbox 265 3085 1330 3134">
     <span class='ocr_line' id='line_1_37' title="bbox 265 3085 1330 3134; baseline -0.003 -9"><span class='ocrx_word' id='word_1_294' title='bbox 265 3090 272 3109; x_wconf 95' lang='lat'>¹</span> <span class='ocrx_word' id='word_1_295' title='bbox 326 3089 371 3125; x_wconf 83' lang='lat' dir='ltr'>P.</span> <span class='ocrx_word' id='word_1_296' title='bbox 395 3088 593 3125; x_wconf 88' lang='lat' dir='ltr'>Nicolaus</span> <span class='ocrx_word' id='word_1_297' title='bbox 613 3088 830 3125; x_wconf 86' lang='lat' dir='ltr'>Bellefille.</span> <span class='ocrx_word' id='word_1_298' title='bbox 853 3087 959 3124; x_wconf 87' lang='lat' dir='ltr'>Vide</span> <span class='ocrx_word' id='word_1_299' title='bbox 979 3099 1114 3134; x_wconf 87' lang='lat' dir='ltr'>supra,</span> <span class='ocrx_word' id='word_1_300' title='bbox 1135 3099 1228 3134; x_wconf 83' lang='lat' dir='ltr'>pag.</span> <span class='ocrx_word' id='word_1_301' title='bbox 1249 3085 1330 3123; x_wconf 77' lang='lat'>256.</span> 
     </span>
    </p>
   </div>
  </div>
 </body>
</html>
