1910 3380
565 311 640 345 58
679 310 864 346 Coiroxm
895 312 941 346 ‘23
968 310 1072 357 MAJ]
1110 312 1196 346 1537
1576 315 1647 349 2:⁷35

64 406 420 462 Apostolorum
448 406 778 450 contulerunt.
807 405 896 449 His
917 405 1063 450 etiam
1090 406 1498 451 hebdomadalem
1527 410 1690 453 adiun-

64 491 244 527 xerunt
269 481 664 538 disputationem.
690 482 1038 538 Amplissimus
1064 492 1332 538 praeterea
1358 494 1527 529 noster
1552 502 1689 530 sena-

63 570 140 603 tus
165 558 535 614 injlinguarum,
565 558 964 609 mathematicae,
999 558 1353 614 philosophiae,
1383 560 1502 605 iuris
1538 563 1689 617 ponti-

63 634 170 688 ficii,
198 644 245 679 et
275 636 440 690 plures
475 651 653 680 sacrae
688 635 970 691 theologiae
1007 635 1336 692 professores,
1366 638 1692 683 canonicatus

62 711 291 757 conferre
317 721 542 766 conatur,
571 728 665 768 quo
701 721 748 757 et
784 712 1083 757 uniuersitas
1119 713 1440 769 instauretur,
1470 725 1517 759 et
1549 717 1686 760 breui

0 775 3 783 ³
60 788 296 844 temporis
332 789 491 844 spatio
527 793 632 833 tota
666 789 839 834 Bible'a
875 796 892 815 ὃ
926 790 1266 835 absoluantur.
1307 790 1489 836 Totum
1523 803 1686 837 autem

59 865 165 919 hoc,
196 874 303 920 post
339 859 499 909 Deum
535 866 786 923 diuosque
809 865 844 915 b,
874 866 934 910 D.
970 865 1235 922 Groppero
1270 879 1528 923 acceptum
1564 869 1688 914 fere-

57 957 178 995 mus,
208 942 346 987 cuius
371 957 526 998 opera
551 953 809 999 peractum
834 952 923 988 est.

114 1018 156 1063 8.
224 1018 470 1074 Quoniam
502 1035 623 1064 uero
656 1020 812 1064 nostri
846 1019 892 1064 in
927 1020 1028 1065 suis
1061 1021 1481 1076 praelectionibus
1506 1023 1686 1067 theolo-

58 1095 180 1152 gicis
220 1097 466 1151 permulta
506 1111 695 1152 graeca
730 1107 777 1142 et
812 1097 997 1142 hebrea
1041 1097 1248 1143 subinde
1293 1098 1580 1152 admiscent,
1621 1100 1687 1145 fa-

57 1171 189 1217 ciunt
223 1181 274 1217 ut
308 1188 525 1229 graecus
560 1182 608 1218 et
642 1174 854 1219 hebreus
894 1174 1150 1230 professor
1191 1177 1338 1232 longe
1383 1176 1688 1232 frequentius

57 1249 197 1295 solito
232 1250 531 1296 auditorium
566 1251 763 1296 habeat.
792 1251 902 1296 Dici
928 1252 1009 1296 uix
1034 1262 1196 1308 potest
1231 1264 1467 1310 quantum
1504 1254 1685 1299 theolo-

56 1327 198 1384 gicae
228 1326 321 1372 hae
345 1338 629 1373 nostrorum
664 1328 1028 1385 praelectiones
1063 1327 1366 1375 Societatem
1392 1332 1522 1387 apud
1545 1347 1686 1376 sena-

56 1414 171 1459 tum,
199 1404 386 1449 clerum
421 1414 470 1449 et
502 1405 737 1461 populum
772 1407 1117 1451 commendent
1152 1417 1301 1463 atque
1336 1418 1682 1463 promoueant.

57 1479 163 1525 Non
199 1482 341 1537 pauci
367 1482 424 1526 de
449 1480 701 1527 Societate
736 1498 847 1527 eam
882 1494 1219 1540 conceperunt
1253 1499 1406 1541 spem,
1434 1486 1563 1541 quod
1599 1502 1687 1542 per

56 1572 162 1602 eam
189 1557 473 1615 theologiae
497 1558 709 1605 studium
735 1559 926 1615 penitus
961 1561 1234 1617 collapsum
1260 1561 1306 1606 in
1333 1563 1591 1618 pristinum
1613 1580 1685 1609 re-

56 1635 354 1680 stituendum
377 1636 438 1681 sit
461 1645 663 1682 statum.

112 1712 154 1757 9.
221 1712 385 1758 Tanto
419 1729 508 1758 nos
543 1714 779 1771 religiosi,
808 1715 1048 1771 canonici,
1076 1726 1336 1762 senatores
1361 1728 1407 1762 et
1432 1717 1512 1762 alii
1536 1718 1685 1763 hono-

55 1803 108 1834 re
131 1800 514 1847 prosequuntur,
542 1800 595 1836 ut
618 1806 714 1835 non
740 1807 858 1836 raro
887 1792 1051 1849 magni
1077 1793 1224 1850 aliqui
1261 1793 1351 1839 uiri
1386 1795 1579 1850 priores
1604 1810 1683 1840 ue-

53 1864 294 1911 nientibus
330 1867 512 1912 nostris
546 1877 695 1923 caput
734 1869 977 1925 aperiant,
1020 1879 1068 1914 et
1107 1870 1166 1915 de
1196 1870 1277 1915 uia
1313 1871 1507 1917 cedant.
1542 1872 1681 1917 Multi

54 1944 298 1998 praeclari
324 1944 431 2001 uiri,
459 1945 538 2002 qui
563 1955 712 1991 antea
736 1962 917 1992 auerso
943 1963 972 1992 a
997 1947 1136 1993 nobis
1162 1949 1466 2004 putabantur
1499 1950 1680 2006 animo,

54 2035 181 2065 nunc
204 2022 422 2067 maxima
456 2023 643 2068 amoris
667 2023 810 2079 signa
835 2024 1116 2070 ostendunt.
1144 2025 1374 2071 Nonnulli
1410 2027 1575 2083 etiam,
1603 2027 1682 2083 qui

55 2105 166 2143 ante
190 2098 525 2144 credebantur
558 2100 811 2155 haeretici,
840 2100 937 2146 iam
963 2101 1160 2148 catolici
1183 2118 1292 2148 esse
1316 2104 1568 2161 incipiunt,
1597 2114 1683 2150 aut

54 2173 227 2219 saltem
251 2190 303 2220 se
333 2176 459 2220 tales
493 2176 738 2222 simulant.
778 2177 922 2222 Certe
956 2179 1325 2225 haereticorum
1360 2181 1683 2227 ecclesiastae

55 2260 101 2295 et
124 2261 434 2308 protectores
467 2262 570 2298 tam
611 2253 845 2299 dissolute
882 2255 1068 2313 uiuunt,
1106 2265 1307 2313 tamque
1343 2258 1470 2303 inter
1504 2274 1556 2303 se
1591 2259 1681 2303 dis-

54 2330 282 2384 sentiunt,
311 2340 362 2374 ut
387 2330 563 2375 mirum
587 2331 633 2375 in
658 2331 856 2376 modum
882 2332 994 2377 hinc
1024 2333 1220 2379 catolici
1255 2334 1608 2380 confirmentur
1633 2346 1682 2381 et

26 2403 285 2451 'haeretici
321 2417 588 2464 angantur.
616 2407 873 2454 Haeretici
909 2409 1045 2455 aiunt
1077 2410 1318 2456 Luterum
1356 2413 1508 2457 multa
1540 2413 1598 2458 de
1629 2413 1678 2458 li-

53 2481 242 2528 bertate
267 2484 536 2530 christiana
570 2496 705 2530 recte
739 2485 1049 2543 disseruisse,
1083 2489 1167 2533 sed
1203 2489 1291 2534 hos
1327 2489 1566 2546 pessimos
1600 2490 1680 2546 pia

53 2557 155 2604 eius
179 2560 406 2606 doctrina
430 2561 493 2606 ad
518 2562 783 2611 luxuriam,
810 2564 1059 2610 libidinem
1078 2574 1126 2610 et
1145 2581 1336 2611 omnem
1360 2566 1677 2625 prauitatem‚

53 2636 260 2693 turpiter
294 2638 446 2693 abuti,
474 2654 534 2684 ac
568 2640 948 2686 concionatores
983 2657 1166 2698 magna
1200 2658 1284 2687 sua
1327 2643 1572 2689 discordia
1597 2661 1678 2690 ue·

53 2727 159 2758 rum
193 2715 486 2761 subuertere
521 2717 836 2774 euangelium
872 2727 919 2763 et
954 2718 1051 2764 iam
1085 2719 1440 2775 propemodum
1474 2721 1677 2768 subuer-

54 2789 184 2836 tisse.

113 2867 179 2913 lO.
246 2868 454 2915 Colonia
493 2871 774 2929 Agrippina
815 2872 970 2918 fidelis
1015 2889 1161 2930 spero
1205 2884 1381 2932 perget
1426 2891 1534 2921 esse
1578 2875 1678 2922 filia

22 2995 23 2998 Ἰ
53 2954 253 2991 sanctae
278 2962 515 2993 romanae
542 2948 786 2995 Eclesiae.
814 2949 1030 2996 Senatus
1054 2951 1230 3007 quippe
1255 2968 1383 2998 nunc
1416 2953 1676 3000 feruentis-

98 3117 116 3138 fl
160 3114 286 3148 totum
307 3119 422 3150 vetus
441 3120 481 3150 et
499 3127 649 3152 nouum
669 3122 970 3153 testamentum.
1024 3116 1090 3144 ——b
1122 3125 1376 3165 sanctosque.
