1900 3380
573 245 838 283 75.—PRAGA
865 245 911 283 28
933 248 1042 293 JULn
1074 250 1162 284 1557
1567 253 1637 288 :1315

53 339 365 385 attendentes
390 340 641 385 reddimur
671 341 1001 388 feruentiores
1037 345 1097 388 ad
1134 345 1266 389 illam
1303 348 1676 401 assequendam.

114 416 180 461 13.
247 415 429 460 Dicunt
464 416 642 465 boemi,
670 417 750 462 alii
787 420 916 463 bona
951 419 1009 464 de
1045 420 1201 473 nobis,
1230 421 1308 465 alii
1337 423 1563 476 pessima:
1593 441 1681 469 nos

50 508 156 538 esse
182 493 353 537 doctos
378 493 605 549 scireque
633 495 912 547 veritatem,
940 511 1030 541 nec
1054 506 1218 541 tamen
1249 498 1376 541 illam
1408 500 1531 543 velle
1557 500 1677 545 fate-

50 570 106 615 ri.
134 568 377 614 Fatentur
401 585 490 614 nos
524 586 617 615 non
655 586 764 616 esse
798 582 1124 622 scortatores,
1153 575 1393 625 ebriosos,
1427 592 1679 633 vagosque

49 646 282 703 homines,
309 662 467 703 neque
491 647 536 691 in
562 648 725 704 aliquo
750 664 839 693 nos
864 665 1008 705 posse
1034 651 1360 707 redarguere,
1387 663 1436 697 vt
1456 654 1580 697 alios
1604 670 1677 699 sa-

47 722 289 777 cerdotes,
318 723 398 779 qui
423 724 633 779 pessime
661 724 846 777 viuunt;
872 738 1178 783 quapropter
1203 744 1291 773 nos
1316 730 1517 774 laudant
1537 742 1582 774 et
1604 747 1675 775 re-

47 810 296 845 uerentur.
320 797 419 844 Sed
439 798 581 844 fidem
601 810 649 846 et
668 801 943 848 doctrinam
969 803 1133 849 dicunt
1158 821 1245 849 nos
1270 806 1455 851 habere
1476 809 1672 853 malam.

45 876 185 921 Alias
224 878 359 922 multi
399 879 587 924 nobiles
626 881 893 937 magnique
930 881 1021 926 viri
1057 897 1173 927 suos
1215 892 1384 928 nostre
1422 884 1675 940 discipline

46 953 166 999 filios
199 955 477 1012 traderent,
506 957 595 1001 nisi
620 957 849 1003 timerent
874 959 981 1003 illos
1005 961 1364 1015 peruertendos
1389 977 1418 1006 a
1441 961 1581 1007 nobis
1606 972 1673 1007 at>-

45 1046 136 1088 que
160 1032 222 1076 ad
247 1042 470 1078 nostram
494 1032 637 1079 fidem
664 1034 966 1080 alliciendos.

104 1108 171 1153 14.
238 1109 546 1166 Frequentes
580 1111 746 1156 habite
780 1122 892 1158 sunt
924 1113 1017 1157 hac
1051 1125 1244 1159 aestate
1279 1116 1546 1172 orationes,
1574 1116 1669 1172 qui-

41 1185 131 1230 bus
154 1186 374 1242 plerique
394 1187 641 1233 lutherani
661 1189 944 1243 adfuerunt,
969 1192 1264 1246 praesertim
1290 1192 1334 1236 in
1356 1193 1569 1248 quadam
1591 1194 1670 1238 ha-

42 1261 140 1307 bita
165 1262 241 1307 die
266 1263 393 1308 sesto
417 1263 625 1322 joannis
650 1265 922 1322 Baptistae:
951 1282 1062 1312 cum
1087 1268 1215 1313 enirn
1241 1269 1492 1315 diceretur
1525 1280 1671 1316 natus

40 1338 257 1397 Joannes
291 1341 478 1396 absque
512 1351 720 1398 peccato
755 1343 1003 1400 originali,
1039 1360 1148 1389 cum
1186 1346 1590 1393 abhominatione
1624 1357 1672 1393 et

40 1430 292 1461 murmure
317 1417 518 1462 exibant
542 1418 762 1464 dicentes
787 1435 874 1465 nos
899 1420 1263 1477 blasphemare,
1292 1432 1441 1479 atque
1472 1439 1560 1468 nos
1585 1424 1671 1469 dif-

38 1491 316 1537 famaturos
350 1510 437 1549 per
470 1503 626 1540 totam
665 1493 1008 1547 Germaniam,
1047 1508 1095 1543 et
1131 1499 1346 1544 maxime
1387 1499 1668 1546 Uittenber-

37 1584 170 1625 gam,
198 1585 592 1628 caueremusque
625 1573 766 1618 nobis
785 1589 900 1618 rcum
937 1576 1164 1620 omnibus
1190 1576 1413 1632 papistis‚
1440 1593 1554 1622 nam
1574 1605 1629 1608 m
1654 1585 1671 1604 ³

38 1646 293 1702 quemdam
330 1648 532 1693 baronis
567 1650 822 1695 cuiusdam
848 1651 1008 1696 bo‘emi
1034 1651 1184 1697 filium
1220 1653 1391 1698 studiis
1416 1654 1666 1711 literariis‚

37 1722 114 1778 qui
137 1722 401 1779 aliquando
426 1740 515 1770 nos
539 1742 711 1771 omnes
745 1727 867 1772 mire
907 1738 1287 1774 consectaretur
1322 1740 1470 1787 atque
1505 1732 1666 1777 deuin-

37 1809 186 1845 ceret.

94 1878 160 1923 15.
229 1878 443 1935 Quidam
468 1881 660 1937 priores
692 1882 738 1926 in
769 1882 868 1927 suis
904 1883 1113 1930 comitiis
1139 1884 1410 1930 inuitarunt
1434 1902 1537 1942 nos,
1567 1887 1665 1943 qui-

35 1954 125 2001 bus
148 1956 392 2002 noluimus
415 1957 670 2015 interesse,
699 1975 758 2005 ne
793 1976 905 2005 cum
940 1961 1056 2018 ipsis
1091 1977 1149 2007 ac
1184 1962 1402 2018 ipsorum
1435 1965 1575 2009 malis
1599 1965 1665 2009 in-

34 2032 311 2089 uoluamur,
349 2044 497 2091 atque
532 2037 873 2083 boemicorum
908 2054 969 2083 ac
1003 2039 1380 2085 lutheranorum
1421 2042 1663 2087 detrecta-

33 2108 242 2161 tionibus
265 2112 578 2158 occasionem
613 2115 961 2172 praebeamus3
989 2116 1125 2161 multi
1161 2117 1288 2162 enim
1323 2118 1399 2163 hic
1434 2118 1663 2163 catholici

33 2176 320 2233 sacerdotes
353 2189 565 2245 pessime
590 2191 763 2236 viuunt
788 2200 938 2248 atque
962 2192 1047 2237 tali
1071 2194 1300 2250 exemplo
1325 2195 1485 2251 potius
1510 2196 1662 2240 extin-

32 2272 152 2319 gunt
189 2264 367 2322 lumen,
405 2276 555 2323 atque
605 2268 894 2314 arundinem
936 2280 1225 2326 quassatam
1266 2271 1587 2328 confringunt
1628 2274 1659 2327 ¹,

31 2354 174 2396 quam
218 2353 516 2399 restaurent:
555 2345 781 2400 quamuis
820 2346 883 2390 ad
923 2347 1204 2393 animarum
1249 2363 1452 2393 suarum
1496 2349 1660 2405 profe-

31 2425 159 2463 ctum
196 2434 306 2464 cum
341 2419 434 2465 X.0
467 2421 742 2477 publicanis
775 2432 823 2467 et
857 2425 1206 2479 peccatoribus
1231 2441 1325 2470 non
1350 2426 1660 2482 refugiamus

31 2496 318 2541 conuersari
342 2512 433 2553 pro
458 2498 634 2544 maiori
657 2500 820 2555 gloria
844 2501 917 2546 Xi.

90 2572 156 2618 16.
223 2573 299 2619 De
323 2575 652 2631 compactatis
677 2578 830 2622 semel
855 2579 1104 2624 concessis
1130 2579 1174 2624 in
1200 2579 1406 2624 concilio
1430 2589 1657 2626 constan-

31 2647 168 2694 tiensi
202 2665 262 2695 ac
295 2651 545 2697 basiliensi
579 2654 767 2699 boemis
807 2670 1100 2711 cuperemus
1135 2657 1261 2701 scire
1296 2666 1509 2702 mentem
1542 2673 1655 2714 pon-

28 2724 182 2784 tificis,
219 2728 257 2773 si
295 2729 612 2775 seruantibus
646 2730 1006 2778 conditionibus
1046 2732 1173 2790 [sic]⁸
1212 2742 1526 2790 compactata
1560 2735 1654 2780 sint

71 2898 89 2919 ἃ
131 2893 210 2931 Est
227 2896 273 2931 in
293 2907 373 2933 ms.
395 2897 577 2933 verbum
595 2897 774 2935 obscure
799 2902 1046 2942 exaratunfz,
1067 2899 1184 2945 qnod
1202 2900 1340 2946 legere
1357 2903 1604 2948 nequimus.

74 3049 84 3067 ¹
135 3048 198 3087 Cf.
220 3050 414 3096 MATTH.‚
437 3052 526 3093 XII,
543 3052 601 3090 20.
