1966 3540
600 337 875 376 1.—Coissox1A
903 338 949 374 :35
978 338 1088 373 Auo.
1123 336 1211 372 1556

95 441 100 444 ”
147 436 189 480 4.
257 435 351 479 Mr.
389 434 636 480 Henricus
661 433 928 490 Dionysius
965 432 1216 477 dominicis
1250 431 1421 476 diebus
1454 430 1712 475 conciona-

86 523 165 558 tur
190 512 235 557 in
261 513 476 568 quadam
511 512 723 557 ecclesia
749 513 778 563 ¹;
807 510 900 554 Mr.
929 509 1149 568 Joannes
1180 506 1389 553 Rethius
1412 514 1429 534 ³
1453 507 1624 552 diebus
1651 507 1713 551 fe-

86 589 174 634 stis
197 604 305 635 cum
331 587 460 633 omni
485 586 842 633 satisfactione.
878 586 1114 642 Magnum
1150 585 1278 630 enirn
1300 584 1495 629 'habent
1529 583 1715 628 audito-

90 667 232 712 rium.

175 742 267 787 Mr.
282 741 582 787 Franciscus
601 742 631 796 2,
654 741 749 786 iam
769 740 906 786 breui
927 739 972 784 in
993 738 1355 784 mathematicis
1373 737 1554 794 aliquid
1574 746 1717 793 prae*

87 820 235 876 leget,
263 819 308 864 in
333 819 549 876 gratiam
572 818 923 871 studiosorum,
951 817 1077 862 solet
1111 826 1158 861 et
1193 816 1294 872 ipse
1319 814 1484 871 Magr.
1512 814 1715 859 Franci-

87 911 199 941 scus
217 906 359 941 sexta
377 895 503 941 feria
522 895 653 940 domi
673 904 876 939 nostrae
896 893 1127 939 studiosis
1146 892 1433 949 germanice
1458 892 1716 937 conciona-

88 972 145 1029 ri,
173 982 224 1017 ut
247 971 590 1029 germanicam
622 971 842 1027 linguam
876 970 1101 1015 addiscat
1125 969 1160 1026 b;
1195 969 1379 1014 eisdem
1408 968 1580 1013 diebus
1609 968 1718 1013 aliis

87 1064 233 1093 unam
257 1055 272 1075 ⁰
299 1048 558 1093 lectionem
598 1048 642 1092 in
683 1047 941 1092 dialectica
981 1046 1115 1092 facit.
1159 1046 1323 1102 Magr.
1365 1045 1583 1105 Joannes
1622 1045 1716 1090 Re-

87 1125 215 1170 thius
240 1141 326 1182 per
352 1126 529 1170 horam
554 1140 703 1170 unam
728 1124 1032 1170 rhetoricam
1051 1124 1212 1168 docet.
1433 1170 1435 1172 ,

145 1203 188 1247 5.
257 1202 488 1259 Quatuor
511 1202 759 1248 studiosos
790 1200 1055 1246 Societatis
1079 1201 1292 1246 Romam
1317 1200 1552 1253 misimus,
1590 1199 1718 1256 quod

86 1280 316 1339 precibus
345 1280 507 1325 multis
531 1280 864 1336 impetrarunt
888 1294 918 1324 a
942 1279 1097 1331 nobis;
1125 1293 1331 1323 numero
1356 1263 1518 1323 adhuc
1556 1277 1609 1322 15
1642 1293 1714 1323 re-

89 1372 361 1413 manemus,
390 1357 603 1414 quinque
627 1357 917 1402 sacerdotes
941 1367 989 1401 et
1012 1356 1040 1399 O
1063 1355 1330 1401 Societatis
1353 1355 1574 1407 studiosi,
1602 1369 1715 1400 cum

81 1442 261 1480 'nostro
286 1449 462 1490 coquo.
493 1434 570 1479 Ex
603 1434 708 1480 istis
743 1449 832 1479 suo
866 1443 1093 1490 tempore
1127 1433 1287 1478 adhuc
1321 1432 1469 1489 aliqui
1504 1432 1719 1477 Romam

88 1512 359 1567 mittentur,
387 1522 438 1557 ut
462 1511 543 1557 alii
568 1511 614 1556 in
638 1527 810 1557 eorum
831 1511 993 1556 locum
1030 1510 1181 1566 recipi
1217 1509 1419 1567 possint,
1457 1509 1537 1565 qui
1570 1508 1720 1554 etiam

89 1588 326 1635 Societati
352 1605 403 1635 se
427 1590 636 1635 libenter
660 1589 852 1634 darent.
875 1588 1003 1633 Tres
1021 1587 1365 1633 adolescentes
1384 1586 1721 1633 buscoducen-

89 1681 168 1712 ses
187 1666 219 1723 ³,
246 1681 307 1711 ex
327 1665 497 1723 primis
516 1666 747 1722 ciuitatis,
770 1665 1024 1711 nobiscum
1045 1675 1173 1721 sunt,
1195 1679 1403 1721 quorum
1421 1679 1546 1709 unus
1565 1663 1621 1709 23
1638 1679 1721 1709 an-

88 1758 263 1788 norum
298 1742 396 1788 iam
431 1742 671 1789 exercitia
705 1741 981 1798 spiritualia
1014 1741 1230 1787 absoluit
1265 1756 1448 1798 magno
1473 1756 1593 1786 curn·
1620 1740 1721 1785 fru-

90 1830 186 1877 ctu3
210 1819 291 1877 qui
310 1835 421 1865 cum
441 1828 589 1865 antea
607 1829 741 1865 totus
760 1819 1035 1864 mundanus
1055 1828 1203 1875 esset,
1227 1827 1278 1863 ut
1297 1817 1437 1863 huius
1456 1817 1621 1863 mundi
1639 1818 1720 1862 noss

91 1897 211 1942 biles
235 1912 345 1942 esse
364 1902 463 1953 pro
488 1911 687 1954 magna
702 1900 855 1953 parte
878 1895 896 1922 d
918 1896 1091 1952 solent,
1114 1896 1181 1941 ita
1201 1905 1419 1941 mutatus
1439 1905 1528 1952 est,
1555 1904 1605 1940 vt
1623 1911 1720 1940 om—

90 1989 176 2020 nes
200 1989 289 2019 sua
312 1974 587 2019 humilitate
611 1983 659 2019 et
682 1974 946 2019 alacritate
970 1973 1017 2018 in
1041 1972 1255 2018 Domino
1279 1973 1479 2018 uincere
1503 1988 1564 2018 ac
1582 1988 1721 2029 supe-

93 2067 209 2097 rare
233 2051 477 2097 uideatur.
505 2051 717 2108 Optimis
741 2051 1057 2096 naturalibus
1089 2051 1298 2096 dotatus
1330 2059 1406 2096 est
1428 2057 1464 2108 e,
1491 2059 1607 2096 ante
1640 2066 1722 2096 an-

91 2145 180 2175 nos
205 2138 418 2187 quatuor
443 2129 652 2175 Louanii
672 2128 1056 2185 methaphisicus
1076 2127 1181 2173 fuit.
1203 2127 1398 2185 Reliqui
1419 2128 1513 2173 duo
1532 2127 1722 2173 nobiles

93 2206 244 2264 ipsius
287 2207 499 2264 uestigia
542 2216 744 2252 strenue
787 2206 1056 2263 imitantur,
1105 2215 1153 2251 et
1197 2214 1433 2263 quantum
1484 2205 1720 2262 intelligo,

94 2283 243 2329 etiam
282 2295 399 2329 uoto
438 2284 850 2330 scholasticorum
885 2298 937 2328 se
971 2281 1344 2329 confirmarunt.
1382 2281 1479 2328 Iste
1513 2291 1561 2327 et
1594 2282 1722 2328 alter

95 2361 305 2407 duorum
330 2371 444 2407 sunt
466 2370 639 2407 nostro
663 2361 936 2406 Francisco
960 2362 977 2384 4
1002 2361 1242 2417 sanguine
1274 2359 1439 2405 iuncti.
1467 2360 1610 2404 Alius
1642 2375 1724 2404 no-

95 2439 204 2488 bilis
228 2439 447 2485 eiusdem
471 2438 687 2484 ciuitatis
712 2438 809 2483 iam
834 2437 973 2483 breui
998 2437 1159 2482 aderit
1181 2437 1337 2482 nobis.

154 2518 196 2565 6.
265 2514 538 2573 Speramus
561 2515 699 2573 quod
719 2514 1120 2560 buscoducenses
1144 2514 1285 2559 breui
1303 2513 1442 2558 nobis
1462 2512 1725 2569 collegium

143 2668 163 2688 a
212 2668 250 2704 in
270 2667 363 2703 alia.
419 2665 483 2692 -b
510 2665 669 2712 plenius
688 2664 879 2700 addiscat.
934 2670 996 2690 -c
1023 2676 1103 2700 una
1124 2673 1203 2699 ms.
1259 2661 1323 2688 *d
1350 2661 1581 2703 plurimum.

146 2734 162 2755 e
213 2732 384 2763 naturae
404 2725 561 2762 dotibus
580 2729 746 2761 ornatus
764 2729 837 2760 est.

147 2860 156 2879 ¹
207 2858 423 2905 Templum
442 2856 553 2903 Stae.
572 2841 779 2901 Agathae.
800 2854 887 2891 Lz‘t.
908 2853 1160 2900 Quamdiu„
1180 2851 1254 2894 IV,
1274 2852 1356 2888 551.

146 2918 159 2938 ²
208 2917 449 2954 Franciscus
468 2915 677 2957 Costerus,
701 2913 1013 2951 mechliniensis.
1044 2912 1278 2957 POLANCUS,
1313 2912 1387 2948 loc.
1421 2911 1503 2957 cit.,
1537 2911 1577 2948 V
1582 2911 1610 2954 I,
1643 2911 1724 2955 418,

101 2983 140 3015 et
157 2976 325 3023 420-4213
347 2976 484 3022 Epist.
507 2975 645 3015 Mz‘xt.,
668 2974 721 3015 V.
743 2974 824 3011 480.

147 3037 160 3056 ⁸
209 3036 273 3073 Ex
291 3035 433 3083 oppido
451 3034 688 3071 Buscoduca
714 3033 762 3077 (⁸3
789 3031 1140 3078 Hertogenbosch,
1171 3030 1432 3076 Bois-le-duc)
1460 3032 1500 3067 in
1532 3030 1727 3067 Neerlan-

100 3095 178 3133 dia.
199 3096 264 3132 De
283 3095 344 3132 his
363 3094 411 3132 cf.
434 3094 571 3140 Epist.
593 3094 731 3137 Mz‘xt.,
753 3094 827 3129 loc.
849 3092 931 3133 cit.,
952 3090 1022 3127 482
1040 3103 1125 3137 sqq.

147 3155 161 3174 ⁴
210 3153 451 3191 Franciscus
470 3153 727 3196 Hemerolus,
748 3150 1072 3188 buscoducensis.
1093 3149 1325 3195 POLANcUs,
1346 3151 1421 3187 loc.
1444 3151 1526 3195 cit.,
1547 3149 1615 3195 III,
1641 3148 1725 3185 267.
