1900 3380
483 224 816 261 sos—FERRARm
849 224 891 260 13
918 224 1107 260 AUGUsri
1136 225 1224 260 1557
1550 224 1620 260 325

38 324 162 368 bene
185 337 310 378 erga
335 321 355 342 a
378 337 468 366 nos
492 321 730 366 affectum
755 336 863 366 esse
886 321 1191 377 multumque
1214 322 1354 366 nobis
1386 322 1605 367 tribuere
1631 323 1661 366 ¹.

37 399 163 444 Nam
188 413 299 443 cum
322 398 662 453 interrogaret
685 413 774 442 nos
798 397 858 442 de
883 412 1053 442 eorum
1077 412 1302 453 numero,
1325 398 1401 453 qui
1428 398 1555 453 apud
1577 414 1664 443 nos

38 474 350 531 confitentur,
377 474 519 530 eique
550 475 964 530 responderemus
998 489 1106 518 esse
1140 473 1404 518 admodum
1438 474 1664 530 frequen-

40 563 151 605 tem,
180 552 357 596 mirum
383 551 428 595 in
454 551 653 596 modum
678 560 753 596 est
777 552 1005 596 laetatus.
1034 550 1257 608 Cumque
1283 566 1578 606 rogaremus
1603 553 1665 597 ab

38 645 95 675 eo
119 629 231 685 quid
256 628 396 673 nobis
420 629 668 684 agendum
695 637 825 673 esset
858 643 969 673 cum
1006 628 1078 685 iis,
1116 628 1195 684 qui
1230 628 1665 690 quadragesimale

38 705 265 752 ieiunium
289 721 387 750 non
411 705 759 760 obseruarent‚
782 705 1079 762 praesertim
1099 705 1138 750 si
1157 704 1292 761 prius
1312 706 1375 749 ab
1394 720 1452 749 eo
1473 705 1666 750 ueniam

38 798 131 828 non
159 782 523 838 impetrassent,
553 782 630 827 ille
656 782 910 838 respondit
943 797 996 826 se
1030 782 1170 827 nobis
1205 781 1432 826 omnibus
1462 781 1667 827 faculta-

39 868 136 905 tem
161 858 492 914 dispensandi,
530 859 924 916 quandocunque
959 858 1196 914 expedire
1231 857 1579 913 indicaremus,
1619 858 1665 902 li-

40 936 211 980 benter
235 935 373 991 dare;
401 935 515 991 quin
541 935 690 980 etiam
715 935 896 980 adiecit
925 950 977 980 se
1012 935 1138 980 adeo
1173 943 1376 980 nostrae
1411 944 1460 980 et
1494 935 1667 980 doctri-

38 1027 129 1057 nae
153 1020 201 1056 et
224 1011 394 1067 pietati
419 1011 686 1068 confidere,
714 1022 766 1057 ut
785 1011 983 1057 omnino
1003 1020 1168 1056 ratum
1187 1012 1370 1056 habeat
1389 1020 1538 1067 atque
1558 1027 1668 1067 pro-

38 1088 370 1144 betquiequid
396 1089 536 1133 nobis
560 1089 840 1134 faciendum
865 1088 1110 1134 uideatur.
1140 1088 1234 1133 Hic
1258 1088 1383 1133 idem
1409 1104 1519 1133 cum
1546 1089 1668 1133 duas

38 1166 271 1211 honestas
295 1166 483 1221 puellas
508 1166 714 1211 judaeas
739 1167 801 1211 ad
824 1165 969 1211 fidem
991 1166 1358 1211 conuertendas
1377 1166 1507 1222 apud
1527 1182 1669 1222 quas·

38 1243 149 1288 dam
175 1242 503 1288 nobilissimas
535 1252 792 1288 matronas
826 1244 871 1288 in
907 1254 1012 1288 tuto
1047 1244 1359 1293 collocasset,
1397 1243 1550 1288 noluit
1584 1258 1671 1288 eas

39 1319 453 1366 cathechizandas
478 1320 586 1364 aliis
612 1321 924 1365 committere
948 1336 1097 1377 quam
1121 1320 1319 1375 nostris,
1348 1335 1408 1365 ac
1427 1320 1669 1376 singulari

38 1397 250 1454 quodam
275 1396 462 1441 affectu
486 1397 627 1441 nobis
651 1397 767 1442 illud
792 1397 1057 1453 negocium
1082 1397 1416 1453 demandauit,
1439 1396 1477 1441 si
1497 1396 1543 1441 id
1567 1396 1671 1441 sine

38 1484 208 1520 nostro
233 1473 546 1519 incommodo
571 1474 742 1520 facere
767 1488 1042 1531 possemus;
1065 1475 1193 1531 quod
1213 1474 1469 1520 effecimus
1487 1474 1670 1519 foelici-

39 1560 212 1607 terque
246 1551 385 1597 nobis
420 1552 583 1608 cessit,
622 1552 731 1597 Deo
766 1552 905 1597 duce.
944 1551 1071 1597 Nam
1105 1561 1153 1597 et
1188 1552 1347 1608 puelle
1386 1551 1564 1597 iudeae
1599 1551 1672 1607 (ut

40 1640 181 1674 erant
205 1629 334 1674 bono
359 1629 590 1686 facilique
613 1629 832 1686 ingenio)
858 1631 1065 1674 multum
1090 1629 1425 1685 profecerunt,
1453 1638 1501 1674 et
1536 1628 1669 1674 nobi-

43 1707 111 1751 les
144 1705 258 1751 illae
293 1715 555 1751 matronae
589 1715 637 1751 et
670 1706 968 1763 grandiores
1002 1716 1122 1752 natu
1157 1707 1350 1763 puellae
1384 1706 1530 1763 (quae
1564 1705 1670 1751 fere

36 1798 234 1839 vsemper
258 1783 551 1828 iudaearum
585 1783 876 1829 institutioni
912 1784 1207 1840 intererant)
1242 1800 1337 1829 non
1373 1784 1672 1829 mediocrem

42 1859 256 1905 fructum
297 1860 406 1905 inde
446 1861 680 1906 tulerunt.
718 1861 874 1906 Nobis
909 1877 1105 1919 quoque
1140 1877 1313 1907 curam
1349 1861 1480 1907 dedit
1521 1870 1572 1907 ut
1605 1861 1673 1905 iu-

43 1937 217 1982 daeum
262 1937 508 1993 quendam
553 1937 616 1982 ad
667 1937 885 1983 xianam.
938 1938 1232 1995 religionem
1282 1938 1669 1993 institueremus,

37 2015 170 2071 -quod
193 2014 428 2060 effectum
454 2025 544 2072 est,
572 2014 683 2060 Iesu
708 2015 925 2060 fauente.
952 2015 1080 2060 Nam
1106 2026 1152 2061 et
1182 2016 1464 2072 baptizatus
1498 2025 1587 2072 est,
1625 2024 1673 2060 et

43 2090 139 2136 iam
178 2090 329 2136 uitam
370 2091 535 2137 xiano.
578 2092 773 2137 homine
809 2092 1010 2148 dignam
1045 2092 1196 2149 degit.
1234 2092 1303 2138 At
1338 2092 1527 2149 quoties
1562 2108 1672 2138 eum

2 2185 5 2187 ·
44 2169 246 2225 adimUS‚
274 2168 401 2213 idem
427 2169 529 2225 ipse
556 2184 644 2214 nos
669 2169 822 2214 multa
842 2169 1146 2225 benignitate
1167 2179 1215 2214 et
1232 2169 1572 2214 familiaritate
1592 2185 1672 2214 ex-

40 2244 174 2301 cipit,
212 2246 464 2302 multaque
506 2246 884 2291 beneuolentiae
919 2246 1062 2302 signa
1096 2246 1322 2292 ostendit.
1361 2246 1489 2303 Quin
1524 2246 1672 2291 etiam

43 2337 189 2367 unum
214 2337 274 2366 ex
301 2321 533 2367 Patribus
559 2323 743 2368 nostris
778 2322 991 2367 Romam
1026 2322 1422 2380 proficiscentem
1457 2323 1674 2379 cogebat

45 2408 94 2442 ut
131 2407 298 2443 certos
337 2414 564 2444 nummos
598 2415 780 2444 aureos
813 2399 860 2444 in
895 2409 1145 2456 sumptum
1179 2400 1367 2445 itineris
1402 2400 1670 2456 acciperet;

45 2489 166 2531 quos
189 2485 359 2521 noster
382 2476 462 2521 ille
487 2491 578 2532 pro
602 2492 692 2521 sua
716 2477 958 2522 modestia
982 2476 1160 2523 renuit.

92 2637 109 2658 a
152 2643 250 2678 ergo
271 2642 351 2669 ms.

49 2815 51 2817 -
94 2786 104 2810 ¹
157 2787 378 2835 Episcopus
393 2788 650 2826 ferrariensis
665 2789 714 2825 ab
730 2803 836 2826 anno
853 2790 955 2835 1553,
973 2790 1086 2837 juxta
1099 2789 1346 2826 UGHELLUM
1359 2788 1514 2834 (Italia
1529 2800 1673 2831 sacra,

49 2845 98 2888 II,
116 2847 213 2893 557),
235 2854 323 2885 erat
342 2847 553 2894 Aloysius,
574 2849 767 2885 Herculis
786 2849 835 2894 ΙΙ,
857 2850 969 2885 ducis
988 2849 1219 2893 Ferrariae,
1241 2847 1357 2885 filius.
1388 2848 1452 2885 De
1471 2862 1550 2896 quo
1568 2849 1675 2886 idem

49 2911 198 2943 auctor:
223 2920 338 2944 «usus
369 2907 633 2955 suffraganeo
661 2914 722 2945 est
749 2909 789 2945 in
816 2909 1072 2945 ferrariensis
1101 2908 1298 2945 ecclesiae
1326 2909 1675 2946 administratione

49 2963 259 3011 Alphonso
278 2968 484 3012 Rossetto,
506 2968 692 3014 episcopo
711 2968 969 3012 comaclensi;
991 2968 1031 3004 in
1050 2979 1171 3013 quem
1198 2972 1285 3014 post
1312 2967 1523 3005 duodecim
1550 2982 1676 3006 annos

49 3024 316 3062 sacerdotium
335 3026 436 3063 illud
455 3026 744 3064 conferendum
764 3028 959 3064 curauit.»
