2043 3467
409 286 455 324 60
877 287 1099 324 LITTERAE
1126 288 1480 334 QUADRIMEsTREs

1150 493 1209 542 121

773 623 824 668 P.
864 622 1288 669 LEONARDUS
1323 622 1583 669 KESSEL

857 740 1037 766 COLONIA
1068 730 1111 766 13
1135 740 1329 777 JANUARII
1358 730 1447 767 1557
1474 732 1498 767 ¹.

363 832 392 868 1.
426 832 850 878 Colom‘ensesfldem
873 832 1134 869 catholicam
1155 836 1404 869 constanter
1423 835 1619 870 retinent.
1636 854 1672 858 *—
1686 833 1883 870 Domum
1902 844 1992 871 am-

428 892 683 936 plissimam
711 891 917 928 Societati
942 891 1257 937 offeruntss2.
1287 892 1496 928 Faczlltas
1523 894 1690 929 artl‘nnz
1718 896 1886 930 nostros
1918 893 1993 930 ad-

432 951 968 988 mittit.—Coloniensimn
1006 953 1169 988 civiun'z
1206 962 1307 997 erga
1343 952 1599 989 Societatem
1635 952 1992 989 benevolentia.—

429 1011 466 1046 3.
496 1010 564 1047 De
582 1011 861 1047 concionibus
880 1014 920 1047 et
937 1011 1192 1047 lectionibus
1207 1022 1233 1048 (ι
1254 1013 1412 1048 nostris
1431 1012 1605 1048 habitis.
1620 1033 1658 1037 -
1671 1013 1706 1049 4.
1744 1012 1778 1048 Τ
1775 1013 1996 1058 lzeologz'ae

432 1069 583 1106 studia
621 1070 1055 1116 promoventur.-5.
1104 1070 1353 1108 Vocationes
1388 1073 1539 1108 variae
1573 1072 1633 1108 ad
1669 1072 1992 1109 Societatem.—

431 1127 467 1166 6.
497 1129 565 1167 De
582 1130 852 1177 qmbusdam
872 1131 1029 1168 amnicis
1049 1131 1286 1168 Societatis.

424 1231 460 1276 1.
520 1234 548 1283 †
572 1231 675 1290 Jhs.
699 1229 882 1277 Gratia
901 1240 949 1277 et
967 1246 1067 1288 pax
1085 1230 1165 1277 X.i
1192 1231 1388 1277 Domini
1408 1232 1677 1279 nobiscum.
1701 1232 1877 1278 Amen.
1900 1232 1990 1279 Re-

362 1309 583 1354 verende
607 1308 653 1354 in
680 1308 772 1354 X.0
796 1308 878 1354 Pr.
907 1308 1202 1354 Obedientia
1227 1318 1402 1355 sancta
1421 1325 1480 1355 ea
1504 1325 1581 1355 me
1604 1319 1832 1367 repetere
1855 1310 1992 1368 facit,

362 1401 489 1444 quae
513 1387 541 1432 4
565 1386 815 1432 mensibus
842 1386 1021 1444 elapsis
1045 1386 1200 1432 fusius
1223 1387 1286 1433 ad
1310 1386 1362 1432 P.
1391 1387 1458 1433 V.
1485 1387 1788 1445 scripsimus.

452 1463 781 1509 >Aduersariis
832 1462 941 1509 fidei
985 1463 1260 1509 catholicae
1309 1473 1484 1509 nostra
1529 1463 1739 1510 Colonia
1783 1464 1994 1511 viriliter

364 1541 525 1586 adhuc
549 1540 749 1598 resistit,
772 1540 887 1586 licet
909 1540 1008 1586 vim
1029 1556 1265 1597 magnam
1288 1539 1508 1598 patiatur
1532 1541 1781 1598 indictam,
1808 1541 1995 1588 vtinam

361 1618 519 1664 solum
547 1618 609 1664 ab
634 1618 899 1664 extraneis
924 1621 943 1639 a
967 1627 1015 1663 et
1040 1634 1134 1663 non
1160 1634 1190 1663 a
1213 1618 1494 1663 domesticis
1519 1617 1637 1663 eius.
1665 1617 1763 1663 Sed
1798 1618 1995 1664 confidi-

364 1710 472 1740 mus
507 1695 554 1740 in
589 1695 803 1741 Domino
838 1696 965 1752 quod
999 1704 1284 1741 sanctorum
1314 1695 1519 1753 meritis,
1553 1711 1763 1752 quorum
1786 1695 1864 1741 hic
1887 1711 1993 1742 cor-

360 1788 486 1830 pora
511 1773 843 1830 requiescunt,
871 1789 981 1819 eam
1005 1773 1227 1819 seruabit
1251 1772 1444 1818 firmam
1469 1789 1529 1819 ac
1552 1788 1726 1819 sanam
1752 1773 1794 1818 in
1821 1773 1930 1831 fide,
1963 1790 1993 1819 a

360 1866 455 1908 qua
487 1866 737 1908 nunquam
769 1850 948 1896 defecit
982 1866 1011 1896 a
1050 1849 1352 1907 temporibus
1391 1851 1752 1907 apostolorum,
1795 1851 1992 1907 quando

360 1943 471 1973 eam
498 1927 656 1984 primo
682 1928 885 1985 recepit.
913 1928 1151 1985 Magnum
1176 1927 1316 1973 nobis
1341 1927 1415 1973 hic
1442 1927 1619 1972 ostium
1643 1936 1872 1984 apertum
1901 1936 1991 1984 est,

360 2022 450 2052 nec
475 2021 709 2063 vmquam
734 2005 876 2051 nobis
898 2014 1038 2051 tanta
1062 2005 1261 2050 occasio
1295 2005 1341 2050 in
1377 2005 1575 2050 Domini
1610 2005 1756 2051 vinea
1790 2005 1994 2051 fructifi—

359 2083 502 2129 candi
522 2083 640 2128 data
663 2092 753 2140 est,
780 2082 934 2128 sicuti
955 2082 973 2109 b
994 2082 1156 2128 modo.
1184 2082 1311 2128 Nam
1332 2082 1558 2128 consules
1577 2082 1886 2129 colonienses
1910 2084 1990 2129 ob-

359 2161 578 2206 tulerunt
600 2160 741 2206 nobis
765 2160 962 2206 domum
985 2159 1355 2217 amplissimam,
1382 2176 1509 2217 quae
1529 2176 1627 2206 vna
1651 2170 1725 2206 est
1749 2176 1812 2205 ex
1835 2161 1992 2207 tribus

359 2237 522 2283 bursis
546 2236 620 2294 (vt
643 2237 721 2283 hic
744 2236 963 2294 vocant).
992 2237 1095 2283 siue
1120 2237 1360 2293 collegiis,
1387 2236 1629 2294 inquibus
1652 2237 1856 2283 studiosi
1876 2237 1992 2282 ado—

359 2316 602 2360 lescentes
628 2314 906 2360 studiorum
930 2330 1130 2360 cursum
1155 2314 1201 2359 in
1226 2314 1419 2360 artibus
1450 2313 1715 2374 absoluere
1746 2320 1763 2341 ⁶
1789 2329 1992 2360 consue-

361 2401 556 2438 uerunt.
585 2392 689 2437 Iam
714 2391 836 2436 bene
861 2391 1040 2437 mensis
1064 2399 1153 2447 est,
1185 2391 1326 2447 quod
1351 2390 1368 2417 ‘¹
1391 2391 1485 2436 hoc
1508 2390 1774 2447 collegium
1809 2390 1994 2437 nostris

367 2470 587 2516 oblatum
612 2480 703 2516 est.
730 2470 834 2515 Iam
861 2468 998 2515 breui
1023 2468 1141 2514 illud
1165 2475 1180 2495 θ
1202 2467 1494 2514 intrabimus
1517 2469 1548 2514 ².

411 2626 428 2646 ³
474 2619 666 2657 externis.
722 2619 787 2646 —-b
819 2631 954 2666 quam.
1009 2625 1071 2645 -c
1103 2616 1313 2654 conficere.
1366 2615 1433 2643 -d
1453 2628 1504 2653 ex
1521 2628 1612 2663 quo.
1668 2623 1730 2644 -e
1750 2616 1790 2653 in
1808 2617 1920 2654 illud.

416 2759 424 2776 ¹
477 2757 538 2794 Ex
558 2757 810 2804 autographo
830 2756 869 2793 in
889 2755 1023 2793 codiee
1046 2755 1185 2792 Germ.
1208 2754 1302 2798 185,
1326 2754 1341 2790 1
1363 2753 1446 2797 fol..
1467 2767 1504 2790 n.
1529 2753 1584 2797 16,
1606 2754 1716 2801 prius
1739 2754 1821 2792 2205.
1849 2754 1995 2792 Emen-

366 2817 459 2853 data
480 2821 539 2853 est
559 2830 582 2853 a
600 2817 789 2858 Polanco‚
812 2817 926 2865 cujus
946 2814 1248 2852 emendationes
1266 2814 1307 2850 in
1325 2813 1651 2850 annotationibus
1666 2814 1820 2850 damus.
1843 2814 1994 2851 Oblite-

366 2881 455 2912 rata
475 2880 610 2912 autem
630 2876 775 2912 italicis
794 2875 940 2912 litteris
960 2874 1000 2911 in
1025 2879 1138 2911 textu
1164 2878 1362 2910 notamus.
1392 2872 1486 2909 Duo
1513 2872 1594 2909 alia
1622 2874 1809 2921 exempla
1836 2878 1996 2910 exstant

365 2935 405 2971 in
425 2934 466 2971 ff.
490 2935 533 2971 17
551 2940 591 2971 et
612 2934 679 2971 106
703 2935 884 2983 ejusdem
911 2933 1067 2971 codicis.
1090 2932 1193 2970 Eam
1221 2932 1450 2969 summatim
1476 2931 1625 2969 indicat
1649 2932 1838 2977 HANSEN,
1864 2933 1996 2970 Rhez‘-
2041 2944 2043 2946 ·

369 2994 519 3031 m’sclw
535 2993 687 3031 Aleten.
697 3023 703 3030 .
713 3023 735 3039 .,
755 2993 837 3030 286.

411 3053 424 3072 2
476 3052 584 3089 Vide
604 3053 710 3090 Lz'tt.
731 3053 984 3100 Quadrima,
1005 3052 1080 3095 IV,
1101 3051 1182 3098 612,
1204 3057 1245 3089 et
1264 3050 1430 3088 inferius
1448 3049 1618 3088 Somalii
1633 3050 1844 3098 epistolam
1859 3050 1938 3087 diei
1951 3049 1998 3087 23
2039 3097 2043 3103 Ι

370 3111 523 3150 Martii.
