2054 3530
375 321 398 356 o
842 319 1060 357 LITTERAE
1089 320 1442 366 QUADRIMESTRES

327 415 470 461 huius
494 415 649 461 nostri
673 415 867 472 collegii
891 415 1175 473 gandiensis
1209 415 1282 460 his
1316 425 1527 471 quatuor
1562 415 1808 461 mensibus
1843 430 1951 472 pro-

328 493 459 538 xime
498 493 799 550 praeteritis,
841 493 1105 538 admodum
1145 491 1438 537 Reuerende
1477 491 1643 549 Pater,
1685 492 1757 536 his
1801 491 1952 537 literis

332 569 469 616 breui
494 579 541 615 te
564 569 747 615 faciam
771 569 1054 615 certiorem.

388 646 430 692 2.
466 647 654 703 Magna
678 655 751 692 est
773 646 1025 691 hominum
1050 645 1324 701 multitudo,
1351 660 1478 702 quae
1510 646 1635 690 solet
1668 644 1840 690 diebus
1873 645 1952 689 do-

329 723 517 769 minicis
542 733 691 780 atque
714 724 853 769 festis
878 724 940 768 ad
964 732 1164 768 nostras
1188 723 1335 768 aedes
1355 737 1528 767 sacras
1548 721 1831 778 conuenire,
1854 730 1954 784 tam

327 801 757 858 percipiendorum
781 810 1211 846 sacramentorum
1237 815 1403 855 causa,
1431 814 1578 856 quam
1597 799 1954 844 audiendarum

328 878 638 924 concionum.
666 877 927 924 Habentur
951 878 1077 923 enim
1102 877 1149 922 in
1173 886 1344 923 nostro
1368 877 1552 934 templo
1587 885 1825 933 perpetuo
1860 876 1953 921 die-

329 956 419 1001 bus
443 954 696 1000 dominicis
720 969 899 1000 sacrae
923 954 1201 1010 concioneS,
1229 962 1277 999 et
1301 953 1408 999 aliis
1438 952 1774 999 celeberrimis
1797 951 1952 1009 festiS,

329 1032 375 1077 in
409 1031 583 1088 quibus
613 1031 675 1077 ad
704 1046 969 1087 vesperam
993 1030 1172 1076 ibidem
1196 1030 1421 1076 doctrina
1445 1029 1714 1075 christiana
1738 1045 1849 1074 cum
1875 1045 1953 1074 ex-

328 1108 611 1165 planatione
630 1107 849 1164 diligenti
873 1107 1197 1153 articulorum
1218 1106 1343 1164 fidei,
1366 1117 1746 1164 praeceptorum
1765 1106 1888 1163 legis
1908 1116 1954 1151 et

330 1184 589 1230 Ecclesiae
614 1185 821 1230 docetur
845 1185 1040 1241 publica
1064 1184 1317 1229 concione.

387 1261 427 1307 3.
495 1261 812 1307 Instruuntur
845 1270 1111 1318 praeterea
1146 1261 1190 1305 in
1226 1262 1398 1306 eadem
1432 1261 1657 1306 doctrina
1691 1260 1957 1317 praedictis

329 1333 502 1378 diebus
525 1333 756 1378 absoluta
780 1333 1017 1378 concione
1042 1332 1198 1389 pueri,
1220 1333 1297 1377 cui
1317 1347 1413 1377 non
1433 1334 1732 1378 erubescunt
1756 1332 1954 1377 interes-

329 1425 382 1455 se
406 1410 621 1456 maiores
644 1419 779 1467 natu3
808 1425 952 1466 quam
978 1409 1041 1454 illi
1066 1408 1308 1455 cantitant
1327 1412 1442 1466 (quo
1462 1409 1656 1454 facilius
1675 1409 1721 1454 in
1740 1409 1956 1455 animum

331 1486 585 1543 illabatur)
609 1496 759 1532 cantu
784 1487 1007 1543 remisso,
1045 1485 1202 1542 suani,
1238 1495 1286 1531 et
1320 1485 1390 1531 rei
1424 1486 1708 1542 propositae
1742 1486 1955 1531 maxime

333 1562 678 1610 accomodato.

388 1641 431 1686 4.
499 1640 596 1697 Qui
620 1640 682 1686 ad
706 1655 795 1685 nos
819 1639 1124 1696 frequenter,
1152 1640 1317 1696 gratia
1351 1639 1615 1685 confitendi
1650 1650 1872 1697 peccata,
1910 1649 1957 1686 et

329 1717 676 1774 percipiendae
709 1732 888 1762 sacrae
922 1716 1279 1762 communionis
1314 1717 1571 1775 accedunt,
1609 1727 1720 1763 sunt
1749 1718 1957 1774 amplius

330 1793 542 1839 ducenti:
571 1809 634 1839 ex
658 1793 832 1850 quibus
855 1793 935 1838 alii
961 1802 1140 1838 octauo
1164 1808 1359 1850 quoque
1383 1793 1477 1849 die,
1514 1794 1594 1839 alii
1630 1794 1797 1850 quinto
1831 1794 1956 1840 deci-

330 1886 426 1926 mo,
468 1870 549 1915 alii
588 1880 936 1926 quotoquoque
980 1885 1145 1915 mense
1189 1869 1317 1916 idem
1357 1879 1629 1928 praestant3
1672 1880 1724 1915 vt
1762 1880 1957 1916 taceam

331 1948 456 1993 alios
490 1947 569 2004 qui
603 1947 786 1992 eisdem
820 1946 1005 1992 sanctis
1038 1947 1210 1992 studiis
1243 1947 1357 1993 alibi
1392 1947 1694 1994 incumbunt:
1722 1949 1850 2005 quod
1875 1949 1962 1994 mi-

331 2025 538 2070 randum
565 2034 654 2081 est,
684 2024 730 2069 in
754 2024 931 2081 oppido
956 2024 1253 2081 praesertim
1278 2035 1378 2070 tarn
1399 2025 1598 2081 exiguo.

389 2102 432 2147 5.
501 2100 625 2146 Cum
656 2101 701 2146 in
732 2110 1017 2157 pentecoste
1050 2100 1261 2158 jubileus
1295 2102 1357 2146 ad
1390 2118 1479 2147 nos
1513 2103 1689 2148 missus
1724 2103 1956 2149 indicere-

332 2188 411 2225 tur
436 2189 463 2235 1,
496 2178 693 2223 numine
717 2177 809 2222 Dei
835 2177 1021 2223 factum
1045 2188 1135 2234 est,
1174 2187 1226 2223 vt
1260 2193 1319 2224 eo
1343 2188 1568 2235 tempore
1600 2181 1706 2236 plus
1730 2181 1955 2237 quadrin-

331 2255 493 2312 gentis
518 2255 825 2311 perciperent
849 2255 1203 2300 eucharistiam
1228 2255 1273 2300 in
1303 2265 1472 2301 nostro
1503 2258 1701 2313 templo.
1740 2257 1883 2314 Quod
1918 2258 1957 2303 si

331 2333 487 2378 nostri
511 2342 559 2377 et
581 2332 792 2377 aliorum
817 2332 1112 2389 templorum
1146 2348 1389 2378 summam
1415 2333 1621 2379 velimus
1644 2334 1828 2389 facere,
1856 2335 1956 2381 fue-

332 2419 445 2454 runt
469 2409 678 2465 amplius
702 2408 831 2453 mille
856 2418 902 2454 et
926 2408 1194 2465 quingenti.

390 2485 433 2531 6.
501 2484 722 2530 Cunctus
759 2484 837 2529 hic
875 2485 1081 2541 populus
1125 2494 1199 2530 est
1243 2485 1388 2530 valde
1432 2486 1656 2531 addictus
1698 2485 1952 2545 Societati‚

333 2561 626 2619 praesertim
660 2561 772 2606 huic
805 2561 1018 2618 collegio
1048 2577 1176 2607 nunc
1199 2562 1357 2618 magis
1382 2577 1528 2619 quam
1552 2579 1767 2621 vnquam
1790 2564 1952 2623 fuerit3

333 2632 396 2677 ad
430 2632 558 2689 quod
591 2632 643 2677 fit
675 2631 906 2689 frequens
940 2647 1210 2678 concursus
1233 2633 1499 2678 multorum
1522 2633 1849 2691 flagitantium
1874 2652 1958 2682 no-

333 2718 487 2754 stram
511 2725 729 2765 operam,
758 2725 904 2766 quam
928 2709 1122 2766 PatreS,
1150 2711 1318 2755 oblata
1336 2711 1616 2769 occasione,
1638 2713 1956 2760 libentissime

333 2795 607 2844 praestant.
635 2785 806 2831 Solent
831 2786 959 2831 enim
988 2786 1230 2832 accedere
1260 2787 1322 2832 ad
1347 2803 1532 2845 aegros
1555 2790 1778 2835 volentes
1812 2790 1954 2836 confi-

334 2863 426 2909 teri
450 2872 659 2919 peccata
682 2876 789 2915 sua;
816 2863 992 2920 quibus
1015 2863 1055 2908 si
1079 2863 1345 2920 contigerit
1368 2865 1583 2911 animam
1607 2881 1778 2923 agere,
1806 2867 1954 2914 etiam

335 2948 536 2997 praesto
561 2948 686 2985 sunt.

384 3072 393 3090 ¹
449 3069 696 3116 «jubilaeum
716 3068 850 3112 etiarn,
872 3081 895 3104 a
911 3068 1039 3105 Paulo
1056 3069 1118 3106 IV
1142 3081 1212 3116 pro
1238 3082 1336 3116 pace
1362 3070 1469 3107 inter
1494 3071 1693 3118 principes
1719 3072 1954 3111 christianos

335 3141 581 3173 concessum,
603 3127 652 3164 ad
672 3127 783 3163 varia
802 3128 889 3164 loca
908 3128 1072 3164 missum
1092 3133 1189 3165 est.»
1210 3128 1441 3174 ΡοιΑΝθυε,
1467 3130 1634 3175 Chron„
1660 3130 1728 3176 VI,
1753 3131 1806 3168 16.
