1909 3328
254 232 323 268 928
720 231 938 268 LITTERAE
965 230 1320 275 QUADRIMESTRES

208 329 335 373 cium
361 327 607 384 quoddam
631 326 974 373 conclusiones
1002 342 1032 372 a
1055 342 1109 372 se
1142 327 1385 373 reiiciunt.
1423 327 1665 374 Illuminet
1696 328 1833 375 Deus

211 413 399 449 mentes
437 419 632 461 eorum,
676 418 771 449 non
809 412 911 449 tam
953 403 1272 450 aristotelicis
1311 405 1643 463 argumentis,
1685 421 1832 463 quam

209 497 327 527 suae
351 481 548 526 tandem
573 480 915 526 sanctissimae
945 480 1144 538 gratiae
1167 481 1362 527 lumine.
1391 480 1658 528 Orationes
1681 483 1832 539 publi-

208 574 263 604 ce
287 574 316 603 a
340 557 523 603 nostris
553 557 716 614 sepius
750 557 848 603 iam
882 567 993 603 sunt
1028 557 1286 615 recitatae,
1328 558 1502 615 quibus
1540 559 1833 606 mirabiliter

207 634 516 681 auditoribus
568 644 643 680 est
695 634 1025 681 satisfactum.
1082 635 1134 680 In
1193 635 1567 694 circuncisione,
1624 637 1833 683 nominis

206 711 376 772 JHSV
408 721 685 758 tractantes
719 714 738 733 a
772 711 943 758 laudes
978 711 1006 768 ¹,
1045 713 1199 758 multa
1233 712 1292 759 de
1325 724 1529 760 nostrae
1568 713 1833 761 Societatis

207 790 517 835 adiunximus
540 789 780 846 instituto,
808 799 859 836 ut
883 789 1014 846 illud,
1043 790 1105 835 ad
1130 790 1371 837 maiorem
1396 791 1490 837 Dei
1508 792 1738 848 gloriam,
1761 793 1833 838 his

208 866 481 912 hominibus
505 867 808 923 elucescens,
835 867 1072 924 paulatim
1097 883 1182 913 eos
1207 868 1408 914 alliciat.

263 945 305 990 5.
372 944 548 990 Pueris
571 960 780 1002 quoque,
809 945 888 1002 qui
912 945 1073 1002 magis
1109 945 1155 990 in
1190 945 1362 991 studiis
1397 945 1669 1003 profecisse
1703 946 1832 992 uide-

208 1024 401 1080 bantur,
428 1036 607 1067 nouam
631 1023 842 1068 classem
869 1022 1177 1067 distinximus
1201 1037 1311 1068 cum
1336 1038 1466 1069 nouo
1485 1033 1829 1081 praeceptore,

206 1116 413 1157 quorum
437 1100 635 1157 ingenia
659 1115 754 1157 quo
779 1108 949 1145 mutua
974 1100 1271 1146 emulatione
1295 1100 1639 1146 excitarentur
1671 1100 1831 1157 priua-

206 1178 290 1223 tim
315 1186 427 1224 sunt
451 1177 734 1232 examinati,
761 1192 822 1223 ac
845 1177 914 1223 sic
940 1177 1132 1235 publice
1168 1178 1212 1223 in
1247 1193 1456 1223 ascensu
1480 1193 1569 1234 pro
1603 1177 1832 1223 eruditio-

207 1255 278 1300 nis
303 1255 449 1301 modo
474 1245 649 1312 cuique
674 1255 811 1301 locus
835 1263 884 1300 et
906 1255 1029 1300 ordo
1053 1264 1127 1300 est
1157 1255 1442 1312 attributus;
1480 1254 1655 1312 quibus
1688 1254 1748 1300 R.
1778 1243 1845 1301 P.

208 1342 390 1389 rector,
417 1332 630 1379 caeteris
655 1332 733 1390 qui
759 1347 855 1378 non
885 1333 1212 1378 ascenderent
1236 1332 1636 1389 inspectantibus,
1664 1332 1762 1377 liba
1785 1341 1832 1377 et

206 1411 428 1456 crustula
452 1410 662 1467 quedam
689 1409 911 1456 distribui
936 1409 1240 1466 procurauit.
1267 1408 1523 1455 Sensimus
1542 1418 1714 1466 postea
1738 1424 1831 1454 non

208 1503 379 1545 parum
413 1503 499 1533 eos
533 1487 627 1533 hoc
661 1496 806 1544 pacto
841 1486 902 1532 ad
937 1486 1099 1532 studia
1138 1486 1422 1544 prouocari.
1465 1486 1737 1532 Praetereo
1776 1487 1834 1532 de

207 1565 477 1612 maioribus
501 1565 759 1622 classibus,
786 1565 865 1610 ubi
899 1565 1045 1610 solita
1069 1565 1350 1610 auditorum
1376 1565 1664 1610 laboramus
1687 1579 1832 1621 penu-

208 1643 299 1689 ria.
326 1643 467 1689 Haec
491 1643 551 1689 de
575 1651 894 1689 externorum
919 1642 1106 1688 studiis.

263 1719 306 1766 6.
372 1719 502 1776 Quid
526 1720 585 1765 de
608 1719 851 1776 spirituali
874 1719 1152 1765 animarum
1177 1718 1405 1775 profectu
1429 1719 1612 1764 dicam?
1630 1718 1683 1764 P.
1705 1718 1832 1764 Hen-

208 1797 339 1842 ricus
362 1797 407 1842 in
432 1812 551 1842 arce
575 1795 705 1853 apud
739 1811 912 1852 regem
946 1805 995 1841 et
1029 1795 1295 1852 principem
1331 1797 1346 1820 2
1382 1795 1486 1852 agit
1520 1795 1832 1841 concionato-

206 1890 325 1930 rem,
352 1873 749 1931 frequentissima
772 1873 936 1930 populi
962 1873 1270 1919 multitudine
1304 1882 1352 1919 et
1380 1872 1501 1919 satis
1534 1888 1719 1930 magna
1752 1888 1833 1930 ap-

206 1951 516 2010 probatione;
544 1967 605 1997 ex
629 1951 805 2008 quibus
829 1950 1165 2008 concionibus,
1203 1951 1297 1996 hoc
1321 1951 1616 2008 praesertim
1649 1959 1832 2007 tempo-

207 2046 277 2087 re,
303 2039 442 2076 tanto
466 2028 712 2086 copiosior
736 2027 1012 2085 sperandus
1035 2038 1109 2074 est
1132 2027 1340 2085 fructus,
1367 2028 1497 2086 quod
1517 2028 1732 2073 omnium
1752 2043 1832 2072 un-

206 2107 450 2164 diquaque
473 2105 804 2151 concursione
828 2105 978 2151 totius
1002 2105 1144 2162 regni
1170 2121 1297 2151 nunc
1327 2105 1405 2151 hic
1438 2114 1656 2162 agantur
1688 2104 1832 2150 comi-

209 2183 294 2230 tia.
320 2183 580 2230 Laudetur
603 2191 651 2229 et
674 2181 984 2240 glorificetur
1006 2182 1261 2228 Dominus.

265 2261 307 2306 7.
373 2260 560 2306 Frater
579 2259 921 2317 Wolfgangus
945 2260 960 2284 ³
985 2259 1063 2316 qui
1093 2259 1284 2305 Uienna
1309 2275 1466 2316 nuper
1489 2259 1551 2305 ad
1570 2275 1658 2305 nos
1682 2259 1830 2317 uenit,

207 2338 461 2385 dominicis
479 2338 649 2384 diebus
674 2337 1000 2384 concionatur
1021 2337 1068 2382 in
1093 2346 1265 2383 nostro
1290 2337 1488 2395 templo,
1509 2336 1833 2394 frequentiori

207 2431 352 2472 quam
391 2416 631 2462 hactenus
668 2415 793 2461 solet
831 2414 1092 2460 auditorio,
1130 2413 1487 2460 Confitentium
1523 2430 1718 2472 quoque
1746 2430 1832 2459 nu-

208 2509 374 2539 merus
397 2492 539 2539 solito
563 2491 652 2539 fuit
676 2492 837 2538 maior
860 2492 906 2537 in
929 2491 1022 2536 hoc
1046 2491 1215 2537 natali.
1243 2491 1322 2537 Ex
1344 2491 1527 2537 nostris
1547 2490 1713 2548 pueris
1734 2506 1832 2536 non

207 2571 365 2616 solum
384 2569 628 2628 catholici,
655 2569 743 2615 sed
765 2578 814 2615 et
837 2569 1055 2615 hussitae
1075 2570 1147 2624 (ut
1171 2578 1274 2614 tres
1297 2578 1383 2615 aut
1402 2569 1636 2627 quatuor)
1655 2570 1717 2614 ad
1737 2569 1831 2614 Dei

254 2749 273 2768 a
322 2749 533 2786 tractantis
552 2760 633 2786 ms.

258 2913 266 2931 ¹
322 2911 426 2948 Vide
448 2923 540 2958 pag.
560 2910 644 2947 525.

253 2971 266 2990 ²
317 2970 417 3017 Pag.
438 2969 609 3007 525-526.

258 3029 272 3049 ³
319 3028 597 3076 Wolfgangus
616 3029 764 3066 Faber.
786 3028 893 3066 Vide
913 3041 1005 3075 pag.
1027 3027 1109 3071 433,
1130 3032 1263 3065 annot.
1282 3028 1317 3074 5,
1338 3031 1378 3064 et
1397 3039 1493 3074 pag.
1513 3025 1597 3065 681.
