1910 3380
540 326 859 363 59.—LAURET0
884 325 931 361 29
958 325 1027 361 MA
1034 335 1066 371 J1
1097 325 1184 360 1557
1557 325 1626 361 239

47 423 278 480 sionibus,
305 422 476 466 tum-in
506 420 934 466 exhortationibus
968 420 1014 465 in
1049 419 1273 464 exercitu
1307 420 1556 474 gallorum
1592 421 1672 476 qui

45 501 138 546 hac
162 500 251 544 fuit
285 499 461 544 ductus
499 498 524 553 ¹,
568 499 704 554 isque
730 504 747 524 ὃ
772 497 1022 553 copiosior
1053 497 1098 541 in
1134 496 1377 541 nobilibus
1413 497 1545 541 uisus
1580 506 1669 542 est.

49 577 174 622 Nam
215 576 351 621 multi
390 576 556 633 gratia
596 575 843 620 salutandi
884 574 1149 631 Virginem
1186 573 1231 618 in
1272 574 1363 618 hoc
1403 583 1617 630 augusto
1655 574 1673 600 b

41 655 245 710 templo,
272 653 585 709 animumque
609 651 800 697 colendi
826 651 1101 696 Lauretum
1121 659 1379 696 uenerunt.
1402 650 1505 695 Nos
1525 651 1672 696 etiam

44 730 320 776 adiuerunt.
349 729 574 774 Tandem
601 738 916 774 recesserunt
935 727 1106 772 affecti
1125 742 1309 783 magna
1329 736 1430 772 tum
1450 728 1672 772 consola-

45 808 191 864 tione,
219 816 321 852 tum
342 806 644 852 institutione
663 815 867 862 propter
887 805 1191 861 singularem
1209 804 1505 849 charitatem
1526 820 1671 861 quam

45 900 167 941 erga
191 900 362 929 omnes
385 884 675 929 sacerdotes
700 882 855 928 nostri
876 883 1162 938 utebantur,
1184 891 1231 926 et
1250 890 1455 938 propter
1474 882 1674 938 spiritus

46 961 295 1013 ardorem,
322 961 605 1016 linguarum
633 959 945 1015 uarietatem,
967 958 1143 1014 quibus
1168 958 1324 1003 nostri
1349 958 1571 1015 apprime
1596 974 1672 1003 or-

46 1037 145 1083 nati
170 1037 414 1083 uidentur.

100 1114 143 1160 3.
213 1114 350 1160 Multi
375 1114 597 1159 homines
621 1123 719 1159 tum
746 1113 941 1170 eruditi,
970 1123 1073 1158 tum
1098 1113 1260 1169 ignari
1295 1122 1343 1158 et
1385 1112 1531 1158 rudes
1557 1113 1672 1158 diui-

46 1207 105 1237 ne
130 1191 252 1248 legis
277 1191 340 1236 ab
370 1191 714 1247 oppinionibus
749 1200 797 1235 et
831 1190 1102 1246 erroribus,
1142 1190 1316 1246 quibus
1352 1190 1498 1235 ualde
1532 1199 1675 1235 erant

39 1269 229 1325 imbuti,
258 1284 412 1324 opera
437 1278 485 1313 et
511 1267 739 1313 benefitio
763 1277 1046 1312 nostrorum
1071 1276 1184 1312 sunt
1208 1267 1449 1312 reuocati.
1477 1266 1674 1312 Verum

45 1347 139 1392 hoc
163 1346 467 1403 potissimum
493 1345 729 1390 effectum
755 1354 830 1390 est
853 1345 966 1389 dum
990 1345 1242 1390 exercitus
1266 1345 1574 1395 ductaretur,
1613 1360 1675 1389 ex

23 1439 141 1480 -quo
185 1423 482 1480 praecipuus
527 1422 720 1467 fructus
755 1421 1026 1478 'profectus
1071 1430 1157 1467 est.
1217 1421 1412 1466 Futura
1464 1422 1673 1467 mutatio

46 1516 216 1545 eorum
240 1500 380 1545 nobis
405 1500 664 1545 declarata
684 1508 758 1544 est
778 1515 839 1543 ex
860 1514 982 1543 uera
1001 1499 1247 1544 scelerum
1267 1498 1595 1544 detestatione
1615 1514 1675 1544 ac

46 1592 227 1634 magno
254 1576 401 1621 animi
427 1577 614 1632 dolore,
641 1585 689 1620 et
714 1575 877 1621 multis
902 1576 1167 1632 gemitibus
1190 1585 1238 1620 et
1263 1576 1531 1631 lachrimis,
1568 1585 1673 1621 tum

46 1669 167 1699 uoce
192 1653 513 1710 penitentium
538 1652 617 1709 qui
644 1652 1005 1709 pollicebantur
1030 1652 1075 1697 in
1105 1661 1359 1708 posterum
1394 1667 1446 1697 se
1482 1653 1545 1697 ad
1578 1652 1672 1708 pri-

35 1731 221 1776 stinam
246 1730 441 1775 heresin
466 1746 563 1775 non
588 1729 836 1774 redituros
862 1745 985 1774 esse.

102 1808 144 1854 4.
212 1807 358 1864 Quod
393 1807 455 1852 ad
489 1807 857 1852 confessionum
891 1806 1053 1851 iorum
1088 1815 1298 1863 spectat,
1334 1807 1463 1851 haud
1504 1806 1673 1862 paucis

24 1885 360 1930 --conscribere
385 1899 582 1940 possem
616 1884 784 1928 clades
818 1884 1084 1940 lapsusque
1119 1884 1398 1928 animarum
1435 1899 1560 1940 quae
1596 1883 1674 1928 diu

34 1954 208 2007 „multis
231 1961 504 2007 sceleribus
527 1970 576 2006 et
599 1960 799 2017 flagitiis
824 1960 1175 2014 contaminate,
1197 1961 1395 2006 tandem
1418 1961 1460 2005 in
1484 1961 1575 2006 hoc
1599 1976 1673 2005 sa-

46 2037 132 2085 cro
154 2049 329 2085 sancto
354 2040 537 2095 templo
568 2039 782 2095 expiate,
820 2054 908 2083 suo
944 2039 1292 2084 conseruatori
1327 2037 1529 2083 Christo
1564 2049 1674 2083 sunt

48 2117 382 2162 reconciliate.
413 2116 609 2162 Etenim
634 2117 768 2161 multi
796 2116 1014 2161 homines
1034 2117 1306 2161 extiterunt
1325 2117 1403 2173 qui
1424 2132 1673 2171 nunquam

30 2203 270 2254 sanctam
304 2194 567 2238 adiuerunt
600 2193 977 2244 confessionem;
1016 2210 1265 2250 nunquam
1300 2194 1672 2250 praecatioan

47 2270 149 2316 siue
182 2270 495 2327 dominicam,
533 2271 638 2315 siue
672 2271 953 2327 angelicam
990 2271 1452 2327 pronuntiauerant,
1492 2271 1672 2315 Deum-

26 2362 140 2404 ‹-que
163 2348 352 2405 precati
376 2348 591 2393 fuerant.
620 2347 735 2392 Plus
759 2348 937 2404 dicam,
962 2348 1177 2392 nonnulli
1203 2347 1479 2393 inciderunt
1503 2348 1545 2391 in
1574 2363 1671 2392 ma-

48 2439 138 2469 nus
160 2435 462 2479 nostrorum,
491 2425 571 2480 qui
596 2434 697 2469 tarn
723 2440 898 2480 parum
924 2424 1015 2469 uiri
1040 2424 1295 2469 christiani
1331 2422 1610 2480 habere[nt]
1636 2429 1671 2475 ⁶,

49 2511 99 2547 ut
120 2517 278 2560 neque
303 2512 479 2559 aperte
504 2517 662 2558 neque
687 2502 899 2547 obscure
924 2502 1108 2547 scirent
1140 2501 1245 2558 quis
1265 2502 1508 2547 extitisset
1533 2499 1672 2545 Chri-

35 2586 151 2624 ·stus
175 2579 431 2635 Dominus,
461 2579 691 2636 quidnam
717 2579 911 2635 signum
937 2588 1108 2624 sancte
1133 2580 1295 2624 crucis
1319 2580 1406 2624 sibi
1430 2579 1593 2622 uellet:
1623 2588 1673 2623 ut

38 2654 172 2700 inter
199 2656 442 2701 barbaros
466 2665 514 2701 et
540 2665 731 2712 gentes,
759 2671 855 2701 non
879 2667 1044 2701 autem
1069 2656 1197 2701 inter
1221 2655 1518 2700 christianos
1543 2664 1590 2700 et
1623 2653 1673 2699 fi-

26 2759 38 2766 „
51 2732 183 2778 deles
207 2743 350 2778 natos
374 2744 422 2778 et
447 2732 686 2778 educatos
709 2748 818 2778 esse
838 2748 1089 2778 censeres.
1113 2733 1213 2777 Res
1234 2747 1352 2776 sane
1371 2731 1671 2785 miseranda,

24 2823 108 2854 sac
130 2809 256 2855 inter
278 2825 367 2855 nos
397 2809 694 2855 christianos
729 2809 925 2854 minime
960 2809 1258 2855 tolleranda.
1296 2808 1488 2853 Horum
1522 2808 1674 2865 igitur

95 2941 113 2962 ὃ
165 2935 307 2982 hisque
326 2947 406 2973 ms.
461 2936 528 2963 —b
572 2942 688 2972 austo
711 2947 788 2973 ms.
845 2943 906 2963 —c
951 2936 1152 2972 Abscissa
1174 2934 1339 2971 charta.

96 3066 107 3086 ¹
157 3066 371 3105 Gallorum
390 3069 592 3105 exercitus
615 3069 666 3105 ad
692 3068 913 3105 subsidium
942 3067 1137 3115 pontificis
1169 3072 1338 3104 venerat
1369 3072 1508 3103 contra
1541 3068 1674 3115 copias

29 3123 248 3172 afhispanas.
271 3126 334 3165 Cf.
356 3126 615 3170 SACCHINUM‚
637 3128 752 3165 Hz'st.
776 3128 866 3166 Soc.
882 3127 1007 3174 sesa,
1030 3131 1131 3174 part.
1152 3126 1200 3173 II,
1223 3127 1291 3164 lib.
1312 3126 1341 3173 I,
1364 3140 1402 3164 n.
1423 3126 1481 3163 97.
