<?xml version="1.0" encoding="UTF-8"?>
<!DOCTYPE html PUBLIC "-//W3C//DTD XHTML 1.0 Transitional//EN"
    "http://www.w3.org/TR/xhtml1/DTD/xhtml1-transitional.dtd">
<html xmlns="http://www.w3.org/1999/xhtml" xml:lang="en" lang="en">
 <head>
  <title>
</title>
<meta http-equiv="Content-Type" content="text/html;charset=utf-8" />
  <meta name='ocr-system' content='tesseract 3.04.00' />
  <meta name='ocr-capabilities' content='ocr_page ocr_carea ocr_par ocr_line ocrx_word'/>
</head>
<body>
  <div class='ocr_page' id='page_1' title='image "./litteraequadrime1705lain_0446.png"; bbox 0 0 1909 3328; ppageno 0'>
   <div class='ocr_carea' id='block_1_1' title="bbox 275 267 1347 315">
    <p class='ocr_par' dir='ltr' id='par_1_1' title="bbox 275 267 1347 315">
     <span class='ocr_line' id='line_1_1' title="bbox 275 267 1347 315; baseline 0.003 -12"><span class='ocrx_word' id='word_1_1' title='bbox 275 267 343 303; x_wconf 63' lang='grc'>411</span> <span class='ocrx_word' id='word_1_2' title='bbox 744 268 962 306; x_wconf 78' lang='lat' dir='ltr'>LITTERAE</span> <span class='ocrx_word' id='word_1_3' title='bbox 991 269 1347 315; x_wconf 76' lang='lat' dir='ltr'><strong>QUADRIMESTRES</strong></span> 
     </span>
    </p>
   </div>
   <div class='ocr_carea' id='block_1_2' title="bbox 229 362 1860 718">
    <p class='ocr_par' dir='ltr' id='par_1_2' title="bbox 229 362 1860 565">
     <span class='ocr_line' id='line_1_2' title="bbox 318 362 1860 423; baseline 0.003 -15"><span class='ocrx_word' id='word_1_4' title='bbox 318 362 608 419; x_wconf 72' lang='lat' dir='ltr'>Inscriptio.</span> <span class='ocrx_word' id='word_1_5' title='bbox 637 363 731 409; x_wconf 90' lang='lat' dir='ltr'>Ihs.</span> <span class='ocrx_word' id='word_1_6' title='bbox 759 364 825 409; x_wconf 83' lang='lat' dir='ltr'>Al</span> <span class='ocrx_word' id='word_1_7' title='bbox 859 381 973 422; x_wconf 87' lang='lat' dir='ltr'>muy</span> <span class='ocrx_word' id='word_1_8' title='bbox 1008 364 1115 409; x_wconf 68' lang='lat' dir='ltr'>R.&lt;¹⁰</span> <span class='ocrx_word' id='word_1_9' title='bbox 1146 364 1223 410; x_wconf 74' lang='grc' dir='ltr'>Ρ.Β</span> <span class='ocrx_word' id='word_1_10' title='bbox 1255 381 1361 411; x_wconf 89' lang='lat' dir='ltr'>nro.</span> <span class='ocrx_word' id='word_1_11' title='bbox 1400 382 1459 411; x_wconf 91' lang='lat' dir='ltr'>en</span> <span class='ocrx_word' id='word_1_12' title='bbox 1492 365 1664 423; x_wconf 86' lang='lat' dir='ltr'>Chro.,</span> <span class='ocrx_word' id='word_1_13' title='bbox 1700 368 1744 412; x_wconf 89' lang='lat' dir='ltr'>el</span> <span class='ocrx_word' id='word_1_14' title='bbox 1779 368 1860 413; x_wconf 68' lang='lat' dir='ltr'>Re</span> 
     </span>
     <span class='ocr_line' id='line_1_3' title="bbox 230 439 1856 502; baseline 0.004 -19"><span class='ocrx_word' id='word_1_15' title='bbox 230 439 321 485; x_wconf 81' lang='lat' dir='ltr'>M.⁰</span> <span class='ocrx_word' id='word_1_16' title='bbox 356 440 557 497; x_wconf 82' lang='lat' dir='ltr'>Lainez,</span> <span class='ocrx_word' id='word_1_17' title='bbox 596 441 786 486; x_wconf 89' lang='lat' dir='ltr'>vicario</span> <span class='ocrx_word' id='word_1_18' title='bbox 821 443 1025 498; x_wconf 83' lang='lat' dir='ltr'>general</span> <span class='ocrx_word' id='word_1_19' title='bbox 1060 442 1117 487; x_wconf 89' lang='lat' dir='ltr'>de</span> <span class='ocrx_word' id='word_1_20' title='bbox 1152 443 1199 487; x_wconf 90' lang='grc'>13</span> <span class='ocrx_word' id='word_1_21' title='bbox 1225 443 1501 498; x_wconf 78' lang='lat' dir='ltr'>Compafn&#39;a</span> <span class='ocrx_word' id='word_1_22' title='bbox 1527 443 1586 489; x_wconf 92' lang='lat' dir='ltr'>de</span> <span class='ocrx_word' id='word_1_23' title='bbox 1609 443 1772 502; x_wconf 76' lang='lat' dir='ltr'>Jesus,</span> <span class='ocrx_word' id='word_1_24' title='bbox 1799 461 1856 490; x_wconf 88' lang='lat' dir='ltr'>en</span> 
     </span>
     <span class='ocr_line' id='line_1_4' title="bbox 229 516 1607 565; baseline 0.004 -5"><span class='ocrx_word' id='word_1_25' title='bbox 229 516 317 561; x_wconf 55' lang='lat'>§.¹³</span> <span class='ocrx_word' id='word_1_26' title='bbox 343 516 504 562; x_wconf 81' lang='lat' dir='ltr'>Maria</span> <span class='ocrx_word' id='word_1_27' title='bbox 529 517 587 562; x_wconf 91' lang='lat' dir='ltr'>de</span> <span class='ocrx_word' id='word_1_28' title='bbox 613 518 659 562; x_wconf 91' lang='lat' dir='ltr'>la</span> <span class='ocrx_word' id='word_1_29' title='bbox 685 517 917 563; x_wconf 86' lang='lat' dir='ltr'>Estrada.</span> <span class='ocrx_word' id='word_1_30' title='bbox 948 518 992 562; x_wconf 70' lang='lat' dir='ltr'><strong>A</strong></span> <span class='ocrx_word' id='word_1_31' title='bbox 1017 518 1085 563; x_wconf 47' lang='grc' dir='ltr'>ὃ)</span> <span class='ocrx_word' id='word_1_32' title='bbox 1117 518 1307 564; x_wconf 85' lang='lat' dir='ltr'>Marco.</span> <span class='ocrx_word' id='word_1_33' title='bbox 1337 521 1403 564; x_wconf 83' lang='lat' dir='ltr'>En</span> <span class='ocrx_word' id='word_1_34' title='bbox 1430 519 1607 565; x_wconf 85' lang='lat' dir='ltr'>Roma.</span> 
     </span>
    </p>

    <p class='ocr_par' dir='ltr' id='par_1_3' title="bbox 317 594 560 640">
     <span class='ocr_line' id='line_1_5' title="bbox 317 594 560 640; baseline 0.008 -2"><span class='ocrx_word' id='word_1_35' title='bbox 317 594 416 638; x_wconf 82' lang='lat' dir='ltr'>Pro</span> <span class='ocrx_word' id='word_1_36' title='bbox 441 603 560 640; x_wconf 90' lang='lat' dir='ltr'>toto.</span> 
     </span>
    </p>

    <p class='ocr_par' dir='ltr' id='par_1_4' title="bbox 316 672 1372 718">
     <span class='ocr_line' id='line_1_6' title="bbox 316 672 1372 718; baseline 0.001 -2"><span class='ocrx_word' id='word_1_37' title='bbox 316 672 434 717; x_wconf 73' lang='lat' dir='ltr'>Alia</span> <span class='ocrx_word' id='word_1_38' title='bbox 459 686 676 718; x_wconf 76' lang='lat' dir='ltr'>mann...</span> <span class='ocrx_word' id='word_1_39' title='bbox 707 672 805 718; x_wconf 52' lang='lat' dir='ltr'>Rssa</span> <span class='ocrx_word' id='word_1_40' title='bbox 835 674 886 717; x_wconf 73' lang='lat'>14</span> <span class='ocrx_word' id='word_1_41' title='bbox 910 673 969 717; x_wconf 87' lang='lat' dir='ltr'>de</span> <span class='ocrx_word' id='word_1_42' title='bbox 1015 672 1217 717; x_wconf 84' lang='lat' dir='ltr'>Henero</span> <span class='ocrx_word' id='word_1_43' title='bbox 1246 673 1372 718; x_wconf 76' lang='lat'>1558.</span> 
     </span>
    </p>
   </div>
   <div class='ocr_carea' id='block_1_3' title="bbox 645 873 1438 1028">
    <p class='ocr_par' dir='ltr' id='par_1_5' title="bbox 645 873 1438 1028">
     <span class='ocr_line' id='line_1_7' title="bbox 989 873 1090 924; baseline 0 0"><span class='ocrx_word' id='word_1_44' title='bbox 989 873 1090 924; x_wconf 83' lang='grc'>108</span> 
     </span>
     <span class='ocr_line' id='line_1_8' title="bbox 645 980 1438 1028; baseline 0 -2"><span class='ocrx_word' id='word_1_45' title='bbox 645 981 1003 1028; x_wconf 75' lang='lat' dir='ltr'>CAROLUs</span> <span class='ocrx_word' id='word_1_46' title='bbox 1051 980 1438 1028; x_wconf 79' lang='lat' dir='ltr'>SAGERIUS</span> 
     </span>
    </p>
   </div>
   <div class='ocr_carea' id='block_1_4' title="bbox 712 1076 1366 1113">
    <p class='ocr_par' dir='ltr' id='par_1_6' title="bbox 712 1076 1366 1113">
     <span class='ocr_line' id='line_1_9' title="bbox 712 1076 1366 1113; baseline 0.002 -1"><span class='ocrx_word' id='word_1_47' title='bbox 712 1087 887 1112; x_wconf 76' lang='lat' dir='ltr'><strong>PARISIIS</strong></span> <span class='ocrx_word' id='word_1_48' title='bbox 912 1077 935 1112; x_wconf 78' lang='lat' dir='ltr'>o</span> <span class='ocrx_word' id='word_1_49' title='bbox 962 1086 1194 1112; x_wconf 74' lang='lat' dir='ltr'>NOVEMBRIS</span> <span class='ocrx_word' id='word_1_50' title='bbox 1225 1076 1314 1112; x_wconf 83' lang='lat'>1557</span> <span class='ocrx_word' id='word_1_51' title='bbox 1343 1078 1366 1113; x_wconf 87' lang='lat'>¹.</span> 
     </span>
    </p>
   </div>
   <div class='ocr_carea' id='block_1_5' title="bbox 220 1158 1909 2884">
    <p class='ocr_par' dir='ltr' id='par_1_7' title="bbox 228 1158 1858 1325">
     <span class='ocr_line' id='line_1_10' title="bbox 228 1158 1857 1205; baseline 0.002 -12"><span class='ocrx_word' id='word_1_52' title='bbox 228 1160 256 1196; x_wconf 94' lang='lat' dir='ltr'>l.</span> <span class='ocrx_word' id='word_1_53' title='bbox 289 1159 341 1196; x_wconf 78' lang='lat' dir='ltr'>In</span> <span class='ocrx_word' id='word_1_54' title='bbox 358 1161 664 1205; x_wconf 70' lang='lat' dir='ltr'>proximorum</span> <span class='ocrx_word' id='word_1_55' title='bbox 689 1160 878 1195; x_wconf 76' lang='lat' dir='ltr'>salntem</span> <span class='ocrx_word' id='word_1_56' title='bbox 906 1159 955 1195; x_wconf 77' lang='lat' dir='ltr'>P.</span> <span class='ocrx_word' id='word_1_57' title='bbox 985 1159 1196 1195; x_wconf 78' lang='lat' dir='ltr'>Nt&#39;colmts</span> <span class='ocrx_word' id='word_1_58' title='bbox 1220 1158 1436 1202; x_wconf 78' lang='lat' dir='ltr'>Bellefille</span> <span class='ocrx_word' id='word_1_59' title='bbox 1460 1160 1668 1197; x_wconf 64' lang='lat' dir='ltr'>alacriter</span> <span class='ocrx_word' id='word_1_60' title='bbox 1691 1162 1857 1198; x_wconf 71' lang='lat' dir='ltr'>incum-</span> 
     </span>
     <span class='ocr_line' id='line_1_11' title="bbox 298 1219 1858 1266; baseline 0.001 -10"><span class='ocrx_word' id='word_1_61' title='bbox 298 1219 368 1256; x_wconf 73' lang='lat' dir='ltr'>bit.</span> <span class='ocrx_word' id='word_1_62' title='bbox 385 1219 458 1255; x_wconf 54' lang='grc' dir='ltr'>μ2.</span> <span class='ocrx_word' id='word_1_63' title='bbox 490 1220 668 1265; x_wconf 72' lang='lat' dir='ltr'>Reliqui</span> <span class='ocrx_word' id='word_1_64' title='bbox 694 1220 849 1256; x_wconf 71' lang='lat' dir='ltr'>lillerz&#39;s</span> <span class='ocrx_word' id='word_1_65' title='bbox 873 1220 1112 1264; x_wconf 71' lang='lat' dir='ltr'>virtutique</span> <span class='ocrx_word' id='word_1_66' title='bbox 1131 1219 1339 1256; x_wconf 72' lang='lat' dir='ltr'>colendae</span> <span class='ocrx_word' id='word_1_67' title='bbox 1357 1219 1467 1256; x_wconf 73' lang='lat' dir='ltr'>dan!</span> <span class='ocrx_word' id='word_1_68' title='bbox 1487 1222 1769 1266; x_wconf 66' lang='lat' dir='ltr'>operam—3.</span> <span class='ocrx_word' id='word_1_69' title='bbox 1793 1221 1858 1258; x_wconf 83' lang='lat' dir='ltr'>De</span> 
     </span>
     <span class='ocr_line' id='line_1_12' title="bbox 296 1279 729 1325; baseline 0 -10"><span class='ocrx_word' id='word_1_70' title='bbox 296 1279 534 1325; x_wconf 72' lang='lat' dir='ltr'>spefnturi</span> <span class='ocrx_word' id='word_1_71' title='bbox 551 1280 729 1325; x_wconf 72' lang='lat' dir='ltr'>collegii.</span> 
     </span>
    </p>

    <p class='ocr_par' dir='ltr' id='par_1_8' title="bbox 225 1356 1854 1570">
     <span class='ocr_line' id='line_1_13' title="bbox 287 1356 1854 1415; baseline -0.001 -12"><span class='ocrx_word' id='word_1_72' title='bbox 287 1359 325 1403; x_wconf 89' lang='grc'>1.</span> <span class='ocrx_word' id='word_1_73' title='bbox 393 1357 554 1415; x_wconf 89' lang='lat' dir='ltr'>Jesus.</span> <span class='ocrx_word' id='word_1_74' title='bbox 582 1356 778 1413; x_wconf 77' lang='lat' dir='ltr'>Gratia,</span> <span class='ocrx_word' id='word_1_75' title='bbox 807 1356 1149 1402; x_wconf 71' lang='lat' dir='ltr'>misericordia</span> <span class='ocrx_word' id='word_1_76' title='bbox 1183 1365 1230 1402; x_wconf 90' lang='lat' dir='ltr'>et</span> <span class='ocrx_word' id='word_1_77' title='bbox 1265 1372 1362 1413; x_wconf 82' lang='lat' dir='ltr'>pax</span> <span class='ocrx_word' id='word_1_78' title='bbox 1399 1357 1539 1402; x_wconf 85' lang='lat' dir='ltr'>nobis</span> <span class='ocrx_word' id='word_1_79' title='bbox 1564 1373 1593 1402; x_wconf 90' lang='lat' dir='ltr'>a</span> <span class='ocrx_word' id='word_1_80' title='bbox 1624 1357 1731 1402; x_wconf 90' lang='lat' dir='ltr'>Deo</span> <span class='ocrx_word' id='word_1_81' title='bbox 1766 1357 1854 1402; x_wconf 87' lang='lat' dir='ltr'>Pa·</span> 
     </span>
     <span class='ocr_line' id='line_1_14' title="bbox 225 1434 1852 1494; baseline 0.001 -14"><span class='ocrx_word' id='word_1_82' title='bbox 225 1445 300 1481; x_wconf 89' lang='lat' dir='ltr'>tre</span> <span class='ocrx_word' id='word_1_83' title='bbox 325 1444 372 1480; x_wconf 87' lang='lat' dir='ltr'>et</span> <span class='ocrx_word' id='word_1_84' title='bbox 395 1436 524 1492; x_wconf 85' lang='lat' dir='ltr'>Xpo.</span> <span class='ocrx_word' id='word_1_85' title='bbox 552 1435 688 1494; x_wconf 84' lang='lat' dir='ltr'>Jesu,</span> <span class='ocrx_word' id='word_1_86' title='bbox 711 1435 907 1480; x_wconf 89' lang='lat' dir='ltr'>domino</span> <span class='ocrx_word' id='word_1_87' title='bbox 927 1444 1115 1479; x_wconf 89' lang='lat' dir='ltr'>nostro.</span> <span class='ocrx_word' id='word_1_88' title='bbox 1139 1434 1316 1479; x_wconf 79' lang='lat' dir='ltr'>Amen.</span> <span class='ocrx_word' id='word_1_89' title='bbox 1343 1434 1532 1491; x_wconf 72' lang='lat' dir='ltr'>[Multis</span> <span class='ocrx_word' id='word_1_90' title='bbox 1552 1436 1852 1494; x_wconf 34' lang='lat' dir='ltr'>azfzfzplzficczt,</span> 
     </span>
     <span class='ocr_line' id='line_1_15' title="bbox 225 1512 1851 1570; baseline 0.001 -13"><span class='ocrx_word' id='word_1_91' title='bbox 225 1527 325 1557; x_wconf 79' lang='lat' dir='ltr'>non</span> <span class='ocrx_word' id='word_1_92' title='bbox 361 1513 557 1570; x_wconf 66' lang='lat' dir='ltr'>mferre</span> <span class='ocrx_word' id='word_1_93' title='bbox 590 1516 859 1569; x_wconf 72' lang='lat' dir='ltr'>qnantum,</span> <span class='ocrx_word' id='word_1_94' title='bbox 893 1512 986 1556; x_wconf 71' lang='lat' dir='ltr'>sed</span> <span class='ocrx_word' id='word_1_95' title='bbox 1016 1516 1209 1569; x_wconf 74' lang='lat' dir='ltr'>quanto</span> <span class='ocrx_word' id='word_1_96' title='bbox 1244 1526 1308 1556; x_wconf 73' lang='lat' dir='ltr'>ex</span> <span class='ocrx_word' id='word_1_97' title='bbox 1342 1512 1518 1557; x_wconf 80' lang='lat' dir='ltr'>(mimo</span> <span class='ocrx_word' id='word_1_98' title='bbox 1540 1512 1851 1570; x_wconf 58' lang='lat' dir='ltr'>faciamus]</span> 
     </span>
    </p>

    <p class='ocr_par' dir='ltr' id='par_1_9' title="bbox 221 1590 1909 2265">
     <span class='ocr_line' id='line_1_16' title="bbox 314 1590 1852 1647; baseline 0 -12"><span class='ocrx_word' id='word_1_99' title='bbox 314 1590 480 1647; x_wconf 82' lang='lat' dir='ltr'>Atque</span> <span class='ocrx_word' id='word_1_100' title='bbox 516 1599 567 1635; x_wconf 86' lang='lat' dir='ltr'>vt</span> <span class='ocrx_word' id='word_1_101' title='bbox 602 1590 665 1635; x_wconf 90' lang='lat' dir='ltr'>ad</span> <span class='ocrx_word' id='word_1_102' title='bbox 698 1605 803 1635; x_wconf 90' lang='lat' dir='ltr'>rem</span> <span class='ocrx_word' id='word_1_103' title='bbox 840 1590 1050 1645; x_wconf 85' lang='lat' dir='ltr'>veniam,</span> <span class='ocrx_word' id='word_1_104' title='bbox 1079 1599 1127 1634; x_wconf 90' lang='lat' dir='ltr'>et</span> <span class='ocrx_word' id='word_1_105' title='bbox 1160 1605 1252 1646; x_wconf 86' lang='lat' dir='ltr'>que</span> <span class='ocrx_word' id='word_1_106' title='bbox 1288 1590 1527 1635; x_wconf 85' lang='lat' dir='ltr'>reuolutis</span> <span class='ocrx_word' id='word_1_107' title='bbox 1550 1606 1644 1635; x_wconf 91' lang='lat' dir='ltr'>non</span> <span class='ocrx_word' id='word_1_108' title='bbox 1670 1590 1738 1636; x_wconf 90' lang='lat' dir='ltr'>ita</span> <span class='ocrx_word' id='word_1_109' title='bbox 1763 1590 1852 1647; x_wconf 92' lang='lat' dir='ltr'>pri-</span> 
     </span>
     <span class='ocr_line' id='line_1_17' title="bbox 223 1660 1849 1724; baseline -0.001 -11"><span class='ocrx_word' id='word_1_110' title='bbox 223 1668 332 1713; x_wconf 89' lang='lat' dir='ltr'>dem</span> <span class='ocrx_word' id='word_1_111' title='bbox 357 1676 570 1723; x_wconf 88' lang='lat' dir='ltr'>quatuor</span> <span class='ocrx_word' id='word_1_112' title='bbox 595 1668 844 1713; x_wconf 86' lang='lat' dir='ltr'>mensibus</span> <span class='ocrx_word' id='word_1_113' title='bbox 868 1683 897 1712; x_wconf 89' lang='lat' dir='ltr'>a</span> <span class='ocrx_word' id='word_1_114' title='bbox 922 1667 1062 1712; x_wconf 89' lang='lat' dir='ltr'>nobis</span> <span class='ocrx_word' id='word_1_115' title='bbox 1087 1678 1231 1724; x_wconf 81' lang='lat' dir='ltr'>gesta</span> <span class='ocrx_word' id='word_1_116' title='bbox 1256 1666 1454 1724; x_wconf 81' lang='lat' dir='ltr'>fuerint,</span> <span class='ocrx_word' id='word_1_117' title='bbox 1483 1667 1528 1712; x_wconf 93' lang='lat' dir='ltr'>in</span> <span class='ocrx_word' id='word_1_118' title='bbox 1553 1660 1714 1723; x_wconf 87' lang='lat' dir='ltr'>pauca</span> <span class='ocrx_word' id='word_1_119' title='bbox 1739 1683 1849 1713; x_wconf 89' lang='lat' dir='ltr'>con·</span> 
     </span>
     <span class='ocr_line' id='line_1_18' title="bbox 224 1744 1851 1801; baseline 0 -11"><span class='ocrx_word' id='word_1_120' title='bbox 224 1745 400 1800; x_wconf 79' lang='lat' dir='ltr'>feram,</span> <span class='ocrx_word' id='word_1_121' title='bbox 428 1744 579 1790; x_wconf 88' lang='lat' dir='ltr'>Pater</span> <span class='ocrx_word' id='word_1_122' title='bbox 613 1754 783 1790; x_wconf 92' lang='lat' dir='ltr'>noster</span> <span class='ocrx_word' id='word_1_123' title='bbox 807 1745 822 1768; x_wconf 74' lang='lat'>‘2</span> <span class='ocrx_word' id='word_1_124' title='bbox 847 1744 909 1789; x_wconf 91' lang='lat' dir='ltr'>ad</span> <span class='ocrx_word' id='word_1_125' title='bbox 943 1744 1259 1801; x_wconf 88' lang='lat' dir='ltr'>charitatem,</span> <span class='ocrx_word' id='word_1_126' title='bbox 1288 1744 1650 1790; x_wconf 82' lang='lat' dir='ltr'>confessionem</span> <span class='ocrx_word' id='word_1_127' title='bbox 1676 1760 1735 1790; x_wconf 87' lang='lat' dir='ltr'>ac</span> <span class='ocrx_word' id='word_1_128' title='bbox 1759 1745 1851 1790; x_wconf 79' lang='lat' dir='ltr'>fre-</span> 
     </span>
     <span class='ocr_line' id='line_1_19' title="bbox 225 1821 1851 1878; baseline -0.001 -11"><span class='ocrx_word' id='word_1_129' title='bbox 225 1830 454 1878; x_wconf 81' lang='lat' dir='ltr'>quentem</span> <span class='ocrx_word' id='word_1_130' title='bbox 472 1821 697 1867; x_wconf 91' lang='lat' dir='ltr'>dominici</span> <span class='ocrx_word' id='word_1_131' title='bbox 716 1821 942 1877; x_wconf 91' lang='lat' dir='ltr'>corporis</span> <span class='ocrx_word' id='word_1_132' title='bbox 959 1821 1293 1877; x_wconf 71' lang='lat' dir='ltr'>receptionem</span> <span class='ocrx_word' id='word_1_133' title='bbox 1316 1821 1496 1866; x_wconf 90' lang='lat' dir='ltr'>multos</span> <span class='ocrx_word' id='word_1_134' title='bbox 1513 1830 1652 1867; x_wconf 90' lang='lat' dir='ltr'>certe</span> <span class='ocrx_word' id='word_1_135' title='bbox 1671 1821 1851 1867; x_wconf 85' lang='lat' dir='ltr'>inflam-</span> 
     </span>
     <span class='ocr_line' id='line_1_20' title="bbox 225 1898 1850 1955; baseline 0.001 -12"><span class='ocrx_word' id='word_1_136' title='bbox 225 1908 338 1944; x_wconf 87' lang='lat' dir='ltr'>mat.</span> <span class='ocrx_word' id='word_1_137' title='bbox 372 1898 606 1955; x_wconf 84' lang='lat' dir='ltr'>Idemque</span> <span class='ocrx_word' id='word_1_138' title='bbox 646 1898 919 1955; x_wconf 79' lang='lat' dir='ltr'>visitandis,</span> <span class='ocrx_word' id='word_1_139' title='bbox 958 1898 1132 1944; x_wconf 89' lang='lat' dir='ltr'>eadem</span> <span class='ocrx_word' id='word_1_140' title='bbox 1169 1914 1322 1955; x_wconf 91' lang='lat' dir='ltr'>opera</span> <span class='ocrx_word' id='word_1_141' title='bbox 1356 1899 1670 1944; x_wconf 86' lang='lat' dir='ltr'>consolandis</span> <span class='ocrx_word' id='word_1_142' title='bbox 1709 1915 1850 1955; x_wconf 84' lang='lat' dir='ltr'>egro-</span> 
     </span>
     <span class='ocr_line' id='line_1_21' title="bbox 222 1975 1846 2033; baseline 0.001 -13"><span class='ocrx_word' id='word_1_143' title='bbox 222 1976 439 2021; x_wconf 89' lang='lat' dir='ltr'>tantibus</span> <span class='ocrx_word' id='word_1_144' title='bbox 464 1991 647 2033; x_wconf 83' lang='lat' dir='ltr'>magno</span> <span class='ocrx_word' id='word_1_145' title='bbox 670 1975 833 2021; x_wconf 90' lang='lat' dir='ltr'>studio</span> <span class='ocrx_word' id='word_1_146' title='bbox 859 1976 1045 2032; x_wconf 76' lang='lat' dir='ltr'>vigilat,</span> <span class='ocrx_word' id='word_1_147' title='bbox 1071 1976 1149 2021; x_wconf 88' lang='lat' dir='ltr'>vel</span> <span class='ocrx_word' id='word_1_148' title='bbox 1174 1976 1322 2021; x_wconf 87' lang='lat' dir='ltr'>etiam</span> <span class='ocrx_word' id='word_1_149' title='bbox 1348 1976 1546 2032; x_wconf 88' lang='lat' dir='ltr'>saepius</span> <span class='ocrx_word' id='word_1_150' title='bbox 1570 1985 1846 2032; x_wconf 84' lang='lat' dir='ltr'>pernoctat,</span> 
     </span>
     <span class='ocr_line' id='line_1_22' title="bbox 222 2052 1909 2109; baseline 0.001 -12"><span class='ocrx_word' id='word_1_151' title='bbox 222 2068 461 2109; x_wconf 87' lang='lat' dir='ltr'>nusquam</span> <span class='ocrx_word' id='word_1_152' title='bbox 485 2062 777 2098; x_wconf 88' lang='lat' dir='ltr'>consuetum</span> <span class='ocrx_word' id='word_1_153' title='bbox 801 2052 1057 2098; x_wconf 90' lang='lat' dir='ltr'>dominicis</span> <span class='ocrx_word' id='word_1_154' title='bbox 1080 2068 1141 2098; x_wconf 91' lang='lat' dir='ltr'>ac</span> <span class='ocrx_word' id='word_1_155' title='bbox 1164 2052 1303 2098; x_wconf 78' lang='lat' dir='ltr'>festis</span> <span class='ocrx_word' id='word_1_156' title='bbox 1327 2053 1499 2099; x_wconf 89' lang='lat' dir='ltr'>diebus</span> <span class='ocrx_word' id='word_1_157' title='bbox 1523 2053 1569 2098; x_wconf 89' lang='lat' dir='ltr'>in</span> <span class='ocrx_word' id='word_1_158' title='bbox 1594 2053 1848 2098; x_wconf 89' lang='lat' dir='ltr'>audiendis</span> <span class='ocrx_word' id='word_1_159' title='bbox 1905 2082 1909 2091; x_wconf 73' lang='grc'><strong><em>«</em></strong></span> 
     </span>
     <span class='ocr_line' id='line_1_23' title="bbox 221 2129 1850 2187; baseline 0 -12"><span class='ocrx_word' id='word_1_160' title='bbox 221 2130 615 2175; x_wconf 79' lang='lat' dir='ltr'>confessionibus</span> <span class='ocrx_word' id='word_1_161' title='bbox 649 2130 1123 2187; x_wconf 88' lang='lat' dir='ltr'>administrandique</span> <span class='ocrx_word' id='word_1_162' title='bbox 1158 2129 1323 2176; x_wconf 80' lang='lat' dir='ltr'>officio</span> <span class='ocrx_word' id='word_1_163' title='bbox 1359 2131 1488 2187; x_wconf 92' lang='lat' dir='ltr'>apud</span> <span class='ocrx_word' id='word_1_164' title='bbox 1522 2130 1583 2176; x_wconf 90' lang='lat' dir='ltr'>D.</span> <span class='ocrx_word' id='word_1_165' title='bbox 1612 2129 1850 2177; x_wconf 81' lang='lat' dir='ltr'>Germani</span> 
     </span>
     <span class='ocr_line' id='line_1_24' title="bbox 222 2207 1850 2265; baseline 0 -12"><span class='ocrx_word' id='word_1_166' title='bbox 222 2208 386 2265; x_wconf 88' lang='lat' dir='ltr'>aedes,</span> <span class='ocrx_word' id='word_1_167' title='bbox 409 2223 597 2253; x_wconf 84' lang='lat' dir='ltr'>morem</span> <span class='ocrx_word' id='word_1_168' title='bbox 622 2208 967 2265; x_wconf 74' lang='lat' dir='ltr'>intermittens,</span> <span class='ocrx_word' id='word_1_169' title='bbox 991 2207 1208 2253; x_wconf 89' lang='lat' dir='ltr'>caeteris</span> <span class='ocrx_word' id='word_1_170' title='bbox 1235 2223 1356 2253; x_wconf 89' lang='lat' dir='ltr'>vero</span> <span class='ocrx_word' id='word_1_171' title='bbox 1382 2207 1554 2254; x_wconf 90' lang='lat' dir='ltr'>diebus</span> <span class='ocrx_word' id='word_1_172' title='bbox 1578 2208 1623 2253; x_wconf 90' lang='lat' dir='ltr'>in</span> <span class='ocrx_word' id='word_1_173' title='bbox 1649 2208 1850 2253; x_wconf 89' lang='lat' dir='ltr'>aedibus</span> 
     </span>
    </p>

    <p class='ocr_par' dir='ltr' id='par_1_10' title="bbox 222 2283 1849 2342">
     <span class='ocr_line' id='line_1_25' title="bbox 222 2283 1849 2342; baseline 0 -12"><span class='ocrx_word' id='word_1_174' title='bbox 222 2285 283 2330; x_wconf 90' lang='lat' dir='ltr'>D.</span> <span class='ocrx_word' id='word_1_175' title='bbox 312 2284 526 2330; x_wconf 89' lang='lat' dir='ltr'>Cosmae</span> <span class='ocrx_word' id='word_1_176' title='bbox 550 2300 610 2330; x_wconf 92' lang='lat' dir='ltr'>ac</span> <span class='ocrx_word' id='word_1_177' title='bbox 634 2285 694 2329; x_wconf 89' lang='lat' dir='ltr'>D.</span> <span class='ocrx_word' id='word_1_178' title='bbox 719 2283 953 2330; x_wconf 86' lang='lat' dir='ltr'>Geruasii</span> <span class='ocrx_word' id='word_1_179' title='bbox 990 2285 1164 2330; x_wconf 88' lang='lat' dir='ltr'>eadem</span> <span class='ocrx_word' id='word_1_180' title='bbox 1203 2300 1410 2330; x_wconf 88' lang='lat' dir='ltr'>munera</span> <span class='ocrx_word' id='word_1_181' title='bbox 1441 2299 1697 2342; x_wconf 79' lang='lat' dir='ltr'>exercens3</span> <span class='ocrx_word' id='word_1_182' title='bbox 1725 2299 1849 2342; x_wconf 87' lang='lat' dir='ltr'>quae</span> 
     </span>
    </p>

    <p class='ocr_par' dir='ltr' id='par_1_11' title="bbox 221 2362 1849 2420">
     <span class='ocr_line' id='line_1_26' title="bbox 221 2362 1849 2420; baseline -0.001 -12"><span class='ocrx_word' id='word_1_183' title='bbox 221 2363 385 2408; x_wconf 89' lang='lat' dir='ltr'>omnia</span> <span class='ocrx_word' id='word_1_184' title='bbox 410 2379 520 2409; x_wconf 91' lang='lat' dir='ltr'>cum</span> <span class='ocrx_word' id='word_1_185' title='bbox 544 2363 636 2408; x_wconf 92' lang='lat' dir='ltr'>Dei</span> <span class='ocrx_word' id='word_1_186' title='bbox 661 2363 865 2417; x_wconf 87' lang='lat' dir='ltr'>honore,</span> <span class='ocrx_word' id='word_1_187' title='bbox 893 2371 995 2407; x_wconf 91' lang='lat' dir='ltr'>tum</span> <span class='ocrx_word' id='word_1_188' title='bbox 1022 2362 1229 2419; x_wconf 85' lang='lat' dir='ltr'>proximi</span> <span class='ocrx_word' id='word_1_189' title='bbox 1256 2378 1440 2420; x_wconf 85' lang='lat' dir='ltr'>magna.</span> <span class='ocrx_word' id='word_1_190' title='bbox 1473 2363 1682 2408; x_wconf 86' lang='lat' dir='ltr'>Vtilitate</span> <span class='ocrx_word' id='word_1_191' title='bbox 1706 2363 1771 2408; x_wconf 89' lang='lat' dir='ltr'>ab</span> <span class='ocrx_word' id='word_1_192' title='bbox 1793 2377 1849 2407; x_wconf 89' lang='lat' dir='ltr'>eo</span> 
     </span>
    </p>

    <p class='ocr_par' dir='ltr' id='par_1_12' title="bbox 221 2449 558 2497">
     <span class='ocr_line' id='line_1_27' title="bbox 221 2449 558 2497; baseline 0.006 -13"><span class='ocrx_word' id='word_1_193' title='bbox 221 2449 558 2497; x_wconf 87' lang='lat' dir='ltr'>praestantur.</span> 
     </span>
    </p>

    <p class='ocr_par' dir='ltr' id='par_1_13' title="bbox 220 2516 1849 2884">
     <span class='ocr_line' id='line_1_28' title="bbox 281 2516 1849 2574; baseline -0.001 -11"><span class='ocrx_word' id='word_1_194' title='bbox 281 2518 322 2563; x_wconf 81' lang='lat'>2.</span> <span class='ocrx_word' id='word_1_195' title='bbox 389 2517 465 2563; x_wconf 88' lang='lat' dir='ltr'>De</span> <span class='ocrx_word' id='word_1_196' title='bbox 489 2517 630 2563; x_wconf 89' lang='lat' dir='ltr'>nobis</span> <span class='ocrx_word' id='word_1_197' title='bbox 655 2533 776 2565; x_wconf 85' lang='lat' dir='ltr'>vero</span> <span class='ocrx_word' id='word_1_198' title='bbox 799 2517 915 2562; x_wconf 91' lang='lat' dir='ltr'>nihil</span> <span class='ocrx_word' id='word_1_199' title='bbox 939 2526 1025 2562; x_wconf 88' lang='lat' dir='ltr'>tua</span> <span class='ocrx_word' id='word_1_200' title='bbox 1050 2517 1252 2574; x_wconf 83' lang='lat' dir='ltr'>dignum</span> <span class='ocrx_word' id='word_1_201' title='bbox 1287 2517 1634 2574; x_wconf 85' lang='lat' dir='ltr'>expectatione</span> <span class='ocrx_word' id='word_1_202' title='bbox 1659 2516 1849 2562; x_wconf 81' lang='lat' dir='ltr'>referre</span> 
     </span>
     <span class='ocr_line' id='line_1_29' title="bbox 221 2594 1848 2651; baseline -0.001 -11"><span class='ocrx_word' id='word_1_203' title='bbox 221 2610 298 2640; x_wconf 90' lang='lat' dir='ltr'>me</span> <span class='ocrx_word' id='word_1_204' title='bbox 332 2610 476 2651; x_wconf 89' lang='lat' dir='ltr'>posse</span> <span class='ocrx_word' id='word_1_205' title='bbox 510 2610 663 2651; x_wconf 91' lang='lat' dir='ltr'>prope</span> <span class='ocrx_word' id='word_1_206' title='bbox 698 2594 859 2651; x_wconf 85' lang='lat' dir='ltr'>video;</span> <span class='ocrx_word' id='word_1_207' title='bbox 893 2594 972 2650; x_wconf 88' lang='lat' dir='ltr'>qui</span> <span class='ocrx_word' id='word_1_208' title='bbox 1007 2604 1171 2639; x_wconf 85' lang='lat' dir='ltr'>tamen</span> <span class='ocrx_word' id='word_1_209' title='bbox 1207 2594 1253 2639; x_wconf 94' lang='lat' dir='ltr'>in</span> <span class='ocrx_word' id='word_1_210' title='bbox 1286 2594 1459 2640; x_wconf 91' lang='lat' dir='ltr'>studiis</span> <span class='ocrx_word' id='word_1_211' title='bbox 1491 2595 1674 2640; x_wconf 86' lang='lat' dir='ltr'>nostris</span> <span class='ocrx_word' id='word_1_212' title='bbox 1707 2594 1848 2639; x_wconf 90' lang='lat' dir='ltr'>simul</span> 
     </span>
     <span class='ocr_line' id='line_1_30' title="bbox 221 2664 1845 2729; baseline 0 -12"><span class='ocrx_word' id='word_1_213' title='bbox 221 2688 333 2717; x_wconf 92' lang='lat' dir='ltr'>cum</span> <span class='ocrx_word' id='word_1_214' title='bbox 358 2688 550 2718; x_wconf 87' lang='lat' dir='ltr'>morum</span> <span class='ocrx_word' id='word_1_215' title='bbox 574 2664 924 2718; x_wconf 75' lang='lat' dir='ltr'>informatione</span> <span class='ocrx_word' id='word_1_216' title='bbox 950 2671 1151 2729; x_wconf 80' lang='lat' dir='ltr'>Vtiliter,</span> <span class='ocrx_word' id='word_1_217' title='bbox 1179 2672 1344 2728; x_wconf 86' lang='lat' dir='ltr'>quoad</span> <span class='ocrx_word' id='word_1_218' title='bbox 1375 2687 1652 2728; x_wconf 90' lang='lat' dir='ltr'>possumus,</span> <span class='ocrx_word' id='word_1_219' title='bbox 1684 2687 1845 2717; x_wconf 85' lang='lat' dir='ltr'>versa-</span> 
     </span>
     <span class='ocr_line' id='line_1_31' title="bbox 221 2750 1845 2796; baseline -0.001 -1"><span class='ocrx_word' id='word_1_220' title='bbox 221 2766 344 2795; x_wconf 90' lang='lat' dir='ltr'>mur.</span> <span class='ocrx_word' id='word_1_221' title='bbox 369 2751 466 2795; x_wconf 84' lang='lat' dir='ltr'>Alii</span> <span class='ocrx_word' id='word_1_222' title='bbox 491 2751 616 2796; x_wconf 91' lang='lat' dir='ltr'>enim</span> <span class='ocrx_word' id='word_1_223' title='bbox 640 2750 863 2795; x_wconf 76' lang='lat' dir='ltr'>fratrum</span> <span class='ocrx_word' id='word_1_224' title='bbox 899 2758 1180 2795; x_wconf 89' lang='lat' dir='ltr'>nostrorum</span> <span class='ocrx_word' id='word_1_225' title='bbox 1217 2750 1262 2795; x_wconf 91' lang='lat' dir='ltr'>in</span> <span class='ocrx_word' id='word_1_226' title='bbox 1296 2765 1557 2795; x_wconf 91' lang='lat' dir='ltr'>sacrarum</span> <span class='ocrx_word' id='word_1_227' title='bbox 1592 2750 1845 2795; x_wconf 89' lang='lat' dir='ltr'>literarum</span> 
     </span>
     <span class='ocr_line' id='line_1_32' title="bbox 220 2826 1846 2884; baseline -0.001 -13"><span class='ocrx_word' id='word_1_228' title='bbox 220 2828 458 2884; x_wconf 85' lang='lat' dir='ltr'>mysteria</span> <span class='ocrx_word' id='word_1_229' title='bbox 487 2837 535 2873; x_wconf 90' lang='lat' dir='ltr'>et</span> <span class='ocrx_word' id='word_1_230' title='bbox 565 2837 762 2873; x_wconf 88' lang='lat' dir='ltr'>secreta</span> <span class='ocrx_word' id='word_1_231' title='bbox 795 2827 1039 2872; x_wconf 78' lang='lat' dir='ltr'>foeliciter</span> <span class='ocrx_word' id='word_1_232' title='bbox 1075 2827 1378 2880; x_wconf 88' lang='lat' dir='ltr'>incumbunt,</span> <span class='ocrx_word' id='word_1_233' title='bbox 1406 2828 1488 2872; x_wconf 89' lang='lat' dir='ltr'>alii</span> <span class='ocrx_word' id='word_1_234' title='bbox 1513 2826 1846 2884; x_wconf 88' lang='lat' dir='ltr'>philosophiae</span> 
     </span>
    </p>
   </div>
   <div class='ocr_carea' id='block_1_6' title="bbox 220 2964 1842 3133">
    <p class='ocr_par' dir='ltr' id='par_1_14' title="bbox 220 2964 1842 3133">
     <span class='ocr_line' id='line_1_33' title="bbox 268 2964 1453 3013; baseline -0.001 -11"><span class='ocrx_word' id='word_1_235' title='bbox 268 2967 276 2985; x_wconf 87' lang='lat'>¹</span> <span class='ocrx_word' id='word_1_236' title='bbox 331 2965 391 3002; x_wconf 79' lang='lat' dir='ltr'>Ex</span> <span class='ocrx_word' id='word_1_237' title='bbox 410 2966 664 3013; x_wconf 85' lang='lat' dir='ltr'>autographo</span> <span class='ocrx_word' id='word_1_238' title='bbox 684 2965 723 3002; x_wconf 88' lang='lat' dir='ltr'>in</span> <span class='ocrx_word' id='word_1_239' title='bbox 742 2965 878 3002; x_wconf 88' lang='lat' dir='ltr'>codice</span> <span class='ocrx_word' id='word_1_240' title='bbox 900 2964 992 3002; x_wconf 79' lang='lat' dir='ltr'>Gal.</span> <span class='ocrx_word' id='word_1_241' title='bbox 1020 2964 1085 3009; x_wconf 76' lang='lat'>79,</span> <span class='ocrx_word' id='word_1_242' title='bbox 1107 2964 1147 3001; x_wconf 82' lang='lat' dir='ltr'>sf.</span> <span class='ocrx_word' id='word_1_243' title='bbox 1170 2964 1244 3007; x_wconf 79' lang='lat'>7-8;</span> <span class='ocrx_word' id='word_1_244' title='bbox 1266 2964 1376 3012; x_wconf 86' lang='lat' dir='ltr'>prius</span> <span class='ocrx_word' id='word_1_245' title='bbox 1394 2964 1453 3001; x_wconf 77' lang='lat'>25.</span> 
     </span>
     <span class='ocr_line' id='line_1_34' title="bbox 266 3023 1842 3072; baseline -0.003 -9"><span class='ocrx_word' id='word_1_246' title='bbox 266 3026 279 3045; x_wconf 75' lang='lat'><strong>²</strong></span> <span class='ocrx_word' id='word_1_247' title='bbox 330 3025 374 3063; x_wconf 87' lang='lat' dir='ltr'>P.</span> <span class='ocrx_word' id='word_1_248' title='bbox 396 3025 587 3062; x_wconf 85' lang='lat' dir='ltr'>Nicolaus</span> <span class='ocrx_word' id='word_1_249' title='bbox 607 3025 824 3070; x_wconf 85' lang='lat' dir='ltr'>Bellefille,</span> <span class='ocrx_word' id='word_1_250' title='bbox 846 3025 914 3072; x_wconf 88' lang='lat' dir='ltr'>qui</span> <span class='ocrx_word' id='word_1_251' title='bbox 932 3025 1042 3061; x_wconf 86' lang='lat' dir='ltr'>solus</span> <span class='ocrx_word' id='word_1_252' title='bbox 1062 3024 1250 3061; x_wconf 85' lang='lat' dir='ltr'>sacerdos</span> <span class='ocrx_word' id='word_1_253' title='bbox 1277 3025 1318 3060; x_wconf 88' lang='lat' dir='ltr'>in</span> <span class='ocrx_word' id='word_1_254' title='bbox 1345 3024 1559 3071; x_wconf 85' lang='lat' dir='ltr'>parisiensi</span> <span class='ocrx_word' id='word_1_255' title='bbox 1587 3023 1763 3070; x_wconf 86' lang='lat' dir='ltr'>collegio</span> <span class='ocrx_word' id='word_1_256' title='bbox 1785 3034 1842 3059; x_wconf 88' lang='lat' dir='ltr'>re-</span> 
     </span>
     <span class='ocr_line' id='line_1_35' title="bbox 220 3083 1840 3133; baseline -0.003 -10"><span class='ocrx_word' id='word_1_257' title='bbox 220 3091 424 3123; x_wconf 85' lang='lat' dir='ltr'>manserat</span> <span class='ocrx_word' id='word_1_258' title='bbox 443 3091 530 3133; x_wconf 85' lang='lat' dir='ltr'>post</span> <span class='ocrx_word' id='word_1_259' title='bbox 546 3086 590 3123; x_wconf 84' lang='lat' dir='ltr'>P.</span> <span class='ocrx_word' id='word_1_260' title='bbox 608 3086 816 3122; x_wconf 85' lang='lat' dir='ltr'>Paschasii</span> <span class='ocrx_word' id='word_1_261' title='bbox 832 3085 954 3122; x_wconf 74' lang='lat' dir='ltr'>Broet</span> <span class='ocrx_word' id='word_1_262' title='bbox 969 3085 1204 3126; x_wconf 85' lang='lat' dir='ltr'>discessum.</span> <span class='ocrx_word' id='word_1_263' title='bbox 1224 3084 1331 3121; x_wconf 84' lang='lat' dir='ltr'>Vide</span> <span class='ocrx_word' id='word_1_264' title='bbox 1348 3084 1548 3132; x_wconf 86' lang='lat' dir='ltr'>superius,</span> <span class='ocrx_word' id='word_1_265' title='bbox 1566 3097 1660 3133; x_wconf 85' lang='lat' dir='ltr'>pag.</span> <span class='ocrx_word' id='word_1_266' title='bbox 1676 3083 1747 3120; x_wconf 81' lang='lat'>265</span> <span class='ocrx_word' id='word_1_267' title='bbox 1759 3094 1840 3130; x_wconf 81' lang='lat' dir='ltr'>sqq.</span> 
     </span>
    </p>
   </div>
  </div>
 </body>
</html>
