<?xml version="1.0" encoding="UTF-8"?>
<!DOCTYPE html PUBLIC "-//W3C//DTD XHTML 1.0 Transitional//EN"
    "http://www.w3.org/TR/xhtml1/DTD/xhtml1-transitional.dtd">
<html xmlns="http://www.w3.org/1999/xhtml" xml:lang="en" lang="en">
 <head>
  <title>
</title>
<meta http-equiv="Content-Type" content="text/html;charset=utf-8" />
  <meta name='ocr-system' content='tesseract 3.04.00' />
  <meta name='ocr-capabilities' content='ocr_page ocr_carea ocr_par ocr_line ocrx_word'/>
</head>
<body>
  <div class='ocr_page' id='page_1' title='image "./litteraequadrime1705lain_0459.png"; bbox 0 0 1900 3380; ppageno 0'>
   <div class='ocr_carea' id='block_1_1' title="bbox 461 324 1619 363">
    <p class='ocr_par' dir='ltr' id='par_1_1' title="bbox 461 324 1619 363">
     <span class='ocr_line' id='line_1_1' title="bbox 461 324 1619 363; baseline -0.002 0"><span class='ocrx_word' id='word_1_1' title='bbox 461 325 782 363; x_wconf 50' lang='lat' dir='ltr'>llo—Commu</span> <span class='ocrx_word' id='word_1_2' title='bbox 813 326 856 362; x_wconf 78' lang='lat'>19</span> <span class='ocrx_word' id='word_1_3' title='bbox 882 325 1131 362; x_wconf 64' lang='lat' dir='ltr'>NOVEMBRIs</span> <span class='ocrx_word' id='word_1_4' title='bbox 1161 326 1249 361; x_wconf 64' lang='lat'>1337</span> <span class='ocrx_word' id='word_1_5' title='bbox 1552 324 1619 361; x_wconf 65' lang='lat'>427</span> 
     </span>
    </p>
   </div>
   <div class='ocr_carea' id='block_1_2' title="bbox 0 420 1672 2717">
    <p class='ocr_par' dir='ltr' id='par_1_2' title="bbox 0 420 1672 2717">
     <span class='ocr_line' id='line_1_2' title="bbox 46 420 1666 479; baseline -0.002 -9"><span class='ocrx_word' id='word_1_6' title='bbox 46 424 116 471; x_wconf 91' lang='lat' dir='ltr'>bis</span> <span class='ocrx_word' id='word_1_7' title='bbox 141 421 497 479; x_wconf 87' lang='lat' dir='ltr'>archiepiscopi</span> <span class='ocrx_word' id='word_1_8' title='bbox 520 421 762 467; x_wconf 90' lang='lat' dir='ltr'>vicarium</span> <span class='ocrx_word' id='word_1_9' title='bbox 786 437 846 467; x_wconf 90' lang='lat' dir='ltr'>ac</span> <span class='ocrx_word' id='word_1_10' title='bbox 871 420 1225 466; x_wconf 86' lang='lat' dir='ltr'>cancellarium</span> <span class='ocrx_word' id='word_1_11' title='bbox 1253 422 1282 466; x_wconf 85' lang='lat'>¹.</span> <span class='ocrx_word' id='word_1_12' title='bbox 1310 421 1491 466; x_wconf 72' lang='lat' dir='ltr'>Effecit</span> <span class='ocrx_word' id='word_1_13' title='bbox 1527 436 1666 477; x_wconf 87' lang='lat' dir='ltr'>prae-</span> 
     </span>
     <span class='ocr_line' id='line_1_3' title="bbox 47 497 1664 553; baseline -0.003 -7"><span class='ocrx_word' id='word_1_14' title='bbox 47 510 186 546; x_wconf 89' lang='lat' dir='ltr'>terea</span> <span class='ocrx_word' id='word_1_15' title='bbox 210 508 262 544; x_wconf 91' lang='lat' dir='ltr'>vt</span> <span class='ocrx_word' id='word_1_16' title='bbox 292 498 445 544; x_wconf 81' lang='lat' dir='ltr'>nostri</span> <span class='ocrx_word' id='word_1_17' title='bbox 471 498 532 544; x_wconf 89' lang='lat' dir='ltr'>ad</span> <span class='ocrx_word' id='word_1_18' title='bbox 557 498 950 543; x_wconf 89' lang='lat' dir='ltr'>concionandum</span> <span class='ocrx_word' id='word_1_19' title='bbox 975 497 1067 542; x_wconf 89' lang='lat' dir='ltr'>sint</span> <span class='ocrx_word' id='word_1_20' title='bbox 1093 498 1301 542; x_wconf 85' lang='lat' dir='ltr'>uocandi</span> <span class='ocrx_word' id='word_1_21' title='bbox 1329 498 1372 542; x_wconf 93' lang='lat' dir='ltr'>in</span> <span class='ocrx_word' id='word_1_22' title='bbox 1399 497 1580 553; x_wconf 78' lang='lat' dir='ltr'>templo</span> <span class='ocrx_word' id='word_1_23' title='bbox 1605 497 1664 542; x_wconf 89' lang='lat' dir='ltr'>ad</span> 
     </span>
     <span class='ocr_line' id='line_1_4' title="bbox 46 573 1668 632; baseline -0.002 -10"><span class='ocrx_word' id='word_1_24' title='bbox 46 577 259 622; x_wconf 79' lang='lat' dir='ltr'>fructum</span> <span class='ocrx_word' id='word_1_25' title='bbox 284 575 636 632; x_wconf 75' lang='lat' dir='ltr'>proferendum</span> <span class='ocrx_word' id='word_1_26' title='bbox 661 573 1130 620; x_wconf 84' lang='lat' dir='ltr'>accomodatissimo</span> <span class='ocrx_word' id='word_1_27' title='bbox 1156 576 1186 619; x_wconf 72' lang='lat'>².</span> <span class='ocrx_word' id='word_1_28' title='bbox 1232 573 1570 619; x_wconf 89' lang='lat' dir='ltr'>Concionatus</span> <span class='ocrx_word' id='word_1_29' title='bbox 1594 583 1668 619; x_wconf 83' lang='lat' dir='ltr'>est</span> 
     </span>
     <span class='ocr_line' id='line_1_5' title="bbox 46 651 1666 712; baseline -0.003 -12"><span class='ocrx_word' id='word_1_30' title='bbox 46 655 148 712; x_wconf 89' lang='lat' dir='ltr'>ipse</span> <span class='ocrx_word' id='word_1_31' title='bbox 187 654 231 698; x_wconf 91' lang='lat' dir='ltr'>in</span> <span class='ocrx_word' id='word_1_32' title='bbox 276 668 466 698; x_wconf 91' lang='lat' dir='ltr'>summo</span> <span class='ocrx_word' id='word_1_33' title='bbox 506 653 687 709; x_wconf 91' lang='lat' dir='ltr'>templo</span> <span class='ocrx_word' id='word_1_34' title='bbox 728 652 772 697; x_wconf 92' lang='lat' dir='ltr'>in</span> <span class='ocrx_word' id='word_1_35' title='bbox 813 652 940 698; x_wconf 77' lang='lat' dir='ltr'>festo</span> <span class='ocrx_word' id='word_1_36' title='bbox 985 651 1201 696; x_wconf 89' lang='lat' dir='ltr'>omnium</span> <span class='ocrx_word' id='word_1_37' title='bbox 1245 661 1530 697; x_wconf 88' lang='lat' dir='ltr'>sanctorum</span> <span class='ocrx_word' id='word_1_38' title='bbox 1572 666 1666 695; x_wconf 86' lang='lat' dir='ltr'>non</span> 
     </span>
     <span class='ocr_line' id='line_1_6' title="bbox 46 727 1666 786; baseline -0.002 -10"><span class='ocrx_word' id='word_1_39' title='bbox 46 731 148 776; x_wconf 90' lang='lat' dir='ltr'>sine</span> <span class='ocrx_word' id='word_1_40' title='bbox 173 745 355 786; x_wconf 89' lang='lat' dir='ltr'>magno</span> <span class='ocrx_word' id='word_1_41' title='bbox 380 729 561 774; x_wconf 78' lang='lat' dir='ltr'>fructu.</span> <span class='ocrx_word' id='word_1_42' title='bbox 590 728 641 774; x_wconf 89' lang='lat' dir='ltr'>In</span> <span class='ocrx_word' id='word_1_43' title='bbox 677 728 914 774; x_wconf 77' lang='lat' dir='ltr'>concione</span> <span class='ocrx_word' id='word_1_44' title='bbox 949 728 1147 773; x_wconf 78' lang='lat' dir='ltr'>fuerunt</span> <span class='ocrx_word' id='word_1_45' title='bbox 1182 728 1333 773; x_wconf 90' lang='lat' dir='ltr'>millia</span> <span class='ocrx_word' id='word_1_46' title='bbox 1368 727 1555 783; x_wconf 80' lang='lat' dir='ltr'>aliquot</span> <span class='ocrx_word' id='word_1_47' title='bbox 1588 729 1666 772; x_wconf 70' lang='lat' dir='ltr'>lio-</span> 
     </span>
     <span class='ocr_line' id='line_1_7' title="bbox 49 804 1665 863; baseline -0.002 -10"><span class='ocrx_word' id='word_1_48' title='bbox 49 808 246 863; x_wconf 86' lang='lat' dir='ltr'>minum,</span> <span class='ocrx_word' id='word_1_49' title='bbox 273 805 630 863; x_wconf 86' lang='lat' dir='ltr'>archiepiscopi</span> <span class='ocrx_word' id='word_1_50' title='bbox 670 805 825 852; x_wconf 78' lang='lat' dir='ltr'>nostri</span> <span class='ocrx_word' id='word_1_51' title='bbox 852 805 1086 861; x_wconf 85' lang='lat' dir='ltr'>vicarius,</span> <span class='ocrx_word' id='word_1_52' title='bbox 1115 804 1358 861; x_wconf 81' lang='lat' dir='ltr'>officialis,</span> <span class='ocrx_word' id='word_1_53' title='bbox 1387 804 1609 861; x_wconf 75' lang='lat' dir='ltr'>sigillifer</span> <span class='ocrx_word' id='word_1_54' title='bbox 1634 806 1665 858; x_wconf 64' lang='lat'>³,</span> 
     </span>
     <span class='ocr_line' id='line_1_8' title="bbox 46 882 1666 940; baseline -0.002 -9"><span class='ocrx_word' id='word_1_55' title='bbox 46 894 321 940; x_wconf 77' lang='lat' dir='ltr'>senatores,</span> <span class='ocrx_word' id='word_1_56' title='bbox 343 883 592 939; x_wconf 89' lang='lat' dir='ltr'>doctores,</span> <span class='ocrx_word' id='word_1_57' title='bbox 618 883 839 940; x_wconf 87' lang='lat' dir='ltr'>primarii</span> <span class='ocrx_word' id='word_1_58' title='bbox 864 882 1260 937; x_wconf 78' lang='lat' dir='ltr'>concionatores,</span> <span class='ocrx_word' id='word_1_59' title='bbox 1283 883 1548 927; x_wconf 83' lang='lat' dir='ltr'>bursarum</span> <span class='ocrx_word' id='word_1_60' title='bbox 1576 882 1666 927; x_wconf 79' lang='lat' dir='ltr'>lec-</span> 
     </span>
     <span class='ocr_line' id='line_1_9' title="bbox 45 958 1667 1018; baseline -0.003 -10"><span class='ocrx_word' id='word_1_61' title='bbox 45 971 197 1018; x_wconf 82' lang='lat' dir='ltr'>tores,</span> <span class='ocrx_word' id='word_1_62' title='bbox 225 970 273 1007; x_wconf 91' lang='lat' dir='ltr'>et</span> <span class='ocrx_word' id='word_1_63' title='bbox 296 960 553 1006; x_wconf 88' lang='lat' dir='ltr'>innumera</span> <span class='ocrx_word' id='word_1_64' title='bbox 577 959 911 1005; x_wconf 89' lang='lat' dir='ltr'>studiosorum</span> <span class='ocrx_word' id='word_1_65' title='bbox 943 960 1217 1005; x_wconf 90' lang='lat' dir='ltr'>multitudo.</span> <span class='ocrx_word' id='word_1_66' title='bbox 1246 958 1373 1005; x_wconf 89' lang='lat' dir='ltr'>Cum</span> <span class='ocrx_word' id='word_1_67' title='bbox 1406 959 1667 1015; x_wconf 85' lang='lat' dir='ltr'>egredere-</span> 
     </span>
     <span class='ocr_line' id='line_1_10' title="bbox 47 1036 1667 1096; baseline -0.003 -11"><span class='ocrx_word' id='word_1_68' title='bbox 47 1050 148 1096; x_wconf 89' lang='lat' dir='ltr'>tur,</span> <span class='ocrx_word' id='word_1_69' title='bbox 194 1054 288 1084; x_wconf 91' lang='lat' dir='ltr'>non</span> <span class='ocrx_word' id='word_1_70' title='bbox 332 1053 474 1084; x_wconf 88' lang='lat' dir='ltr'>secus</span> <span class='ocrx_word' id='word_1_71' title='bbox 518 1038 724 1094; x_wconf 89' lang='lat' dir='ltr'>populus</span> <span class='ocrx_word' id='word_1_72' title='bbox 769 1038 1075 1094; x_wconf 85' lang='lat' dir='ltr'>properabat</span> <span class='ocrx_word' id='word_1_73' title='bbox 1119 1037 1181 1082; x_wconf 90' lang='lat' dir='ltr'>ad</span> <span class='ocrx_word' id='word_1_74' title='bbox 1225 1036 1486 1082; x_wconf 90' lang='lat' dir='ltr'>uidendum</span> <span class='ocrx_word' id='word_1_75' title='bbox 1532 1052 1667 1091; x_wconf 92' lang='lat' dir='ltr'>eum,</span> 
     </span>
     <span class='ocr_line' id='line_1_11' title="bbox 48 1113 1670 1175; baseline -0.002 -13"><span class='ocrx_word' id='word_1_76' title='bbox 48 1132 193 1175; x_wconf 89' lang='lat' dir='ltr'>quam</span> <span class='ocrx_word' id='word_1_77' title='bbox 229 1116 267 1161; x_wconf 91' lang='lat' dir='ltr'>si</span> <span class='ocrx_word' id='word_1_78' title='bbox 304 1131 394 1161; x_wconf 78' lang='lat' dir='ltr'>rex</span> <span class='ocrx_word' id='word_1_79' title='bbox 423 1124 509 1160; x_wconf 92' lang='lat' dir='ltr'>aut</span> <span class='ocrx_word' id='word_1_80' title='bbox 540 1115 812 1172; x_wconf 84' lang='lat' dir='ltr'>imperator</span> <span class='ocrx_word' id='word_1_81' title='bbox 846 1114 1088 1171; x_wconf 85' lang='lat' dir='ltr'>quispiam</span> <span class='ocrx_word' id='word_1_82' title='bbox 1114 1114 1310 1160; x_wconf 58' lang='lat' dir='ltr'>fuisset:</span> <span class='ocrx_word' id='word_1_83' title='bbox 1332 1113 1670 1159; x_wconf 82' lang='lat' dir='ltr'>Concionatus</span> 
     </span>
     <span class='ocr_line' id='line_1_12' title="bbox 48 1191 1667 1249; baseline -0.003 -9"><span class='ocrx_word' id='word_1_84' title='bbox 48 1194 193 1240; x_wconf 90' lang='lat' dir='ltr'>etiam</span> <span class='ocrx_word' id='word_1_85' title='bbox 234 1193 382 1239; x_wconf 90' lang='lat' dir='ltr'>latine</span> <span class='ocrx_word' id='word_1_86' title='bbox 422 1201 495 1238; x_wconf 91' lang='lat' dir='ltr'>est</span> <span class='ocrx_word' id='word_1_87' title='bbox 534 1193 579 1238; x_wconf 91' lang='lat' dir='ltr'>in</span> <span class='ocrx_word' id='word_1_88' title='bbox 620 1201 790 1238; x_wconf 92' lang='lat' dir='ltr'>nostro</span> <span class='ocrx_word' id='word_1_89' title='bbox 829 1192 1059 1249; x_wconf 86' lang='lat' dir='ltr'>collegio,</span> <span class='ocrx_word' id='word_1_90' title='bbox 1097 1191 1159 1237; x_wconf 91' lang='lat' dir='ltr'>ad</span> <span class='ocrx_word' id='word_1_91' title='bbox 1199 1207 1346 1248; x_wconf 87' lang='lat' dir='ltr'>quam</span> <span class='ocrx_word' id='word_1_92' title='bbox 1382 1191 1667 1236; x_wconf 77' lang='lat' dir='ltr'>concionem</span> 
     </span>
     <span class='ocr_line' id='line_1_13' title="bbox 46 1269 1666 1317; baseline -0.002 0"><span class='ocrx_word' id='word_1_93' title='bbox 46 1270 312 1317; x_wconf 89' lang='lat' dir='ltr'>doctissimi</span> <span class='ocrx_word' id='word_1_94' title='bbox 352 1270 443 1315; x_wconf 92' lang='lat' dir='ltr'>uiri</span> <span class='ocrx_word' id='word_1_95' title='bbox 483 1279 825 1315; x_wconf 90' lang='lat' dir='ltr'>conuenerunt</span> <span class='ocrx_word' id='word_1_96' title='bbox 864 1278 912 1315; x_wconf 90' lang='lat' dir='ltr'>et</span> <span class='ocrx_word' id='word_1_97' title='bbox 955 1269 1263 1315; x_wconf 90' lang='lat' dir='ltr'>selectissimi</span> <span class='ocrx_word' id='word_1_98' title='bbox 1307 1269 1666 1314; x_wconf 81' lang='lat' dir='ltr'>adolescentes.</span> 
     </span>
     <span class='ocr_line' id='line_1_14' title="bbox 47 1346 1668 1404; baseline -0.002 -10"><span class='ocrx_word' id='word_1_99' title='bbox 47 1349 198 1395; x_wconf 84' lang='lat' dir='ltr'>Miror</span> <span class='ocrx_word' id='word_1_100' title='bbox 223 1348 330 1404; x_wconf 90' lang='lat' dir='ltr'>quis</span> <span class='ocrx_word' id='word_1_101' title='bbox 354 1347 581 1393; x_wconf 91' lang='lat' dir='ltr'>omnibus</span> <span class='ocrx_word' id='word_1_102' title='bbox 605 1347 913 1393; x_wconf 89' lang='lat' dir='ltr'>indicauerit.</span> <span class='ocrx_word' id='word_1_103' title='bbox 942 1346 1281 1393; x_wconf 82' lang='lat' dir='ltr'>Concionatus</span> <span class='ocrx_word' id='word_1_104' title='bbox 1305 1361 1501 1404; x_wconf 85' lang='lat' dir='ltr'>quoque</span> <span class='ocrx_word' id='word_1_105' title='bbox 1526 1355 1601 1391; x_wconf 89' lang='lat' dir='ltr'>est</span> <span class='ocrx_word' id='word_1_106' title='bbox 1626 1346 1668 1390; x_wconf 90' lang='lat' dir='ltr'>in</span> 
     </span>
     <span class='ocr_line' id='line_1_15' title="bbox 46 1422 1670 1481; baseline -0.002 -10"><span class='ocrx_word' id='word_1_107' title='bbox 46 1425 152 1472; x_wconf 90' lang='lat' dir='ltr'>aliis</span> <span class='ocrx_word' id='word_1_108' title='bbox 175 1425 312 1470; x_wconf 91' lang='lat' dir='ltr'>locis.</span> <span class='ocrx_word' id='word_1_109' title='bbox 339 1423 554 1470; x_wconf 85' lang='lat' dir='ltr'>Senatus</span> <span class='ocrx_word' id='word_1_110' title='bbox 578 1424 787 1481; x_wconf 86' lang='lat' dir='ltr'>denique</span> <span class='ocrx_word' id='word_1_111' title='bbox 820 1439 930 1469; x_wconf 93' lang='lat' dir='ltr'>eum</span> <span class='ocrx_word' id='word_1_112' title='bbox 966 1423 1079 1469; x_wconf 92' lang='lat' dir='ltr'>uino</span> <span class='ocrx_word' id='word_1_113' title='bbox 1113 1423 1392 1477; x_wconf 87' lang='lat' dir='ltr'>honorauit,</span> <span class='ocrx_word' id='word_1_114' title='bbox 1420 1432 1472 1468; x_wconf 91' lang='lat' dir='ltr'>vt</span> <span class='ocrx_word' id='word_1_115' title='bbox 1498 1422 1670 1480; x_wconf 75' lang='lat' dir='ltr'>princi·</span> 
     </span>
     <span class='ocr_line' id='line_1_16' title="bbox 46 1500 1670 1560; baseline -0.002 -12"><span class='ocrx_word' id='word_1_116' title='bbox 46 1503 117 1560; x_wconf 91' lang='lat' dir='ltr'>pis</span> <span class='ocrx_word' id='word_1_117' title='bbox 156 1501 362 1548; x_wconf 88' lang='lat' dir='ltr'>alicuius</span> <span class='ocrx_word' id='word_1_118' title='bbox 402 1502 639 1558; x_wconf 85' lang='lat' dir='ltr'>legatum.</span> <span class='ocrx_word' id='word_1_119' title='bbox 682 1501 832 1547; x_wconf 86' lang='lat' dir='ltr'>Plura</span> <span class='ocrx_word' id='word_1_120' title='bbox 868 1501 928 1546; x_wconf 94' lang='lat' dir='ltr'>de</span> <span class='ocrx_word' id='word_1_121' title='bbox 968 1516 1027 1546; x_wconf 93' lang='lat' dir='ltr'>eo</span> <span class='ocrx_word' id='word_1_122' title='bbox 1067 1509 1231 1546; x_wconf 88' lang='lat' dir='ltr'>essent</span> <span class='ocrx_word' id='word_1_123' title='bbox 1268 1500 1549 1556; x_wconf 89' lang='lat' dir='ltr'>scribenda,</span> <span class='ocrx_word' id='word_1_124' title='bbox 1587 1500 1670 1545; x_wconf 84' lang='lat' dir='ltr'>sed</span> 
     </span>
     <span class='ocr_line' id='line_1_17' title="bbox 0 1577 1672 1640; baseline -0.002 -14"><span class='ocrx_word' id='word_1_125' title='bbox 0 1632 1 1640; x_wconf 11' lang='grc' dir='ltr'>ἵ</span> <span class='ocrx_word' id='word_1_126' title='bbox 45 1581 155 1639; x_wconf 85' lang='lat' dir='ltr'>quia</span> <span class='ocrx_word' id='word_1_127' title='bbox 178 1580 223 1626; x_wconf 92' lang='lat' dir='ltr'>in</span> <span class='ocrx_word' id='word_1_128' title='bbox 249 1579 495 1637; x_wconf 89' lang='lat' dir='ltr'>prioribus</span> <span class='ocrx_word' id='word_1_129' title='bbox 528 1579 672 1624; x_wconf 90' lang='lat' dir='ltr'>nimis</span> <span class='ocrx_word' id='word_1_130' title='bbox 705 1579 926 1636; x_wconf 84' lang='lat' dir='ltr'>prolixus</span> <span class='ocrx_word' id='word_1_131' title='bbox 960 1578 1045 1635; x_wconf 79' lang='lat' dir='ltr'>fui,</span> <span class='ocrx_word' id='word_1_132' title='bbox 1073 1577 1216 1624; x_wconf 89' lang='lat' dir='ltr'>finem</span> <span class='ocrx_word' id='word_1_133' title='bbox 1246 1594 1376 1624; x_wconf 93' lang='lat' dir='ltr'>nunc</span> <span class='ocrx_word' id='word_1_134' title='bbox 1406 1577 1587 1623; x_wconf 81' lang='lat' dir='ltr'>faciam</span> <span class='ocrx_word' id='word_1_135' title='bbox 1624 1587 1672 1623; x_wconf 87' lang='lat' dir='ltr'>et</span> 
     </span>
     <span class='ocr_line' id='line_1_18' title="bbox 47 1655 1666 1714; baseline -0.002 -12"><span class='ocrx_word' id='word_1_136' title='bbox 47 1673 138 1714; x_wconf 84' lang='lat' dir='ltr'>me,</span> <span class='ocrx_word' id='word_1_137' title='bbox 165 1657 341 1702; x_wconf 85' lang='lat' dir='ltr'>Patres</span> <span class='ocrx_word' id='word_1_138' title='bbox 365 1672 425 1701; x_wconf 91' lang='lat' dir='ltr'>ac</span> <span class='ocrx_word' id='word_1_139' title='bbox 450 1655 634 1701; x_wconf 81' lang='lat' dir='ltr'>fratres</span> <span class='ocrx_word' id='word_1_140' title='bbox 657 1671 844 1712; x_wconf 85' lang='lat' dir='ltr'>omnes,</span> <span class='ocrx_word' id='word_1_141' title='bbox 881 1666 1037 1701; x_wconf 86' lang='lat' dir='ltr'>totum</span> <span class='ocrx_word' id='word_1_142' title='bbox 1072 1655 1355 1712; x_wconf 71' lang='lat' dir='ltr'>collegium,</span> <span class='ocrx_word' id='word_1_143' title='bbox 1384 1655 1666 1700; x_wconf 89' lang='lat' dir='ltr'>uniuersam</span> 
     </span>
     <span class='ocr_line' id='line_1_19' title="bbox 48 1731 1668 1790; baseline -0.002 -10"><span class='ocrx_word' id='word_1_144' title='bbox 48 1734 321 1789; x_wconf 89' lang='lat' dir='ltr'>Coloniam,</span> <span class='ocrx_word' id='word_1_145' title='bbox 349 1748 642 1790; x_wconf 87' lang='lat' dir='ltr'>omnemque</span> <span class='ocrx_word' id='word_1_146' title='bbox 667 1731 994 1779; x_wconf 83' lang='lat' dir='ltr'>Germaniam</span> <span class='ocrx_word' id='word_1_147' title='bbox 1019 1732 1311 1778; x_wconf 89' lang='lat' dir='ltr'>commendo</span> <span class='ocrx_word' id='word_1_148' title='bbox 1345 1731 1668 1778; x_wconf 86' lang='lat' dir='ltr'>sanctissimis</span> 
     </span>
     <span class='ocr_line' id='line_1_20' title="bbox 45 1809 1670 1868; baseline -0.002 -10"><span class='ocrx_word' id='word_1_149' title='bbox 45 1812 103 1858; x_wconf 90' lang='lat' dir='ltr'>R.</span> <span class='ocrx_word' id='word_1_150' title='bbox 131 1812 188 1857; x_wconf 89' lang='lat' dir='ltr'>T.</span> <span class='ocrx_word' id='word_1_151' title='bbox 217 1820 264 1857; x_wconf 90' lang='lat' dir='ltr'>et</span> <span class='ocrx_word' id='word_1_152' title='bbox 288 1811 492 1856; x_wconf 87' lang='lat' dir='ltr'>Patrum</span> <span class='ocrx_word' id='word_1_153' title='bbox 516 1826 577 1856; x_wconf 86' lang='lat' dir='ltr'>ac</span> <span class='ocrx_word' id='word_1_154' title='bbox 600 1809 816 1856; x_wconf 76' lang='lat' dir='ltr'>fratrum</span> <span class='ocrx_word' id='word_1_155' title='bbox 841 1810 1166 1867; x_wconf 89' lang='lat' dir='ltr'>orationibus,</span> <span class='ocrx_word' id='word_1_156' title='bbox 1193 1826 1289 1868; x_wconf 83' lang='lat' dir='ltr'>quo</span> <span class='ocrx_word' id='word_1_157' title='bbox 1325 1810 1395 1855; x_wconf 88' lang='lat' dir='ltr'>sic</span> <span class='ocrx_word' id='word_1_158' title='bbox 1430 1809 1670 1855; x_wconf 87' lang='lat' dir='ltr'>Coloniae</span> 
     </span>
     <span class='ocr_line' id='line_1_21' title="bbox 45 1886 1671 1945; baseline -0.001 -10"><span class='ocrx_word' id='word_1_159' title='bbox 45 1889 325 1935; x_wconf 90' lang='lat' dir='ltr'>laboremus</span> <span class='ocrx_word' id='word_1_160' title='bbox 349 1897 403 1933; x_wconf 90' lang='lat' dir='ltr'>vt</span> <span class='ocrx_word' id='word_1_161' title='bbox 426 1903 602 1934; x_wconf 90' lang='lat' dir='ltr'>uerum</span> <span class='ocrx_word' id='word_1_162' title='bbox 627 1886 894 1934; x_wconf 87' lang='lat' dir='ltr'>Societatis</span> <span class='ocrx_word' id='word_1_163' title='bbox 918 1887 1144 1945; x_wconf 83' lang='lat' dir='ltr'>erigatur</span> <span class='ocrx_word' id='word_1_164' title='bbox 1178 1888 1444 1945; x_wconf 86' lang='lat' dir='ltr'>collegium</span> <span class='ocrx_word' id='word_1_165' title='bbox 1477 1904 1540 1934; x_wconf 81' lang='lat' dir='ltr'>ex</span> <span class='ocrx_word' id='word_1_166' title='bbox 1575 1904 1671 1944; x_wconf 85' lang='lat' dir='ltr'>quo</span> 
     </span>
     <span class='ocr_line' id='line_1_22' title="bbox 46 1963 1672 2022; baseline -0.001 -10"><span class='ocrx_word' id='word_1_167' title='bbox 46 1975 148 2012; x_wconf 87' lang='lat' dir='ltr'>tota</span> <span class='ocrx_word' id='word_1_168' title='bbox 181 1966 378 2012; x_wconf 90' lang='lat' dir='ltr'>iuuetur</span> <span class='ocrx_word' id='word_1_169' title='bbox 411 1963 704 2022; x_wconf 87' lang='lat' dir='ltr'>Germania,</span> <span class='ocrx_word' id='word_1_170' title='bbox 741 1965 819 2011; x_wconf 93' lang='lat' dir='ltr'>uel</span> <span class='ocrx_word' id='word_1_171' title='bbox 858 1966 1034 2011; x_wconf 87' lang='lat' dir='ltr'>saltem</span> <span class='ocrx_word' id='word_1_172' title='bbox 1073 1964 1313 2021; x_wconf 86' lang='lat' dir='ltr'>Saxonia,</span> <span class='ocrx_word' id='word_1_173' title='bbox 1355 1974 1402 2011; x_wconf 91' lang='lat' dir='ltr'>et</span> <span class='ocrx_word' id='word_1_174' title='bbox 1442 1965 1672 2010; x_wconf 81' lang='lat' dir='ltr'>ciuitates</span> 
     </span>
     <span class='ocr_line' id='line_1_23' title="bbox 45 2042 1670 2101; baseline -0.001 -11"><span class='ocrx_word' id='word_1_175' title='bbox 45 2044 192 2093; x_wconf 86' lang='lat' dir='ltr'>maris</span> <span class='ocrx_word' id='word_1_176' title='bbox 230 2043 397 2089; x_wconf 87' lang='lat' dir='ltr'>baltici</span> <span class='ocrx_word' id='word_1_177' title='bbox 437 2059 548 2089; x_wconf 90' lang='lat' dir='ltr'>cum</span> <span class='ocrx_word' id='word_1_178' title='bbox 585 2043 759 2101; x_wconf 85' lang='lat' dir='ltr'>quibus</span> <span class='ocrx_word' id='word_1_179' title='bbox 793 2042 1156 2089; x_wconf 90' lang='lat' dir='ltr'>coloniensibus</span> <span class='ocrx_word' id='word_1_180' title='bbox 1192 2052 1362 2089; x_wconf 91' lang='lat' dir='ltr'>mutua</span> <span class='ocrx_word' id='word_1_181' title='bbox 1396 2052 1509 2088; x_wconf 86' lang='lat' dir='ltr'>sunt</span> <span class='ocrx_word' id='word_1_182' title='bbox 1542 2059 1670 2088; x_wconf 89' lang='lat' dir='ltr'>com-</span> 
     </span>
     <span class='ocr_line' id='line_1_24' title="bbox 30 2120 248 2166; baseline 0 0"><span class='ocrx_word' id='word_1_183' title='bbox 30 2120 248 2166; x_wconf 23' lang='lat' dir='ltr'>*mercia</span> 
     </span>
     <span class='ocr_line' id='line_1_25' title="bbox 106 2197 1670 2254; baseline -0.001 -12"><span class='ocrx_word' id='word_1_184' title='bbox 106 2197 172 2243; x_wconf 74' lang='lat'>14.</span> <span class='ocrx_word' id='word_1_185' title='bbox 240 2197 566 2243; x_wconf 79' lang='lat' dir='ltr'>Aduenerunt</span> <span class='ocrx_word' id='word_1_186' title='bbox 590 2197 669 2242; x_wconf 93' lang='lat' dir='ltr'>diu</span> <span class='ocrx_word' id='word_1_187' title='bbox 694 2197 996 2254; x_wconf 87' lang='lat' dir='ltr'>multumque</span> <span class='ocrx_word' id='word_1_188' title='bbox 1021 2198 1269 2254; x_wconf 85' lang='lat' dir='ltr'>expectati</span> <span class='ocrx_word' id='word_1_189' title='bbox 1296 2198 1482 2243; x_wconf 78' lang='lat' dir='ltr'>fratres</span> <span class='ocrx_word' id='word_1_190' title='bbox 1517 2197 1670 2242; x_wconf 91' lang='lat' dir='ltr'>nostri</span> 
     </span>
     <span class='ocr_line' id='line_1_26' title="bbox 0 2273 1668 2331; baseline -0.001 -12"><span class='ocrx_word' id='word_1_191' title='bbox 0 2278 5 2307; x_wconf 79' lang='lat'>³-</span> <span class='ocrx_word' id='word_1_192' title='bbox 46 2273 109 2319; x_wconf 93' lang='lat' dir='ltr'>M.</span> <span class='ocrx_word' id='word_1_193' title='bbox 136 2274 404 2320; x_wconf 86' lang='lat' dir='ltr'>Balduinus</span> <span class='ocrx_word' id='word_1_194' title='bbox 428 2274 656 2331; x_wconf 80' lang='lat' dir='ltr'>Angelus</span> <span class='ocrx_word' id='word_1_195' title='bbox 680 2283 729 2320; x_wconf 90' lang='lat' dir='ltr'>et</span> <span class='ocrx_word' id='word_1_196' title='bbox 753 2274 817 2319; x_wconf 89' lang='lat' dir='ltr'>M.</span> <span class='ocrx_word' id='word_1_197' title='bbox 846 2273 1080 2319; x_wconf 80' lang='lat' dir='ltr'>Andreas</span> <span class='ocrx_word' id='word_1_198' title='bbox 1105 2274 1308 2320; x_wconf 82' lang='lat' dir='ltr'>Frisius.</span> <span class='ocrx_word' id='word_1_199' title='bbox 1328 2274 1534 2319; x_wconf 80' lang='lat' dir='ltr'>Vtinam</span> <span class='ocrx_word' id='word_1_200' title='bbox 1560 2289 1668 2319; x_wconf 87' lang='lat' dir='ltr'>cum</span> 
     </span>
     <span class='ocr_line' id='line_1_27' title="bbox 0 2350 1671 2434; baseline 0 -38"><span class='ocrx_word' id='word_1_201' title='bbox 0 2363 4 2374; x_wconf 77' lang='grc'><em>’</em></span> <span class='ocrx_word' id='word_1_202' title='bbox 43 2351 98 2397; x_wconf 89' lang='lat' dir='ltr'>iis</span> <span class='ocrx_word' id='word_1_203' title='bbox 122 2351 336 2398; x_wconf 89' lang='lat' dir='ltr'>uenisset</span> <span class='ocrx_word' id='word_1_204' title='bbox 360 2352 424 2398; x_wconf 88' lang='lat' dir='ltr'>M.</span> <span class='ocrx_word' id='word_1_205' title='bbox 453 2351 750 2434; x_wconf 51' lang='lat' dir='ltr'>&#39;gheodorus</span> <span class='ocrx_word' id='word_1_206' title='bbox 774 2350 1020 2409; x_wconf 84' lang='lat' dir='ltr'>Canisius;</span> <span class='ocrx_word' id='word_1_207' title='bbox 1057 2352 1143 2397; x_wconf 91' lang='lat' dir='ltr'>sed</span> <span class='ocrx_word' id='word_1_208' title='bbox 1178 2361 1227 2398; x_wconf 91' lang='lat' dir='ltr'>et</span> <span class='ocrx_word' id='word_1_209' title='bbox 1261 2368 1373 2397; x_wconf 92' lang='lat' dir='ltr'>eum</span> <span class='ocrx_word' id='word_1_210' title='bbox 1407 2352 1671 2408; x_wconf 81' lang='lat' dir='ltr'>aliquando</span> 
     </span>
     <span class='ocr_line' id='line_1_28' title="bbox 0 2423 1671 2485; baseline 0.001 -14"><span class='ocrx_word' id='word_1_211' title='bbox 0 2423 7 2470; x_wconf 60' lang='grc' dir='ltr'>εἷ’</span> <span class='ocrx_word' id='word_1_212' title='bbox 44 2438 303 2474; x_wconf 90' lang='lat' dir='ltr'>uenturum</span> <span class='ocrx_word' id='word_1_213' title='bbox 344 2444 604 2485; x_wconf 85' lang='lat' dir='ltr'>speramus</span> <span class='ocrx_word' id='word_1_214' title='bbox 638 2429 669 2474; x_wconf 71' lang='lat'>⁴.</span> <span class='ocrx_word' id='word_1_215' title='bbox 706 2428 770 2474; x_wconf 84' lang='lat' dir='ltr'>Hi</span> <span class='ocrx_word' id='word_1_216' title='bbox 804 2444 932 2474; x_wconf 90' lang='lat' dir='ltr'>nunc</span> <span class='ocrx_word' id='word_1_217' title='bbox 965 2428 1159 2474; x_wconf 91' lang='lat' dir='ltr'>docent:</span> <span class='ocrx_word' id='word_1_218' title='bbox 1198 2445 1373 2474; x_wconf 89' lang='lat' dir='ltr'>uerum</span> <span class='ocrx_word' id='word_1_219' title='bbox 1407 2429 1466 2474; x_wconf 92' lang='lat' dir='ltr'>de</span> <span class='ocrx_word' id='word_1_220' title='bbox 1500 2445 1671 2474; x_wconf 87' lang='lat' dir='ltr'>eorum</span> 
     </span>
     <span class='ocr_line' id='line_1_29' title="bbox 45 2504 1671 2562; baseline 0.001 -11.973"><span class='ocrx_word' id='word_1_221' title='bbox 45 2504 333 2551; x_wconf 86' lang='lat' dir='ltr'>lectionibus</span> <span class='ocrx_word' id='word_1_222' title='bbox 362 2515 411 2551; x_wconf 88' lang='lat' dir='ltr'>et</span> <span class='ocrx_word' id='word_1_223' title='bbox 434 2504 621 2562; x_wconf 84' lang='lat' dir='ltr'>studiis,</span> <span class='ocrx_word' id='word_1_224' title='bbox 651 2514 703 2550; x_wconf 88' lang='lat' dir='ltr'>vt</span> <span class='ocrx_word' id='word_1_225' title='bbox 726 2514 774 2550; x_wconf 92' lang='lat' dir='ltr'>et</span> <span class='ocrx_word' id='word_1_226' title='bbox 799 2506 858 2551; x_wconf 91' lang='lat' dir='ltr'>de</span> <span class='ocrx_word' id='word_1_227' title='bbox 882 2514 988 2551; x_wconf 89' lang='lat' dir='ltr'>tota</span> <span class='ocrx_word' id='word_1_228' title='bbox 1011 2505 1372 2551; x_wconf 86' lang='lat' dir='ltr'>instauratione</span> <span class='ocrx_word' id='word_1_229' title='bbox 1397 2506 1671 2551; x_wconf 89' lang='lat' dir='ltr'>studiorum</span> 
     </span>
     <span class='ocr_line' id='line_1_30' title="bbox 47 2581 1672 2639; baseline 0 -12"><span class='ocrx_word' id='word_1_230' title='bbox 47 2582 197 2628; x_wconf 90' lang='lat' dir='ltr'>multa</span> <span class='ocrx_word' id='word_1_231' title='bbox 240 2582 515 2628; x_wconf 89' lang='lat' dir='ltr'>scribemus</span> <span class='ocrx_word' id='word_1_232' title='bbox 557 2581 604 2628; x_wconf 90' lang='lat' dir='ltr'>in</span> <span class='ocrx_word' id='word_1_233' title='bbox 648 2581 805 2627; x_wconf 91' lang='lat' dir='ltr'>literis</span> <span class='ocrx_word' id='word_1_234' title='bbox 843 2582 1024 2628; x_wconf 91' lang='lat' dir='ltr'>mensis</span> <span class='ocrx_word' id='word_1_235' title='bbox 1063 2582 1380 2636; x_wconf 83' lang='lat' dir='ltr'>Nouembris,</span> <span class='ocrx_word' id='word_1_236' title='bbox 1422 2582 1484 2628; x_wconf 90' lang='lat' dir='ltr'>ad</span> <span class='ocrx_word' id='word_1_237' title='bbox 1528 2598 1672 2639; x_wconf 87' lang='lat' dir='ltr'>quem</span> 
     </span>
     <span class='ocr_line' id='line_1_31' title="bbox 3 2656 1669 2717; baseline -0.001 -12"><span class='ocrx_word' id='word_1_238' title='bbox 3 2656 11 2702; x_wconf 61' lang='grc' dir='ltr'><strong><em>ἐ</em></strong></span> <span class='ocrx_word' id='word_1_239' title='bbox 47 2674 261 2706; x_wconf 89' lang='lat' dir='ltr'>mensem</span> <span class='ocrx_word' id='word_1_240' title='bbox 295 2675 355 2706; x_wconf 89' lang='lat' dir='ltr'>ea</span> <span class='ocrx_word' id='word_1_241' title='bbox 389 2660 651 2717; x_wconf 89' lang='lat' dir='ltr'>pertinent.</span> <span class='ocrx_word' id='word_1_242' title='bbox 694 2659 838 2706; x_wconf 90' lang='lat' dir='ltr'>Nunc</span> <span class='ocrx_word' id='word_1_243' title='bbox 872 2669 1062 2706; x_wconf 90' lang='lat' dir='ltr'>tantum</span> <span class='ocrx_word' id='word_1_244' title='bbox 1104 2660 1342 2706; x_wconf 89' lang='lat' dir='ltr'>librorum</span> <span class='ocrx_word' id='word_1_245' title='bbox 1383 2661 1669 2717; x_wconf 88' lang='lat' dir='ltr'>catalogum</span> 
     </span>
    </p>
   </div>
   <div class='ocr_carea' id='block_1_3' title="bbox 0 2837 1671 3183">
    <p class='ocr_par' dir='ltr' id='par_1_3' title="bbox 94 2837 1176 2883">
     <span class='ocr_line' id='line_1_32' title="bbox 94 2837 1176 2883; baseline -0.001 -8"><span class='ocrx_word' id='word_1_246' title='bbox 94 2839 104 2859; x_wconf 89' lang='lat'><strong>¹</strong></span> <span class='ocrx_word' id='word_1_247' title='bbox 154 2838 398 2876; x_wconf 86' lang='lat' dir='ltr'>Franciscus</span> <span class='ocrx_word' id='word_1_248' title='bbox 416 2837 662 2875; x_wconf 86' lang='lat' dir='ltr'>Burcardus.</span> <span class='ocrx_word' id='word_1_249' title='bbox 685 2838 874 2880; x_wconf 79' lang='lat' dir='ltr'>HANSEN,</span> <span class='ocrx_word' id='word_1_250' title='bbox 896 2839 971 2876; x_wconf 86' lang='lat' dir='ltr'>loc.</span> <span class='ocrx_word' id='word_1_251' title='bbox 992 2838 1069 2883; x_wconf 67' lang='lat' dir='ltr'>cit..</span> <span class='ocrx_word' id='word_1_252' title='bbox 1090 2838 1176 2875; x_wconf 78' lang='lat'>292.</span> 
     </span>
    </p>

    <p class='ocr_par' dir='ltr' id='par_1_4' title="bbox 92 2896 919 2945">
     <span class='ocr_line' id='line_1_33' title="bbox 92 2896 919 2945; baseline 0 -11"><span class='ocrx_word' id='word_1_253' title='bbox 92 2897 105 2917; x_wconf 84' lang='lat'><strong>²</strong></span> <span class='ocrx_word' id='word_1_254' title='bbox 154 2897 370 2945; x_wconf 88' lang='lat' dir='ltr'>Templum</span> <span class='ocrx_word' id='word_1_255' title='bbox 389 2896 486 2935; x_wconf 54' lang='lat' dir='ltr'>§stae</span> <span class='ocrx_word' id='word_1_256' title='bbox 506 2897 702 2935; x_wconf 86' lang='lat' dir='ltr'>Ursulae.</span> <span class='ocrx_word' id='word_1_257' title='bbox 729 2896 803 2939; x_wconf 69' lang='lat' dir='ltr'>Id..</span> <span class='ocrx_word' id='word_1_258' title='bbox 826 2897 919 2934; x_wconf 90' lang='lat' dir='ltr'>ibid.</span> 
     </span>
    </p>

    <p class='ocr_par' dir='ltr' id='par_1_5' title="bbox 0 2955 1671 3124">
     <span class='ocr_line' id='line_1_34' title="bbox 2 2955 1671 3004; baseline 0.001 -11"><span class='ocrx_word' id='word_1_259' title='bbox 2 2994 9 3003; x_wconf 58' lang='lat'>,</span> <span class='ocrx_word' id='word_1_260' title='bbox 92 2957 105 2977; x_wconf 83' lang='lat'><strong>⁸</strong></span> <span class='ocrx_word' id='word_1_261' title='bbox 156 2956 461 3004; x_wconf 84' lang='lat' dir='ltr'>Archiepiscopi</span> <span class='ocrx_word' id='word_1_262' title='bbox 505 2956 747 2994; x_wconf 84' lang='lat' dir='ltr'>coloniensis</span> <span class='ocrx_word' id='word_1_263' title='bbox 786 2957 961 2994; x_wconf 86' lang='lat' dir='ltr'>vicarius</span> <span class='ocrx_word' id='word_1_264' title='bbox 999 2957 1156 2992; x_wconf 86' lang='lat' dir='ltr'>videtur</span> <span class='ocrx_word' id='word_1_265' title='bbox 1193 2955 1314 2992; x_wconf 81' lang='lat' dir='ltr'>fuisse</span> <span class='ocrx_word' id='word_1_266' title='bbox 1350 2961 1445 2993; x_wconf 89' lang='lat' dir='ltr'>tunc</span> <span class='ocrx_word' id='word_1_267' title='bbox 1480 2957 1671 3004; x_wconf 83' lang='lat' dir='ltr'>temporis</span> 
     </span>
     <span class='ocr_line' id='line_1_35' title="bbox 0 3014 1670 3062; baseline 0.001 -10"><span class='ocrx_word' id='word_1_268' title='bbox 0 3016 3 3062; x_wconf 61' lang='lat' dir='ltr'>s</span> <span class='ocrx_word' id='word_1_269' title='bbox 43 3014 217 3062; x_wconf 86' lang='lat' dir='ltr'>Joannes</span> <span class='ocrx_word' id='word_1_270' title='bbox 236 3015 491 3062; x_wconf 85' lang='lat' dir='ltr'>Gebhardus,</span> <span class='ocrx_word' id='word_1_271' title='bbox 512 3028 647 3053; x_wconf 89' lang='lat' dir='ltr'>comes</span> <span class='ocrx_word' id='word_1_272' title='bbox 665 3016 713 3053; x_wconf 89' lang='lat' dir='ltr'>de</span> <span class='ocrx_word' id='word_1_273' title='bbox 730 3015 938 3061; x_wconf 76' lang='lat' dir='ltr'>Mansfelt3</span> <span class='ocrx_word' id='word_1_274' title='bbox 956 3016 1138 3053; x_wconf 75' lang='lat' dir='ltr'>officialis</span> <span class='ocrx_word' id='word_1_275' title='bbox 1156 3028 1251 3052; x_wconf 88' lang='lat' dir='ltr'>vero</span> <span class='ocrx_word' id='word_1_276' title='bbox 1268 3016 1340 3052; x_wconf 90' lang='lat' dir='ltr'>Dr.</span> <span class='ocrx_word' id='word_1_277' title='bbox 1354 3015 1533 3062; x_wconf 75' lang='lat' dir='ltr'>joannes</span> <span class='ocrx_word' id='word_1_278' title='bbox 1548 3016 1670 3053; x_wconf 85' lang='lat' dir='ltr'>Kem-</span> 
     </span>
     <span class='ocr_line' id='line_1_36' title="bbox 0 3074 1234 3124; baseline -0.001 -12"><span class='ocrx_word' id='word_1_279' title='bbox 0 3085 12 3124; x_wconf 66' lang='lat'>{⁴</span> <span class='ocrx_word' id='word_1_280' title='bbox 46 3074 116 3122; x_wconf 85' lang='lat' dir='ltr'>pis;</span> <span class='ocrx_word' id='word_1_281' title='bbox 137 3075 338 3123; x_wconf 74' lang='lat' dir='ltr'>sigillifer,</span> <span class='ocrx_word' id='word_1_282' title='bbox 359 3075 433 3112; x_wconf 88' lang='lat' dir='ltr'>Dr.</span> <span class='ocrx_word' id='word_1_283' title='bbox 450 3075 683 3122; x_wconf 89' lang='lat' dir='ltr'>Ludgerius</span> <span class='ocrx_word' id='word_1_284' title='bbox 702 3075 954 3113; x_wconf 86' lang='lat' dir='ltr'>Heresbach.</span> <span class='ocrx_word' id='word_1_285' title='bbox 975 3075 1047 3120; x_wconf 63' lang='lat' dir='ltr'>Id„</span> <span class='ocrx_word' id='word_1_286' title='bbox 1070 3076 1143 3112; x_wconf 87' lang='lat' dir='ltr'>loc.</span> <span class='ocrx_word' id='word_1_287' title='bbox 1165 3075 1234 3111; x_wconf 90' lang='lat' dir='ltr'>cit.</span> 
     </span>
    </p>

    <p class='ocr_par' dir='ltr' id='par_1_6' title="bbox 2 3131 899 3183">
     <span class='ocr_line' id='line_1_37' title="bbox 2 3131 899 3183; baseline 0 -11"><span class='ocrx_word' id='word_1_288' title='bbox 2 3131 5 3133; x_wconf 41' lang='lat'>⁵</span> <span class='ocrx_word' id='word_1_289' title='bbox 94 3135 108 3155; x_wconf 81' lang='lat'><strong>⁴</strong></span> <span class='ocrx_word' id='word_1_290' title='bbox 156 3134 264 3173; x_wconf 85' lang='lat' dir='ltr'>Vide</span> <span class='ocrx_word' id='word_1_291' title='bbox 283 3135 470 3183; x_wconf 86' lang='lat' dir='ltr'>superius</span> <span class='ocrx_word' id='word_1_292' title='bbox 489 3148 582 3183; x_wconf 87' lang='lat' dir='ltr'>pag.</span> <span class='ocrx_word' id='word_1_293' title='bbox 603 3134 685 3181; x_wconf 83' lang='lat'>297,</span> <span class='ocrx_word' id='word_1_294' title='bbox 706 3141 843 3173; x_wconf 81' lang='lat' dir='ltr'>annot.</span> <span class='ocrx_word' id='word_1_295' title='bbox 865 3135 899 3172; x_wconf 81' lang='lat'>3.</span> 
     </span>
    </p>
   </div>
   <div class='ocr_carea' id='block_1_4' title="bbox 0 1643 30 3303">
    <p class='ocr_par' dir='ltr' id='par_1_7' title="bbox 0 1643 30 3303">
     <span class='ocr_line' id='line_1_38' title="bbox 0 1643 30 3303; baseline 0 0"><span class='ocrx_word' id='word_1_296' title='bbox 0 1643 30 3303; x_wconf 95' lang='lat' dir='ltr'> </span> 
     </span>
    </p>
   </div>
  </div>
 </body>
</html>
