1945 3374
299 338 368 374 260
767 339 987 375 LITTERAE
1015 338 1370 383 QUADRIMESTRES

253 448 471 479 saxones
498 433 693 485 militeS,
721 433 929 489 contigit
965 432 1255 477 Florianum
1291 441 1339 477 et
1363 430 1649 488 Gasparum
1676 433 1748 477 ire
1771 439 1788 459 ³
1823 432 1884 477 ad

251 511 557 563 concionem,
586 525 712 566 quae
738 509 886 554 fiebat
912 510 957 553 in
983 508 1088 554 Sto.
1116 509 1323 568 Jacobo;
1346 508 1625 553 salubriter
1648 513 1884 554 attrecta-

252 588 292 632 ti
311 591 434 632 siml
463 587 496 632 b.
526 586 650 632 Cum
686 596 849 631 autem
876 586 1072 642 quidam
1102 586 1299 630 illorum
1325 586 1528 630 militum
1554 586 1778 631 uiderent
1802 601 1883 631 no-

253 674 400 720 stros,
429 675 699 720 coeperunt
736 663 1119 719 blasphaemare
1155 666 1202 707 et
1235 663 1413 707 iurare
1437 677 1591 718 usque
1626 662 1689 707 ad
1723 671 1883 719 stupo-

252 757 357 787 rem
381 741 587 786 hominis
623 740 838 785 cuiusuis
862 739 968 784 sani
995 739 1174 793 iudicii,
1203 739 1438 784 dicentes:
1467 740 1596 795 quod
1628 739 1760 795 ipsos
1784 755 1884 785 sus-

252 820 540 875 penderent,
569 817 799 873 uenitque
824 832 950 862 unus
974 828 1019 862 et
1044 817 1190 862 trusit
1224 816 1509 873 Gasparum
1544 818 1881 873 uehementer,

253 896 321 941 ita
345 904 397 940 ut
422 910 579 951 paene
614 894 849 939 ceciderit
883 894 928 939 in
963 903 1168 939 terram.
1196 894 1309 950 Ipsi
1331 908 1453 939 [tero
1478 894 1704 939 dicebant
1731 901 1762 939 C:
1791 909 1885 938 vos

253 972 466 1029 pessimi,
495 986 650 1027 quare
675 986 770 1016 non
794 971 935 1016 fertis
959 980 1124 1016 uestes
1159 971 1226 1016 uti
1262 972 1371 1016 nos?
1395 970 1523 1027 Quid
1559 971 1630 1016 sic
1659 969 1678 999 d
1709 971 1885 1016 incedi-

250 1050 332 1095 tis?
356 1049 524 1094 Nostri
548 1064 669 1094 uero
694 1048 943 1093 humiliter
967 1063 1018 1093 se
1043 1049 1430 1093 substraxerunt
1454 1058 1502 1093 et
1526 1048 1772 1094 abierunt.

310 1128 352 1171 4.
422 1126 599 1170 Altera
635 1140 755 1170 uero
790 1124 866 1169 die
901 1125 947 1170 in
982 1125 1174 1181 plateis,
1202 1140 1313 1170 cum
1340 1125 1474 1170 multi
1500 1141 1564 1170 ex
1587 1125 1676 1170 illis
1712 1125 1884 1170 Οὐηίω-

252 1208 367 1248 rent
395 1210 410 1229 θ
452 1202 636 1247 nostris
673 1201 929 1258 (mirabilis
966 1202 1209 1257 mutatio),
1237 1217 1406 1247 omnes
1440 1212 1488 1247 et
1522 1202 1702 1258 singuli
1737 1212 1887 1259 caput

251 1289 559 1338 aperuerunt
584 1288 893 1325 reuerentes.
922 1279 986 1324 Et
1020 1280 1114 1324 hoc
1149 1289 1413 1336 utrumque
1448 1279 1646 1336 saepius
1678 1290 1724 1325 et
1757 1280 1885 1325 dim·-

249 1358 324 1403 Sz's
346 1357 356 1384 f
391 1358 578 1402 iactum
602 1356 707 1414 fuit,
735 1366 788 1402 ut
811 1355 958 1401 facile
983 1365 1226 1413 appareat
1252 1357 1297 1401 in
1322 1357 1415 1402 hoc
1434 1357 1699 1401 ueritatem
1724 1373 1752 1402 a
1778 1372 1882 1413 pes-

251 1435 385 1480 simis
411 1435 562 1479 etiam
587 1433 862 1479 hominibus
886 1449 983 1478 non
1007 1448 1151 1489 posse
1177 1449 1271 1477 non
1298 1433 1508 1480 laudari.

310 1512 353 1558 5.
422 1511 636 1568 Quidam
660 1512 784 1555 baro
811 1510 981 1555 gcuius
1006 1509 1088 1555 filii
1112 1511 1314 1555 uisitant
1338 1520 1538 1556 nostras
1562 1511 1774 1566 scholas,
1798 1511 1880 1555 mi—

252 1588 313 1634 sit
338 1589 523 1633 czdnos
559 1602 721 1632 aalma
751 1593 973 1643 porcum
1006 1591 1291 1632 [mactatum
1327 1601 1607 1644 magnum:
1647 1601 1744 1632 nas
1778 1601 1883 1632 ma—

247 1679 418 1723 gnum
453 1665 645 1722 bnt-vri:
670 1664 818 1709 aliud
855 1678 953 1709 uas
982 1664 1327 1721 pinguedinis
1361 1664 1612 1720 porcinae
1642 1669 1739 1720 pro
1774 1677 1885 1708 con—

253 1742 458 1786 diendis
496 1741 643 1785 cibis:
682 1745 785 1785 tres
824 1754 1002 1785 caseos
1036 1754 1259 1797 magnos
1293 1740 1639 1785 holmemz'coss
1662 1740 1885 1797 quadra—

249 1819 405 1876 ginta
440 1818 570 1863 alios
610 1818 836 1862 minores
875 1830 1051 1862 caseos
1089 1816 1377 1862 bollemz'cos
1416 1831 1532 1861 cnm
1570 1816 1774 1862 duabus
1815 1815 1886 1861 ni-

253 1896 378 1940 trez‘s
397 1895 671 1952 fenestris,
700 1908 832 1951 quas
857 1894 1114 1950 persolm't
1145 1898 1193 1938 et
1226 1894 1405 1952 affixit
1439 1894 1629 1939 scholis
1657 1893 1692 1938 ¹¹.
1727 1893 1885 1949 Expe-

254 1981 448 2017 ctamus
473 1971 634 2017 adhuc
659 1972 782 2016 alios
807 1971 929 2016 duos
953 1971 1189 2016 nobilium
1216 1972 1457 2016 baronum
1475 1971 1623 2027 filios
1659 1969 1667 1997 i
1689 1981 1887 2016 nostras

254 2049 452 2094 scholas
487 2048 851 2093 m‘sitcztmosi.
882 2047 959 2092 Ex
995 2047 1280 2093 ciuitatibus
1318 2056 1366 2093 et
1402 2047 1522 2092 locis
1557 2047 1729 2093 uicinis
1761 2046 1884 2093 Ger-

253 2125 449 2171 maniae
474 2125 674 2170 ueniunt
699 2124 1042 2170 adolescentes
1062 2125 1124 2170 ob
1149 2124 1327 2181 studia,
1356 2140 1482 2180 quae
1501 2124 1730 2169 dicuntur
1755 2124 1885 2181 apud

253 2201 492 2247 Sanctum
519 2201 827 2246 Clementem
852 2202 1041 2258 uigere;
1069 2202 1155 2246 sed
1179 2217 1291 2246 cum
1316 2216 1412 2246 non
1438 2201 1654 2247 habeant
1679 2201 1766 2246 uhi
1798 2200 1816 2227 ¹<
1834 2216 1887 2247 se

253 2279 441 2336 possint
466 2278 692 2334 recipere
718 2277 726 2304 ¹
761 2282 809 2322 et
829 2282 1137 2334 sustentare,
1166 2278 1244 2322 uel
1280 2278 1612 2333 remittuntur,
1642 2282 1734 2323 ant
1755 2285 1782 2304 ¹³¹
1807 2287 1884 2323 co'-

252 2365 438 2414 guntur
462 2355 656 2400 uersari
683 2370 793 2400 cum
816 2355 1030 2411 hussitis,
1056 2355 1184 2400 inter
1208 2370 1330 2411 quos
1355 2356 1498 2411 plane
1522 2355 1883 2412 periclitantur,

254 2447 346 2478 nec
368 2432 573 2478 scholas
607 2436 815 2477 nostras
848 2432 952 2476 nisi
983 2431 1291 2489 quandoque
1316 2432 1548 2476 m’sz'tant.
1575 2431 1740 2488 Aliqui
1774 2439 1886 2476 sunt

255 2510 502 2564 catholici,
530 2508 610 2566 qui
636 2524 748 2554 cum
772 2508 972 2553 hussitis
995 2508 1236 2564 habitant,
1265 2524 1294 2553 a
1318 2508 1492 2566 quibus
1517 2517 1565 2553 et
1588 2508 1795 2553 sollicite
1820 2509 1885 2553 la-

254 2597 532 2644 cessuntur,
560 2587 599 2632 si
635 2602 731 2643 quo
765 2586 911 2631 modo
947 2585 1136 2642 possint
1169 2602 1199 2631 a
1232 2586 1414 2631 nostris
1448 2585 1630 2631 scholis
1659 2585 1880 2631 auocari.

253 2664 327 2710 Vt
351 2674 518 2710 autem
551 2664 625 2710 his
657 2663 800 2708 malis
834 2674 1150 2719 occurratur,
1178 2663 1373 2708 uidetur
1408 2678 1529 2718 opus
1564 2678 1672 2708 esse
1695 2666 1884 2718 tempo-

302 2903 320 2922 a
364 2900 520 2932 euntes.
573 2895 637 2920 —b
670 2894 848 2941 colaphis
867 2894 966 2931 cedi.
1023 2902 1083 2921 -c
1116 2894 1320 2931 Dicebant
1339 2899 1487 2931 autem.
1541 2893 1607 2920 —d
1651 2893 1745 2930 HOC
1758 2904 1797 2929 v.
1818 2902 1886 2929 su·
1918 2928 1926 2947 x

252 2959 338 3001 pra
368 2965 476 2991 vers.
511 2954 664 2991 eadem
698 2965 837 2990 mmm
869 2954 1090 2990 addz‘tzmz.
1144 2960 1207 2980 -e
1254 2958 1527 2990 occurrerent.
1580 2952 1638 2980 —f
1703 2951 1882 2989 diuersis
1943 2977 1945 2997 ,

256 3022 322 3047 —g
354 3014 415 3050 vir
430 3014 587 3051 nobilis.
645 3014 708 3040 —h
754 3014 864 3050 misis
883 3013 1020 3050 multis
1038 3013 1164 3055 donis,
1191 3026 1305 3050 suam
1324 3013 1652 3050 beneuolentiam
1670 3012 1713 3048 'in
1736 3024 1808 3048 nos
1825 3015 1885 3048 est

255 3078 439 3109 testatus.
486 3072 540 3099 -i
589 3073 645 3117 (vt
664 3073 822 3117 vocant)
840 3072 943 3109 filios
957 3073 1024 3119 qui
1039 3072 1101 3109 ad.
1150 3072 1202 3106 —i
1234 3072 1467 3119 propediem
1482 3072 1660 3109 venient.
1707 3071 1771 3097 ——k
1791 3082 1880 3117 quo.

255 3131 312 3159 —l
365 3137 449 3168 tuto
476 3132 672 3179 recipere.
726 3139 803 3158 —m
835 3133 915 3168 vel.
