1900 3380
546 189 934 226 172.‡PLAOENT1A
960 188 1003 225 31
1034 187 1144 234 MAJ1
1178 187 1266 223 1:358
1615 185 1685 221 693

96 289 248 334 Pater
272 296 439 333 rector
464 286 509 331 in
536 285 701 331 multis
732 300 936 330 suarum
962 284 1253 329 concionum
1280 282 1405 328 solet
1434 281 1730 327 declaratio-

96 382 206 412 nem
231 365 438 410 alicuius
462 363 660 408 articuli
686 362 796 408 fidei
823 363 899 407 uel
927 361 1180 419 praecepti
1206 361 1329 417 legis
1353 360 1546 405 diuinae
1582 358 1730 404 admi-

97 458 255 499 scere,
283 443 483 488 breuem
509 440 642 485 illam
669 439 882 497 quidem,
909 439 994 484 sed
1020 454 1147 495 quae
1176 437 1408 489 sufficiat,
1447 453 1542 493 quo
1578 435 1732 482 credi-

96 537 204 567 mus
229 521 322 566 hac
346 520 493 565 etiam
518 535 581 564 ex
616 527 759 575 parte
796 517 991 574 populo-
1013 515 1325 562 satisfacere.
1364 515 1627 571 Nunquam
1663 523 1731 560 ta-

99 615 207 644 men
233 599 474 644 hactenus
499 597 561 641 ab
587 595 845 641 audiendis
868 602 884 621 ἃ
907 594 1072 652 pueris
1098 602 1345 638 cessatum
1372 602 1462 649 est,
1490 592 1604 649 quin
1635 592 1731 637 imo

97 678 229 723 hisce
254 675 516 733 postremis
544 674 716 719 diebus
740 689 1010 730 puerorum
1041 688 1276 717 numerus
1310 670 1551 725 accreuit,
1579 670 1734 726 degu-

96 754 240 801 statis
265 752 560 810 quibusdam
585 751 903 803 munusculis,
942 766 1069 807 quae
1105 750 1263 795 solent
1297 749 1499 803 fratres,
1537 747 1616 804 qui
1652 763 1737 793 eos

99 840 382 887 accersunt,
410 830 518 875 uice
543 828 751 886 praemii
777 828 1176 885 diligentioribus
1200 826 1460 883 impartiri.

157 910 199 955 ὃ.
268 909 485 954 Domum
532 906 811 963 recepimus
855 906 1017 950 uirum
1057 906 1300 961 quendam
1335 904 1393 948 de
1437 902 1739 960 primoribus

100 987 238 1032 urbis
264 986 477 1041 Abulae,
507 994 558 1029 ut
582 1000 633 1029 se
658 1000 745 1040 per
770 998 961 1040 paucos
995 982 1098 1028 dies
1134 992 1354 1027 semotus
1388 997 1416 1026 a
1453 980 1738 1026 tumultibus

101 1074 149 1111 et
180 1063 418 1122 negociis,
458 1063 502 1107 in
539 1061 879 1119 spiritualibus
909 1069 1188 1117 exerceret3
1226 1069 1274 1105 et
1307 1059 1353 1104 in
1389 1057 1650 1104 exerciciis
1685 1072 1737 1104 se

102 1151 307 1188 nostrae
331 1139 571 1186 Societati
597 1138 812 1193 deuouit,
841 1138 1105 1196 diligenter
1129 1137 1233 1183 eius
1251 1136 1473 1182 instituto
1494 1144 1542 1180 et
1561 1134 1737 1180 consti-

104 1219 374 1266 tutionibus
399 1217 535 1275 prius
560 1216 873 1262 examinatis.
900 1215 1090 1260 Nomen
1117 1224 1190 1260 est
1221 1214 1285 1259 illi
1320 1213 1604 1258 Ludouicus
1638 1211 1736 1257 Me-

105 1297 358 1344 thinensis.
390 1296 485 1341 Vir
509 1304 584 1341 est
608 1294 627 1322 b
649 1309 768 1340 sane
792 1309 978 1351 magno
1004 1293 1182 1338 iudicio
1207 1292 1558 1349 multiplicique
1593 1281 1740 1347 expe-

103 1375 298 1431 rientia,
326 1374 503 1432 quippe
529 1388 673 1430 quem
698 1371 928 1418 docuerit
951 1372 1103 1428 longa
1127 1371 1230 1416 uita
1261 1371 1394 1427 (nam
1428 1369 1487 1415 40
1520 1368 1661 1414 annis
1697 1376 1745 1413 et

105 1470 164 1500 eo
188 1452 397 1509 amplius
421 1460 567 1497 natus
591 1450 701 1507 est),
728 1459 777 1495 et
800 1465 917 1495 usus
941 1465 1110 1495 rerum
1146 1449 1477 1494 maximarum
1513 1435 1560 1492 et
1593 1461 1745 1503 nego-

105 1532 311 1587 ciorum,
342 1544 467 1587 quae
492 1539 594 1573 tam
629 1527 762 1585 apud
797 1527 953 1584 indos,
991 1543 1139 1584 quam
1175 1527 1306 1584 apud
1339 1526 1484 1572 italos
1520 1524 1744 1581 aliasque

106 1618 282 1666 gentes
307 1606 686 1659 remotissimaS,
713 1615 818 1650 tum
842 1605 1045 1659 auxilio,
1078 1614 1181 1650 tum
1212 1604 1417 1650 consilio
1452 1601 1744 1656 confecerit,

109 1686 255 1742 idque
279 1684 370 1730 fuit
399 1692 643 1741 perpetuo
678 1682 861 1728 homini
895 1682 1048 1728 foelix
1084 1682 1350 1739 ingenium,
1389 1698 1449 1726 ea
1485 1681 1659 1737 pietas
1696 1688 1749 1724 ut

109 1763 290 1819 ubique
307 1777 524 1818 magnae
544 1760 799 1818 religionis
818 1760 1067 1817 specimen
1085 1760 1145 1805 de
1170 1776 1222 1805 se
1247 1758 1552 1816 praebuerit;
1572 1767 1621 1803 et
1637 1773 1748 1802 curn

111 1840 277 1886 omnia
311 1839 417 1884 fere
452 1837 787 1883 successerint
820 1837 885 1883 illi
920 1837 1140 1883 secunda
1166 1847 1214 1883 et
1238 1853 1300 1882 ex
1324 1836 1473 1882 animi
1505 1834 1749 1880 sententia

108 1934 168 1963 ea
193 1926 209 1946 0
239 1915 530 1972 confecerit,
566 1930 817 1972 nunquam
852 1924 1018 1960 tamen
1054 1931 1164 1960 eam
1200 1930 1290 1959 nec
1325 1913 1435 1970 loci,
1473 1928 1565 1958 nec
1598 1911 1747 1957 animi

110 1994 522 2051 tranquillitatem
547 2002 622 2038 est
645 2001 925 2047 assecutus,
953 2008 1101 2050 quam
1126 1992 1230 2049 ipse
1265 1991 1469 2037 summis
1504 1990 1632 2035 uotis
1666 2005 1746 2035 ex-

109 2073 315 2131 petebat
349 2082 396 2116 et
430 2087 583 2117 uerae
618 2070 817 2126 pietatis
851 2070 1086 2127 operibus
1121 2070 1373 2115 iudicabat
1407 2067 1747 2113 accomodarn.

110 2151 253 2197 Nunc
276 2150 344 2195 ita
369 2148 540 2194 firmus
559 2149 605 2194 in
625 2148 802 2194 itinere
822 2157 967 2205 cepto
988 2159 1297 2205 perseuerat,
1320 2157 1556 2202 tantoque
1577 2160 1749 2190 amore

111 2233 160 2274 et
188 2227 431 2285 opinione
465 2225 769 2271 Societatem
805 2226 1139 2283 prosequitur,
1178 2236 1227 2270 ut
1262 2224 1369 2270 fere
1403 2239 1654 2281 nunquam
1689 2223 1752 2268 ab

114 2307 220 2352 eius
244 2320 332 2350 ore
357 2304 590 2350 excidant
613 2303 883 2349 Societatis
907 2304 1151 2361 encomia,
1184 2303 1359 2360 quibus
1393 2302 1612 2347 inculcat
1645 2316 1753 2357 per-

112 2399 263 2440 saepe
294 2382 420 2428 illius
444 2382 862 2439 opportunitates
895 2386 943 2427 et
979 2381 1259 2437 commoda,
1301 2389 1608 2436 anteponens
1642 2393 1753 2423 eam

114 2460 304 2507 cunctis
328 2459 605 2506 rationibus
630 2459 843 2515 uiuendi,
872 2475 995 2517 quas
1019 2460 1096 2505 uel
1131 2459 1234 2516 ipse
1268 2458 1441 2503 fuisset
1467 2472 1554 2514 per
1579 2464 1754 2501 semet-

113 2540 272 2596 ipsum
308 2548 560 2594 expertus,
598 2538 677 2583 uel
708 2553 798 2594 per
821 2537 945 2583 alios
970 2535 1235 2591 didicisset,
1274 2534 1495 2592 diligenti
1527 2533 1664 2579 facta
1688 2533 1754 2578 in-

117 2615 452 2672 uestigatione
476 2614 761 2660 multarum.
789 2614 988 2660 Nullum
1012 2614 1125 2660 item
1151 2623 1226 2659 est
1250 2629 1339 2658 nec
1363 2612 1511 2669 domi,
1549 2627 1640 2656 nec
1674 2627 1756 2656 ex-

115 2704 196 2739 tra
219 2702 322 2739 tarn
347 2693 595 2738 abiectum
620 2701 707 2737 aut
731 2692 1033 2738 laboriosum
1058 2707 1249 2747 munus,
1277 2690 1339 2736 ad
1364 2690 1491 2746 quod
1517 2690 1621 2734 eius
1656 2688 1756 2734 ani-

92 2777 226 2817 'inus
261 2771 433 2816 alacer
466 2786 563 2816 non
598 2770 660 2816 sit
695 2781 741 2816 et
775 2770 1052 2828 expeditus,
1089 2769 1314 2826 quamuis
1347 2768 1454 2813 eius
1487 2766 1757 2814 exercendi

166 2965 184 2985 a
230 2958 399 2995 Forsan
421 2958 564 2994 voluit
581 2956 724 2994 dicere
745 2955 992 2993 erudiendis.
1046 2953 1114 2980 —b
1151 2952 1268 2990 Verb.
1287 2956 1348 2988 est
1363 2951 1470 2989 add.
1491 2956 1629 2998 supra
1647 2961 1758 2989 vers

118 3024 230 3066 alia,
253 3027 302 3061 ut
322 3022 511 3068 videtur,
532 3032 686 3059 manu.
740 3029 802 3048 —c
847 3019 1057 3057 Praeced.
1078 3030 1117 3055 v.
1139 3017 1245 3056 add.
1267 3021 1405 3063 supra
1423 3028 1537 3055 vers.
