1909 3328
260 282 329 317 780
735 278 808 314 LIT
818 289 953 314 [ERAE
979 278 1337 323 QUADfflMEs'rREs

274 380 278 386 ¹
288 378 299 395 )

273 397 315 421 o.
383 375 691 421 Coenobium
717 374 968 430 quoddam
988 374 1275 419 monialium
1299 373 1364 419 D.
1388 373 1673 430 Benedicti,
1696 374 1856 419 lucius

213 452 535 499 sanctissimi
552 452 725 508 patris
749 452 954 496 decreta
978 455 1326 508 contemnens,
1360 466 1420 496 eo
1456 451 1728 496 deuenerat
1762 450 1853 495 dis-

215 530 489 583 solutionis,
529 528 1081 586 praeuaricationisque
1116 538 1168 573 ut
1203 529 1255 573 ln
1292 528 1476 586 quibus
1511 527 1662 572 rebus
1699 528 1857 573 totins

215 607 535 652 monasticae
553 606 692 651 uitae
709 605 866 650 cardo
884 608 1119 662 uertitur,
1127 605 1444 663 foedissime
1459 605 1733 662 laberetur,
1755 605 1854 649 dis-

215 684 506 741 carptisqzsce
529 687 637 728 tam
661 684 804 728 sacri
825 683 1057 739 corporis
1088 682 1346 739 JJJ‘zemez's,
1389 697 1718 739 unaquaeque
1755 697 1854 726 mo-

216 761 357 806 nialis
382 761 619 805 alimenta
645 760 970 816 undecunque
996 770 1163 816 posset
1191 759 1512 816 peculiariter
1548 770 1594 804 et
1628 774 1856 804 seorsum

215 841 277 884 ab
302 839 410 884 aliis
435 848 757 895 corrogaret,
787 853 882 882 non
904 837 1050 882 modo
1070 837 1133 882 ad
1155 838 1308 883 uitam
1328 836 1744 891 conseruandam,
1769 836 1858 881 sed

216 917 365 962 etiam
401 918 676 973 plerunque
718 915 779 960 ad
824 931 942 960 suas
982 915 1256 971 explendas
1290 914 1602 971 cupiditates;
1646 929 1857 970 cumque

215 994 328 1039 huic
352 994 485 1038 malo
510 1008 654 1038 nemo
681 993 980 1049 mederetur,
1010 992 1162 1037 Pater
1183 1003 1352 1037 rector
1372 1001 1542 1036 noster
1567 993 1579 1015 ¹
1606 991 1710 1048 egit
1728 991 1858 1047 apud

216 1072 501 1128 episcopum
527 1071 670 1116 huius
697 1071 833 1116 urbis
858 1072 879 1127 ²·
898 1080 949 1115 ut
974 1071 1171 1115 illarum
1198 1070 1484 1115 monialium
1508 1070 1791 1126 petulantes
1811 1078 1858 1112 et

218 1149 527 1206 irreligiosos
551 1164 734 1203 mores,
764 1147 951 1205 regulis
975 1164 1004 1192 a
1029 1163 1082 1192 se
1108 1163 1264 1203 nuper
1295 1146 1626 1204 promulgatis
1660 1150 1857 1190 coerce-

218 1238 309 1283 ret,
337 1226 522 1283 qulbus
544 1226 592 1271 si
609 1231 802 1282 parere
827 1225 1100 1281 noluerent,
1129 1238 1229 1269 non
1261 1224 1476 1269 dubium
1511 1228 1600 1280 est,
1627 1223 1751 1280 quin
1777 1236 1860 1266 res

217 1303 327 1348 Deo
357 1303 673 1360 gratissima
692 1302 892 1360 sutum
925 1302 1015 1357 sits
1049 1312 1198 1359 atque
1233 1303 1473 1346 hactenus
1513 1300 1756 1357 quaedam
1796 1315 1859 1344 ex

219 1381 310 1426 illis
335 1381 629 1425 monialibus
654 1380 977 1425 nobilioribus
1007 1389 1267 1436 permotae
1302 1378 1733 1424 cohortationibus
1768 1376 1859 1422 Pa-

218 1458 307 1503 tris
332 1458 558 1514 rectoris,
586 1457 664 1515 qui
690 1457 820 1514 apud
856 1473 941 1502 eas
976 1457 1149 1502 diebus
1184 1456 1385 1501 veneris
1419 1454 1708 1501 concionari
1743 1469 1860 1499 con-

218 1535 396 1591 sueuit,
425 1535 487 1580 ad
513 1550 706 1579 omnem
739 1535 870 1579 uitae
905 1534 1303 1579 emendationem
1340 1543 1550 1590 paratae
1584 1541 1715 1588 sunt,
1752 1531 1860 1577 reli-

219 1611 327 1669 quis
351 1611 769 1668 dissentientibus,
798 1611 844 1656 in
870 1627 994 1668 quas
1018 1611 1305 1656 admodum
1330 1609 1461 1655 [θέω
1494 1609 1705 1655 Catinae
1739 1608 1860 1654 anti-

219 1701 320 1736 stes
354 1691 646 1747 quaestione
681 1690 851 1735 habita
891 1690 1141 1745 certisque
1180 1688 1350 1745 poenis
1396 1687 1637 1744 irrogatis
1676 1687 1861 1732 anima-

224 1769 458 1813 duertere
483 1768 722 1813 decreuit.

278 1845 322 1890 4.
391 1845 467 1890 De
491 1845 673 1890 scholis
696 1845 1048 1890 catanensibus
1083 1845 1178 1890 hoc
1213 1855 1403 1890 tantum
1437 1844 1615 1900 dicam,
1652 1842 1776 1888 Rde.
1815 1843 1862 1887 in

222 1923 311 1967 X.0
335 1923 506 1979 Pater,
538 1938 676 1979 spem
707 1923 858 1979 illam,
895 1938 1043 1979 quam
1078 1938 1174 1979 ego
1209 1938 1406 1979 semper
1437 1922 1602 1967 animo
1638 1920 1859 1977 concepi,

221 1999 332 2046 fore
370 2010 424 2046 ut
462 2001 699 2046 florentes
737 2016 945 2046 numero
984 2010 1033 2045 et
1072 2000 1214 2045 bonis
1253 2000 1606 2057 discipulorum
1640 1997 1862 2043 moribus

222 2078 513 2133 euaderent,
540 2078 776 2135 optimum
801 2087 1034 2123 euentum
1057 2078 1309 2123 habuisse.
1337 2078 1465 2122 Nam
1502 2091 1611 2122 cum
1634 2075 1713 2120 hic
1736 2075 1864 2120 duae

223 2155 318 2200 sint
342 2156 545 2210 classes,
572 2157 735 2201 altera
759 2155 828 2200 ita
852 2155 1041 2200 referta
1067 2166 1141 2200 est
1175 2154 1486 2200 multitudine
1521 2153 1860 2211 puerulorum,

223 2241 277 2278 ut
300 2234 468 2291 plures
491 2248 677 2290 capere
701 2248 798 2278 non
830 2232 1002 2290 possit,
1038 2234 1203 2278 altera
1236 2233 1416 2278 multos
1445 2231 1665 2277 continet
1697 2230 1862 2275 adole-

222 2321 437 2368 scentes,
463 2311 650 2367 optima
673 2309 987 2366 ingeniorum
1006 2309 1168 2355 indole
1187 2310 1456 2367 praeditos,
1480 2309 1648 2364 plures
1671 2307 1863 2352 habitu·

224 2403 283 2435 ra
305 2389 363 2445 si,
390 2398 442 2433 ut
465 2402 742 2444 speramus,
770 2386 906 2432 initio
930 2387 1043 2432 huic
1066 2398 1271 2433 caetera
1296 2385 1681 2443 respondebunt.

313 2465 456 2511 Haec
480 2474 593 2511 sunt
617 2480 746 2522 quae
765 2464 924 2510 Rdae.
951 2464 1242 2521 paternitati
1266 2474 1383 2510 tuae
1403 2463 1666 2509 scribenda
1691 2477 1864 2508 occur-

226 2545 419 2599 rebant,
447 2543 587 2589 cuius
610 2541 936 2588 sanctissimis
961 2542 1270 2588 orationibus
1294 2550 1426 2588 totos
1450 2556 1540 2586 nos
1573 2540 1864 2597 qualescun-

227 2637 320 2679 que
364 2636 533 2666 sumus
577 2620 624 2665 in
669 2619 883 2665 Domino
923 2619 1348 2665 commendamus.
1397 2617 1579 2663 Catina
1622 2616 1736 2662 Kal.
1779 2613 1864 2661 Se-

227 2697 486 2755 ptembris.

276 2919 287 2938 ¹
339 2917 521 2965 Collegii
538 2922 672 2955 rector
691 2922 780 2953 erat
798 2916 843 2953 P.
864 2915 1073 2953 Antonius
1092 2915 1242 2961 Vinck,
1263 2916 1333 2952 sed
1353 2927 1401 2951 eo
1428 2914 1599 2951 absente
1625 2915 1674 2950 ob
1702 2913 1866 2951 electio·

227 2989 321 3014 nem
339 2977 561 3025 praepositi
580 2976 802 3024 generalis,
823 2976 986 3013 domum
1004 2975 1264 3023 gubernabat
1291 2974 1335 3011 P.
1366 2973 1557 3012 Sanctius
1583 2973 1786 3018 Navarro,
1815 2973 1865 3010 de

229 3049 307 3084 quo
326 3036 429 3073 forte
450 3036 629 3084 loquitur
648 3036 846 3083 epistolae
866 3041 1019 3072 auctor.

277 3097 290 3116 ‘²
340 3096 535 3133 Nicolaus
554 3096 688 3134 Maria
708 3096 757 3132 de
778 3095 1040 3133 Caracciolis.
