2075 3499
764 328 999 356 PRAEFATIO
1591 326 1655 352 ΧΗ)

76 418 157 463 illa
180 426 372 462 tantum
408 415 709 469 referantur,
737 414 934 472 quando
969 414 1028 458 de
1064 413 1245 458 nostris
1270 412 1496 457 domibus
1521 411 1704 468 agitur,

77 509 202 551 quae
227 494 271 538 in
297 493 511 538 omnium
537 492 691 538 oculis
717 491 1069 536 versabantur.
1095 490 1292 535 [tarem
1318 489 1564 534 intuentes
1590 504 1706 532 raro

77 580 162 616 aut
185 571 598 628 quadrimestrem
633 570 850 626 aliquam
887 567 1197 612 solummodo
1232 582 1472 623 prospera
1501 581 1705 610 narraw

76 657 191 704 tem,
233 657 319 692 aut
358 647 608 703 privatam
649 646 909 703 epistolam
951 644 1284 690 moderatoris
1327 645 1405 688 vel
1453 643 1706 687 domestici

76 724 376 770 consultoris
410 724 518 770 t'ere
552 732 743 769 tantum
783 723 1000 768 adversa
1036 721 1462 779 conquerentium,
1500 720 1709 777 rejicere

75 817 281 859 prossus
318 802 580 854 debebunt;
618 810 881 857 utramque
922 800 1083 856 potius
1124 799 1458 850 conferentes,
1499 798 1708 842 alteram

77 880 283 925 alterius
318 895 409 936 ope
444 880 786 934 declarabunt,
825 887 889 935 et,
927 878 1007 922 ubi
1042 893 1165 933 opus
1205 877 1313 932 erit,
1352 876 1451 921 suis
1491 875 1711 920 terminis

78 956 503 1002 circumscribent.

164 1033 275 1093 Jam
302 1044 351 1078 ut
375 1032 438 1078 ad
462 1033 742 1077 litterarum
768 1031 1207 1088 quadrimestrium
1232 1029 1540 1087 propositum
1566 1028 1710 1074 finem

79 1112 358 1166 redeamus,
386 1119 438 1155 ut
463 1109 569 1155 finis
594 1110 672 1155 ille
696 1110 921 1155 declarat
953 1125 1108 1166 quare
1146 1109 1300 1153 multa
1335 1107 1397 1152 ad
1433 1108 1631 1163 plenam
1666 1115 1713 1151 et

78 1188 359 1233 absolutam
383 1187 643 1233 historiam
667 1187 964 1244 pertinentia
1004 1187 1312 1237 omittantur;
1351 1186 1420 1230 sic
1454 1184 1561 1229 finis
1585 1184 1711 1229 idem

78 1264 261 1321 effecit,
289 1274 339 1310 ut
363 1264 460 1310 alia
485 1264 747 1321 quaedam,
775 1264 837 1309 ad
862 1263 1118 1308 historiam
1144 1263 1296 1308 totius
1314 1262 1500 1307 ordinis
1523 1262 1605 1307 vix
1629 1271 1713 1306 aut

78 1358 138 1388 ne
159 1343 243 1387 vix
261 1343 456 1399 quidem
475 1351 770 1398 opportuna,
793 1342 856 1387 ad
876 1342 1153 1386 animorum
1177 1356 1298 1386 vero
1318 1339 1712 1386 aedificationem

79 1435 173 1464 non
199 1435 373 1476 parum
399 1419 554 1475 utilia,
581 1428 1026 1464 coacervarentur.
1057 1417 1179 1475 Ejus
1214 1417 1414 1474 generis
1448 1426 1561 1462 sunt
1588 1434 1632 1461 v.
1662 1433 1711 1473 g.

79 1496 289 1542 iteratae
330 1511 497 1541 rerum
538 1496 764 1541 similium
797 1495 1114 1541 narrationes
1154 1506 1201 1540 et
1241 1494 1485 1550 exempla.
1519 1493 1713 1539 Harum

80 1574 569 1619 narratiuncularum
595 1573 855 1619 multitudo
881 1574 1138 1618 historiam
1163 1573 1359 1629 quidem
1383 1572 1714 1617 scribentibus

81 1651 356 1696 resecanda
380 1659 517 1696 certe
542 1660 631 1708 est;
666 1666 754 1695 nos
783 1659 967 1705 tamen,
1005 1650 1083 1707 qui
1122 1649 1378 1694 historiam
1414 1665 1509 1694 non
1545 1649 1715 1693 scribi-

81 1744 203 1783 mus,
231 1728 317 1774 sed
337 1738 652 1774 monumenta
673 1728 968 1785 colligimus,
993 1728 1173 1773 multas
1199 1727 1483 1783 putavimus
1505 1727 1713 1772 retinen-

83 1806 188 1861 das,
215 1815 318 1851 tum
354 1806 468 1863 quia
493 1822 582 1863 per
606 1822 658 1852 se
682 1806 789 1862 ipsa
813 1814 1247 1851 monumentorum
1272 1805 1535 1862 integritas
1569 1805 1713 1850 aesti-

82 1884 280 1941 manda,
302 1893 405 1929 tum
427 1884 541 1940 quia
560 1883 658 1928 alia
678 1883 786 1928 aliis
806 1884 1018 1940 placent,
1042 1898 1268 1939 quaeque
1294 1882 1405 1928 huic
1426 1882 1630 1937 inutilia,
1654 1881 1715 1925 illi

82 1963 211 2007 forte
246 1962 380 2007 utilia
416 1961 730 2016 videbuntur,
761 1971 811 2007 ut
835 1961 873 2006 si
899 1961 1006 2018 quis
1029 1977 1189 2017 genus
1223 1960 1424 2018 aliquod
1458 1960 1716 2016 singulare

83 2041 412 2098 persequitur,
455 2039 683 2085 libentius
724 2039 881 2084 multa
916 2055 1043 2095 quae
1086 2038 1279 2096 rejiciat
1314 2038 1531 2094 habebit,
1569 2053 1715 2094 quam

84 2133 231 2162 unum
257 2116 577 2162 desiderabit.

179 2193 330 2239 Unius
354 2203 521 2240 tamen
547 2193 747 2250 generis
772 2193 999 2249 exempla
1024 2193 1180 2239 satius
1215 2193 1321 2238 fere
1356 2193 1585 2237 omittere
1620 2192 1717 2236 exi-

85 2272 412 2329 stimavimus,
439 2271 520 2316 illa
544 2286 720 2328 nempe
740 2286 867 2326 quae
887 2270 1089 2327 propius
1114 2270 1175 2315 ad
1200 2270 1426 2315 notitiam
1446 2285 1508 2314 ex
1527 2269 1716 2314 confes-

86 2351 222 2395 sione
246 2349 468 2395 habitam
493 2349 743 2406 pertinere
769 2348 1015 2401 videntur,
1044 2349 1089 2393 in
1115 2364 1211 2405 qua
1237 2364 1290 2393 re
1315 2346 1531 2404 majores
1563 2346 1717 2391 nostri

87 2427 426 2484 singularibus
466 2425 679 2472 decretis
719 2425 1013 2482 quibusdam
1053 2440 1151 2470 non
1190 2425 1507 2477 tenebantur,
1545 2423 1720 2479 quibus

86 2521 214 2551 nunc
247 2505 539 2550 sacerdotes
573 2518 745 2549 omnes
778 2512 1023 2549 tenentur.
1062 2502 1381 2559 Quamquam
1421 2501 1547 2546 enim
1588 2500 1718 2545 omni

87 2594 311 2640 tempore
336 2582 549 2638 sigillum
586 2581 952 2627 sacramentale
988 2581 1051 2626 ab
1086 2580 1312 2626 omnibus
1348 2579 1605 2624 Ecclesiae
1639 2593 1717 2623 ca-

87 2662 300 2707 tholicae
325 2660 614 2706 doctoribus
637 2670 684 2705 et
709 2658 1030 2705 confessariis
1055 2658 1337 2704 inviolabile
1363 2671 1567 2713 prorsus
1586 2656 1718 2701 habi—

87 2748 204 2795 tum,
231 2737 429 2795 jamque
453 2737 654 2783 saeculo
678 2736 804 2781 XIV
829 2735 981 2793 (1383)
1006 2751 1035 2781 a
1061 2735 1112 2780 S.
1145 2736 1337 2795 Joanne
1361 2734 1718 2790 Nepomuceno

86 2803 295 2872 perfuso*
313 2815 555 2872 sanguine
579 2822 929 2860 consecratum
954 2824 1044 2867 est;
1073 2813 1299 2858 diversus
1319 2821 1484 2857 tamen
1504 2810 1593 2856 fuit
1612 2826 1718 2856 cer-

86 2894 306 2940 tissimae
339 2891 483 2949 hujus
516 2892 774 2938 doctrinae
808 2906 938 2947 usus,
977 2891 1120 2935 varia
1155 2889 1479 2946 quorumdam
1513 2904 1716 2934 casuum

87 2971 281 3017 solutio.
309 2970 452 3027 Quod
478 2978 530 3015 ut
553 2970 779 3015 breviter
802 2967 1167 3019 confirmemuS,
1194 2966 1360 3023 capita
1383 2966 1480 3011 duo
1515 2966 1560 3011 in
1588 2981 1716 3011 men-

90 3058 188 3093 tem
214 3062 461 3093 revocare
485 3046 696 3104 juvabit.

181 3124 453 3170 Concilium
480 3125 793 3169 lateranense
818 3122 892 3167 [V
918 3122 1077 3178 legem
1103 3120 1201 3178 jam
1227 3130 1342 3166 ante
1373 3130 1613 3178 perpetuo
1656 3121 1720 3166 vi-
