1900 3380
429 296 718 335 maffiMoN'rE
745 299 887 335 REGIO
912 299 959 335 28
985 300 1231 337 DECEMssms
1261 300 1351 336 1558
1581 301 1653 338 905

831 500 930 550 219

369 617 940 666 FRANCISCUS
994 621 1101 667 DE
1156 622 1394 667 LARA

474 737 612 763 MQNTE
640 738 768 764 REGIO
793 727 840 764 ‘28
866 739 1102 765 DECEMBRIS
1132 730 1223 765 1558
1250 731 1273 765 ¹.

61 808 92 843 1.
117 807 342 845 Numerus
368 809 730 847 sclzolastz'corzmz
758 815 1009 848 nostrorum
1038 815 1078 848 et
1107 814 1489 849 externorum.—2.
1523 815 1696 860 Episco-

129 871 215 912 pus
246 870 469 905 auriensis
500 881 665 915 magna
696 870 927 916 diligentia
961 872 1191 917 collegium
1225 876 1424 910 nostrzmz
1452 878 1696 919 promo-vem·

130 929 224 972 ipse
249 931 290 964 et
315 929 427 965 cives
459 930 505 965 in
534 940 614 966 sua
645 931 820 966 civitate
851 930 1107 967 Societatem
1143 936 1341 968 nostram
1374 933 1693 971 desiderant.—

128 986 164 1023 3.
184 987 415 1032 Profectus
433 988 759 1035 dz‘scz'pnlorzmz
778 991 824 1025 in
845 990 1000 1026 litteris
1019 994 1058 1027 et
1083 992 1423 1028 virtutibus—4.
1456 993 1695 1030 Praedica-

129 1048 187 1083 tz'o
218 1047 341 1083 verbi
368 1048 455 1084 Dei
484 1060 647 1093 magna
681 1051 881 1086 omnium
914 1051 1082 1087 laetitia
1116 1055 1154 1087 et
1183 1061 1357 1088 morum
1386 1055 1693 1089 mutatione.—

129 1107 168 1142 5.
199 1107 495 1153 Consessiones
514 1109 639 1145 domi
656 1113 695 1146 et
712 1111 758 1146 in
778 1110 1183 1153 carcerefdoctrz'na
1213 1111 1456 1148 christiana
1486 1124 1511 1148 a
1534 1112 1694 1158 fratri-

128 1171 208 1208 bus
238 1174 400 1209 nostris
431 1173 717 1211 doceturssfi
751 1174 1025 1211 Litterarum
1058 1178 1386 1213 exercitationes
1419 1180 1623 1223 privatae
1654 1183 1693 1216 et

124 1232 341 1277 publicae.

118 1317 156 1361 l.
223 1315 348 1362 IHS.
387 1317 638 1375 Perquam
662 1318 771 1364 R.‘¹‘³
799 1318 951 1364 Pater
974 1336 1049 1365 nr.
1078 1320 1185 1365 Pax
1210 1320 1345 1366 Chri,
1382 1321 1507 1367 Cum
1540 1323 1692 1369 Pater

55 1404 222 1440 rector
256 1396 271 1419 2
304 1395 418 1440 mihi
452 1396 690 1451 iussisset,
729 1397 782 1442 Ρ.
819 1396 941 1454 R.d‘³‚
979 1397 1038 1442 de
1069 1399 1217 1444 rebus
1249 1415 1375 1455 quae
1401 1401 1477 1445 hic
1503 1401 1548 1446 in
1573 1400 1691 1447 Gal-

54 1472 197 1529 lecia,
224 1472 270 1518 in
295 1474 534 1519 comitatu
558 1474 739 1520 Montis
762 1474 925 1531 Regii,
953 1485 1216 1532 geruntur,
1244 1486 1291 1522 te
1315 1478 1581 1523 certiorem
1620 1479 1690 1525 fa-

55 1564 240 1607 cerem,
268 1550 486 1596 brebiter
511 1551 570 1596 de
595 1551 801 1607 singulis
826 1562 872 1597 te
898 1553 1127 1598 monebo.

142 1626 194 1671 In
218 1627 387 1683 primis
412 1643 583 1672 omnes
606 1628 652 1673 in
676 1644 915 1685 praesens
940 1631 1064 1675 bene
1088 1631 1289 1688 habent,
1312 1632 1424 1677 licet
1449 1633 1541 1678 hac
1561 1644 1690 1680 esta-

52 1713 99 1749 te
124 1705 400 1761 praeterita
424 1705 572 1762 aliqui
598 1706 644 1750 in
669 1706 829 1752 febrin
854 1707 1144 1763 inciderunt;
1174 1709 1271 1754 iam
1292 1710 1542 1767 (laudetur
1562 1712 1689 1770 ΧΨ)

16 1772 19 1775 ’
53 1797 225 1827 omnes
249 1783 418 1827 sedulo
443 1798 532 1828 sua
558 1799 765 1829 munera
789 1785 989 1843 obeunt,
1023 1796 1071 1831 et
1100 1786 1148 1831 in
1182 1788 1465 1834 obedientia
1499 1789 1687 1835 institu-

51 1859 337 1916 tionumque
372 1862 732 1917 complemento
773 1862 988 1908 maxime
1027 1865 1304 1910 elaborant.
1342 1866 1509 1923 Aliqui
1544 1884 1687 1913 occu-

51 1947 232 1993 pantur
255 1937 301 1982 in
327 1937 549 1994 legendis
573 1940 930 1995 grammatices
954 1940 1205 1995 institutis,
1243 1943 1325 1988 alii
1360 1943 1407 1988 in
1441 1946 1686 1990 concioni-

51 2013 157 2070 bus,
184 2014 266 2059 alii
295 2014 342 2059 in
377 2014 785 2073 confessionibus,
822 2017 904 2062 alii
937 2017 984 2062 in
1020 2018 1306 2065 domesticis
1341 2021 1579 2077 negociis
1616 2022 1685 2068 ita

50 2100 242 2136 tantum
276 2092 354 2137 hic
392 2092 445 2138 13
478 2108 663 2147 sumus,
697 2093 871 2151 quibus
895 2095 1080 2140 nullum
1107 2096 1301 2142 ociandi
1325 2107 1519 2154 tempus
1542 2099 1684 2144 relin-

50 2169 231 2225 quitur.
258 2169 309 2214 In
351 2169 685 2226 grammatica
718 2170 770 2216 fit
804 2172 881 2217 hic
914 2172 961 2217 in
992 2173 1094 2218 dies
1129 2174 1374 2219 maximus
1410 2175 1681 2234 profectus,

49 2261 163 2290 nam
183 2247 483 2292 conueniunt
502 2262 564 2292 ex
582 2257 686 2293 tota
707 2246 917 2294 Galecia
937 2258 984 2294 et
1008 2249 1269 2296 Lusitania
1289 2251 1448 2297 ferme
1469 2252 1559 2298 350
1576 2269 1682 2299 sco-

49 2323 224 2381 lastici,
250 2325 377 2370 adeo
402 2325 723 2381 perceptibile
746 2337 821 2372 est
845 2328 1246 2382 emolumentum,
1280 2339 1332 2374 ut
1364 2329 1411 2374 in
1446 2330 1601 2377 literis
1634 2342 1683 2378 et

49 2400 315 2446 virtutibus
350 2402 565 2458 quotidie
599 2413 848 2459 augeatur
871 2420 1122 2461 numerus,
1151 2414 1199 2450 et
1222 2415 1458 2462 parentes
1481 2408 1682 2464 postha-

47 2477 149 2524 bita
172 2488 408 2524 anteacta
432 2479 551 2533 vita,
578 2495 761 2525 nouum
785 2482 974 2528 scilicet
997 2482 1321 2527 christianum
1351 2483 1550 2530 viuendi
1582 2501 1681 2531 mo-

48 2554 170 2618 dum¹
187 2567 452 2602 summant.

106 2631 148 2678 2.
215 2632 428 2690 Propter
452 2634 579 2678 hanc
603 2649 808 2680 causam
832 2636 1093 2692 episcopus
1116 2637 1361 2683 auriensis
1384 2638 1417 2695 ³,
1450 2638 1529 2684 vir
1557 2641 1680 2686 satis

47 2709 274 2766 religioni
309 2710 610 2756 christianae
644 2711 853 2768 deditus,
892 2728 1063 2759 omnes
1097 2713 1425 2760 scholasticos
1459 2731 1582 2772 quos
1611 2719 1679 2763 al-

94 2880 104 2898 ¹
155 2878 219 2915 Ex
237 2879 491 2926 autographo
510 2879 555 2924 (?)
574 2879 614 2915 in
632 2880 768 2917 codice
787 2880 916 2926 Hz‘sp.
942 2880 1008 2924 96,
1029 2879 1052 2916 2
1071 2879 1127 2924 ff.,
1149 2893 1216 2917 nn.
1237 2880 1319 2926 2³3,
1340 2881 1423 2928 244
1452 2884 1563 2930 prius
1593 2885 1675 2931 401,

44 2936 126 2974 402.
147 2937 239 2974 Non
256 2951 387 2985 pauca
405 2938 530 2974 verba
561 2938 722 2976 insolito
752 2940 869 2977 modo
900 2940 1050 2987 scripta
1081 2947 1185 2983 sunt.
1221 2954 1327 2988 quae
1358 2942 1479 2980 facile
1497 2945 1677 2992 corriget

43 2998 221 3044 prudens
238 2999 378 3035 lector.

92 3057 105 3076 ²
154 3056 199 3094 P.
216 3057 396 3104 Joannes
415 3058 463 3094 de
488 3057 808 3096 Valderrabauo.

91 3116 106 3136 ⁸
156 3116 398 3154 Franciscus
416 3116 583 3155 Blanco.
