1925 3509
546 294 825 333 9.-—COLON1A
850 296 873 330 2
894 294 1093 341 JANUARH
1123 292 1212 328 1557
1597 289 1642 323 45

857 459 891 510 9

472 586 523 631 P.
562 582 983 631 LEONARDUS
1017 579 1282 627 KESSEL

569 701 745 727 COLONIA
771 689 793 725 2
819 698 1017 736 JANUARII
1047 687 1137 723 1557
1165 688 1188 723 ¹.

66 794 139 831 1-2.
173 793 493 830 Coloniensimn
519 802 619 837 erga
646 790 903 827 Societatem
931 787 1225 825 bene-volentia
1254 787 1299 822 in
1327 784 1420 821 dies
1447 782 1695 828 angetur.-

136 854 172 889 3.
203 853 402 890 Plurimi
423 851 483 889 aci
507 861 660 887 sacrae
683 850 923 894 theologiae
946 847 1146 884 studium
1173 847 1378 882 animum
1405 843 1695 888 applicant.—

136 912 214 949 4-5.
245 912 454 957 Dionysii
471 914 510 947 et
531 910 691 947 Costeri
708 909 969 954 theologicae
988 908 1187 943 lectiones
1215 905 1269 941 de
1296 904 1524 950 Scriptura
1552 911 1693 943 sacra,

136 973 253 1009 aliae
270 970 588 1008 orationes-6.
619 969 688 1006 Ad
708 979 870 1005 novum
897 967 1125 1011 collegimrz
1155 967 1367 1001 nostrates
1395 963 1515 999 brevi
1540 961 1697 997 trausi-

136 1033 228 1068 turi
243 1029 491 1067 sant—78.
521 1029 663 1066 Duas.
688 1027 934 1073 Gropperzts
953 1037 1004 1062 ac
1031 1027 1156 1071 prior
1181 1023 1444 1065 carthusiae,
1473 1020 1698 1058 Societatis

128 1091 331 1136 fautores
351 1090 520 1135 egregii.

132 1192 170 1237 1.
235 1190 331 1236 Ihs.
370 1188 551 1236 Gratia
586 1199 634 1234 et
668 1203 767 1244 pax
800 1186 879 1232 X.i
909 1186 1021 1231 Dni.
1054 1185 1326 1230 nobiscum.
1359 1183 1538 1228 Amen.
1571 1180 1698 1227 Obe-

69 1269 250 1314 dientia
274 1277 448 1313 sancta
473 1282 550 1312 me
575 1274 756 1317 monet,
783 1264 907 1309 Rde.
935 1263 982 1308 in
1006 1263 1097 1308 X.0
1122 1262 1290 1317 Pater,
1313 1276 1372 1306 ea
1397 1259 1567 1316 paucis
1587 1273 1699 1303 con-

70 1346 306 1401 scribere,
329 1360 454 1402 quae
479 1343 541 1389 ad
566 1342 929 1389 edificationem
955 1356 1063 1386 esse
1087 1348 1302 1396 possent,
1326 1347 1379 1382 vt
1399 1336 1700 1382 audientium

70 1423 283 1469 affectus
317 1422 562 1467 excitetur
596 1420 755 1477 magis
790 1418 1025 1476 precandi
1060 1418 1221 1463 Deum
1255 1431 1344 1473 pro
1374 1414 1530 1469 nobis,
1567 1422 1620 1458 vt
1654 1413 1701 1457 in

71 1500 200 1546 omni
225 1501 352 1546 bono
377 1499 424 1544 in
449 1499 551 1544 dies
575 1497 735 1554 magis
759 1505 1080 1553 augmentum
1104 1508 1375 1549 sumamus,
1399 1501 1446 1537 et
1465 1501 1702 1548 tanquam

70 1576 294 1634 palmites
319 1575 549 1632 frugiferi
572 1574 787 1619 fructum
812 1573 1073 1629 plurimum
1098 1570 1402 1616 adferamus.
1430 1568 1558 1613 Nam
1577 1582 1701 1612 mes-

71 1655 136 1700 sis
160 1654 377 1711 copiosa,
405 1651 620 1709 operarii
645 1660 812 1696 autem
837 1650 980 1707 pauci
1006 1650 1037 1705 ²,
1065 1648 1169 1694 istis
1194 1647 1240 1692 in
1264 1647 1385 1691 locis
1409 1645 1444 1690 a.

131 1731 172 1776 2.
239 1730 408 1775 Fauor
432 1738 479 1774 et
504 1727 848 1774 beneuolentia
873 1725 1225 1772 coloniensium
1249 1738 1373 1780 erga
1398 1731 1596 1767 nostros
1620 1736 1702 1765 au·

72 1818 220 1865 getur
244 1807 291 1852 in
315 1807 432 1862 dies,
461 1806 682 1862 odorque
696 1793 863 1850 ”bonus
887 1801 1154 1848 Societatis
1178 1801 1225 1846 in
1249 1800 1343 1845 hac
1372 1798 1589 1844 diocoesi
1623 1812 1703 1842 co-

73 1885 277 1931 loniensi
311 1894 359 1930 et
395 1884 525 1929 vltra
559 1882 815 1939 spargitur
849 1881 895 1926 in
930 1880 1032 1925 dies
1066 1878 1243 1935 magis.
1286 1875 1506 1923 Studiosi
1541 1875 1703 1920 adole-

73 1972 267 2008 scentes
291 1961 598 2018 singularem
623 1975 747 2016 erga
766 1968 964 2004 nostros
983 1956 1220 2002 affectum
1239 1963 1436 2012 gerunt,
1460 1952 1541 2010 qui
1558 1952 1705 1997 facile

75 2039 326 2095 colligitur
350 2054 411 2083 ex
435 2053 609 2083 eorum
644 2035 913 2093 diligentia,
951 2049 1099 2091 quam
1134 2031 1398 2078 ostendunt
1433 2030 1480 2075 in
1513 2037 1703 2074 nostro-

75 2132 184 2162 rum
208 2115 500 2161 lectionibus
525 2113 878 2169 auscultandis,
905 2122 953 2158 et
977 2109 1296 2157 concionibus
1319 2107 1591 2154 audiendis.

133 2193 176 2239 3.
243 2192 445 2238 Plurimi
479 2192 578 2237 iam
611 2191 674 2237 ad
708 2205 887 2236 sacrae
921 2188 1205 2245 theologiae
1240 2186 1454 2232 studium
1488 2184 1706 2230 animum

77 2270 405 2327 applicarunt,
448 2279 501 2314 vt
539 2267 844 2314 Germaniae
883 2275 1103 2322 nostrae,
1144 2264 1254 2309 Deo
1294 2262 1581 2320 opitulante,
1623 2260 1705 2305 ali-

77 2346 271 2403 quando
296 2346 479 2392 auxilio
504 2360 612 2391 esse
635 2354 851 2402 possent.
879 2343 1048 2388 Taceo
1082 2357 1168 2387 eos
1203 2340 1283 2398 qui
1307 2355 1395 2385 nos
1418 2339 1706 2396 frequenter

78 2423 336 2480 accedunt,
363 2432 417 2468 vt
441 2437 549 2468 sese
574 2420 812 2467 Societati
837 2420 956 2466 dare
979 2427 1198 2476 possent.

134 2500 176 2545 4.
245 2499 309 2545 M.
338 2499 583 2545 Henricus
606 2497 857 2544 Dionisius
880 2496 1001 2553 legit
1025 2494 1241 2552 quotidie
1266 2493 1313 2538 in
1331 2493 1502 2538 schola
1521 2491 1706 2537 theolo-

78 2592 257 2634 gorum
276 2593 426 2622 vnam
449 2576 710 2622 lectionem
735 2575 781 2620 in
805 2574 1028 2620 Psalmis.
1050 2573 1116 2618 M.
1139 2571 1439 2617 Franciscus
1459 2568 1702 2614 Costerus

79 2655 219 2700 breui
242 2654 289 2700 in
314 2654 489 2700 eadem
514 2654 684 2699 schola
708 2662 782 2698 est
806 2652 1024 2697 lecturus
1044 2649 1297 2696 Genesim.

94 2808 98 2810 ’
127 2796 146 2816 a
195 2796 512 2834 Praecedentia
531 2797 693 2833 omittit
710 2794 908 2832 Hansen.

131 2924 141 2943 ¹
192 2921 254 2959 Ex
272 2922 523 2969 autographo
549 2921 590 2957 in
616 2920 751 2958 codice
781 2919 920 2957 Germ.
950 2918 1044 2961 185,
1074 2917 1191 2954 unico
1219 2915 1302 2960 fol.,
1332 2928 1370 2952 n.
1403 2914 1457 2960 12;
1487 2914 1597 2961 prius
1623 2912 1704 2950 392.

83 2980 203 3018 Edita
230 2995 252 3018 a
275 2981 456 3028 JosEPHo
482 2981 670 3024 HANSEN,
700 2979 964 3017 Rheim‘sche
993 2978 1191 3020 Aleten...,
1219 2974 1445 3019 285-286,ex
1475 2973 1708 3021 apographo

82 3041 188 3087 quod
207 3039 403 3078 Coloniae
423 3045 667 3077 asservatur.

130 3099 143 3119 ²
193 3099 380 3144 MATTH.,
401 3099 472 3143 IX,
493 3099 551 3136 37.
