1909 3328
271 326 340 360 8230
744 320 963 356 LITTERAE
989 319 1348 364 QUADRIMESTRES

278 425 321 471 5.
390 423 479 469 Est
503 424 549 469 in
573 422 666 467 hac
702 421 1030 467 vniuersitate
1064 420 1401 477 philosophiae
1435 419 1632 476 quidam
1659 420 1841 477 profes·
1908 431 1909 456 ἓ

221 518 320 558 sor,
356 500 651 558 praeclarae
686 498 861 544 indolis
897 506 945 543 et
976 498 1171 543 formae
1194 498 1500 554 adolescens,
1527 496 1691 543 affinis
1718 497 1842 544 vice-

222 577 507 624 cancellarii
533 575 752 621 doctoris
770 575 928 635 Jonae
953 574 982 632 ¹,
1010 574 1090 631 qui
1114 574 1178 620 ab
1197 573 1504 620 incunabulis
1528 574 1655 619 inter
1673 574 1842 620 haere-

222 655 345 700 ticos
367 661 701 699 conuersatus
723 660 772 698 et
795 651 1056 708 enutritUS,
1084 667 1113 696 a
1137 651 1382 696 catholica
1406 651 1617 707 primum
1642 666 1843 708 prorsus

222 732 527 778 abhorrebat
551 729 795 786 doctrina,
822 737 871 774 et
895 736 1005 785 post
1027 728 1207 774 multas
1231 728 1359 774 inter
1392 727 1549 784 ipsum
1583 737 1632 774 et
1664 728 1839 774 Rdum.

222 809 273 854 P.
317 807 672 865 prouincialem
716 806 964 864 prioribus
1014 806 1154 851 annis
1200 806 1330 851 Vltro
1379 805 1603 862 citroque
1651 805 1844 852 habitas

223 885 595 943 disputationes,
637 883 813 930 adduci
857 898 1109 940 nunquam
1149 883 1322 940 potuit,
1364 892 1418 928 vt
1458 883 1504 928 in
1543 898 1699 928 verae
1737 882 1845 929 fidei

223 962 509 1020 obsequium
553 962 857 1008 intellectum
895 961 1188 1018 captiuaret.
1232 960 1455 1006 Tandem
1498 961 1545 1006 in
1583 961 1794 1018 patriam
1826 964 1845 983 a

226 1041 721 1097 vuirtenbergensem
760 1039 907 1097 (quae
941 1038 1031 1096 ipsi
1064 1038 1231 1084 natale
1265 1038 1423 1084 solum
1450 1038 1558 1095 est),
1585 1039 1713 1084 inter
1737 1038 1845 1084 reli-

223 1134 345 1177 quas
362 1119 456 1164 hoc
479 1118 646 1164 seculo
671 1116 955 1175 prouincias
973 1115 1413 1173 corruptissimam,
1435 1115 1691 1173 profectus
1709 1124 1762 1162 vt
1780 1116 1845 1162 lu·

224 1197 434 1243 therana
457 1194 521 1241 ibi
541 1194 759 1240 animum
779 1193 1004 1239 doctrina
1022 1192 1435 1250 schismaticoque
1454 1207 1714 1238 sacrorum
1731 1191 1843 1250 ritu,

226 1290 255 1319 a
274 1289 369 1331 quo
394 1273 457 1319 ad
476 1282 670 1330 tempus
689 1271 942 1317 abstinere
961 1279 1168 1317 coactus
1192 1279 1318 1328 erat,
1340 1270 1696 1328 aliquantulum
1720 1270 1844 1316 oble-

225 1359 402 1407 ctaret;
430 1358 620 1396 tantam
644 1348 710 1395 ibi
735 1348 1071 1395 doctrinarum
1095 1347 1433 1394 confusionem
1473 1356 1521 1394 et
1559 1363 1750 1393 morum
1773 1362 1845 1393 re-

225 1428 349 1486 perit
368 1427 722 1485 corruptelam,
745 1434 799 1472 vt
819 1425 934 1472 ilico
953 1425 1097 1472 fidem
1116 1434 1188 1471 tot
1213 1424 1683 1471 contradictionibus
1702 1424 1846 1470 obno-

227 1506 358 1551 xiam
379 1506 525 1563 plane
543 1504 635 1551 sibi
653 1503 981 1550 abiurandam
1001 1518 1110 1549 esse
1126 1502 1434 1548 decerneret.
1457 1503 1707 1548 Euoluere
1727 1517 1846 1559 ergo

226 1582 387 1639 coepit
405 1590 607 1628 sanctos
624 1580 882 1627 Ecclesiae
895 1580 1144 1638 doctores,
1161 1580 1512 1637 Augustinum,
1530 1579 1847 1637 Cyprianum,

228 1669 276 1706 et
295 1660 526 1718 reliquos,
549 1674 757 1717 quorum
776 1659 957 1705 crebra
975 1657 1184 1704 lectione
1201 1667 1463 1715 tantopere
1481 1657 1529 1703 in
1543 1656 1637 1703 fide
1661 1672 1847 1714 promo·
1907 1719 1909 1724 A

227 1737 297 1783 uit
320 1737 584 1794 catholica,
612 1744 666 1782 vt
688 1736 785 1782 iam
808 1736 1083 1782 acerrimus
1106 1736 1212 1782 eius
1234 1736 1296 1781 sit
1315 1744 1555 1792 assertor,
1577 1750 1668 1780 nec
1687 1750 1847 1791 perse-

228 1814 540 1872 quutionibus
563 1823 650 1860 aut
674 1813 785 1859 vllis
807 1813 1055 1859 hominum
1078 1829 1108 1859 a
1131 1829 1220 1859 suo
1245 1812 1500 1870 proposito
1540 1812 1848 1858 dimoueatur

227 1890 694 1937 obtrectationibus.
724 1890 1000 1948 Egregium
1030 1906 1181 1947 porro
1211 1891 1354 1936 huius
1386 1905 1507 1935 suae
1542 1889 1847 1935 constantiae

228 1968 399 2026 paucis
422 1977 538 2015 ante
562 1967 735 2014 diebus
758 1967 1007 2025 specimen
1031 1967 1179 2014 dedit.
1207 1967 1330 2013 Cum
1356 1968 1483 2013 enim
1510 1967 1539 2013 ii
1563 1966 1643 2024 qui
1676 1965 1848 2012 confir-

228 2045 459 2092 mationis
482 2054 853 2092 sacramentum
877 2043 1165 2102 suscipiunt,
1207 2045 1270 2090 ob
1304 2044 1586 2090 chrismatis
1620 2057 1846 2090 reueren-

228 2123 346 2169 tiam
369 2138 585 2180 pannum
610 2122 875 2180 quemdam
899 2122 1080 2168 lineum
1103 2122 1291 2168 circum
1310 2132 1535 2179 tempora
1553 2129 1757 2177 gestare
1777 2134 1846 2165 so·
1906 2138 1909 2154 ε

230 2200 378 2258 leant,
405 2200 525 2258 ipse,
553 2209 783 2257 suscepto
805 2199 900 2246 hoc
919 2208 1254 2256 sacramentO,
1291 2198 1624 2245 ceremoniam
1661 2195 1847 2255 praedi·
1906 2195 1909 2238 i

229 2286 360 2323 ctam
385 2277 583 2323 minime
607 2277 699 2323 sibi
722 2276 1075 2334 negligendam
1094 2276 1320 2333 putabat,
1340 2276 1429 2322 sed
1446 2275 1611 2333 palam
1630 2274 1763 2320 hisce
1785 2273 1847 2319 in·
1905 2285 1909 2315 ε

230 2354 454 2412 signibus
478 2355 709 2401 decorari
748 2369 906 2412 eaque
928 2369 1017 2411 per
1041 2353 1293 2399 ciuitatem
1327 2351 1654 2398 circumferre
1678 2350 1846 2397 voluit.

231 2430 360 2487 Quin
381 2431 549 2489 etiam,
569 2441 622 2478 vt
639 2431 877 2489 intelligo,
899 2440 1114 2489 quatuor
1132 2430 1350 2476 minores
1370 2428 1606 2487 proximis
1621 2426 1847 2474 ordinati-

231 2508 406 2555 onibus
425 2509 657 2567 suscepit3
685 2519 733 2555 et
772 2524 831 2555 eo
856 2508 1045 2566 aspirat
1082 2516 1136 2553 vt
1166 2507 1339 2554 rudem
1368 2506 1694 2564 plebeculam,
1726 2495 1849 2562 quae
1906 2538 1909 2545 2

229 2585 530 2642 grauissima
547 2586 750 2645 passim,
771 2585 1066 2643 praesertim
1084 2585 1132 2631 in
1151 2584 1310 2642 pagis,
1333 2585 1532 2630 laborat
1549 2581 1846 2640 ignorantia,
1902 2571 1909 2630 ᾸῘ

276 2793 294 2814 ³
342 2788 515 2834 patriam
534 2788 754 2826 ciuitatem.

276 2964 287 2984 ²
338 2963 439 3001 Erat
457 2964 490 3001 is
505 2964 707 3002 Martinus
726 2964 972 3012 Eisengrein
990 2962 1237 3009 <1535-1578),
1259 2962 1308 2999 de
1327 2975 1405 3009 quo
1423 2962 1551 2998 multa
1575 2964 1714 2998 extant
1741 2957 1845 3006 apud
1904 2938 1909 2942 .

231 3022 588 3069 BRAUNSBERGER,
608 3024 780 3069 loc.cit.,
800 3024 870 3069 III,
890 3023 973 3069 321,
992 3023 1075 3068 6843
1095 3021 1170 3068 IV,
1206 3021 1289 3064 49&
1318 3021 1393 3064 VI,
1421 3020 1504 3064 366,
1532 3020 1616 3065 649,
1646 3024 1722 3056 etc,
1753 3017 1841 3055 Hae

232 3081 405 3128 epistola
423 3082 695 3129 confirmatur,
717 3083 833 3120 illum
852 3082 1092 3120 catholicam
1109 3080 1230 3118 fidem
1248 3080 1479 3128 amplexum
1505 3091 1594 3116 esse
1613 3090 1719 3115 anno
1746 3074 1846 3128 1558.

234 3138 298 3177 Cf.
316 3140 421 3178 inter
438 3141 519 3178 alia
534 3141 809 3180 Kz‘rchliches
822 3141 1131 3180 Handlexicon
1146 3144 1187 3178 et
1207 3140 1242 3178 T
1238 3140 1292 3177 he
1308 3139 1498 3178 Catholic
1511 3135 1848 3184 Encyclopedia.
1899 3171 1901 3174 Α

1907 515 1909 593 s
