1909 3328
265 272 336 309 580
734 274 952 310 LITTERAE
980 275 1333 320 QUADRmEs-TREs

218 370 311 414 dae
347 369 671 414 confessionis
705 385 875 425 causa,
915 386 1011 415 una
1047 386 1107 415 ex
1138 370 1229 415 illis
1259 370 1436 423 flendo,
1465 382 1665 428 praeter
1690 389 1847 430 spem,

217 446 483 502 derepente
508 446 737 491 confessa
763 456 851 504 est3
880 448 1039 492 altera
1065 447 1448 503 perterrefacta,
1476 459 1523 494 et
1548 450 1681 495 uitae
1711 460 1846 496 ante-

215 533 360 568 actae
401 523 673 579 poenitens,
716 524 777 568 ad
816 539 1017 569 sorores
1057 540 1179 580 quas
1218 526 1523 571 conuertitas
1559 537 1756 582 uocant,
1794 544 1847 573 se

216 600 412 650 ituram,
451 610 502 644 ut
537 615 644 644 cum
680 601 749 645 eis
783 611 1023 657 perpetuo
1059 601 1266 656 uiueret,
1302 603 1644 657 pollicebatur.
1672 602 1846 650 Tertia

216 675 575 721 confessionem
603 678 938 732 promittebat.
975 676 1251 722 Coenobita
1284 678 1524 735 quispiam
1556 679 1729 736 uiginti
1764 696 1845 725 an-

215 769 304 798 nos
322 753 487 798 fuerat
506 753 551 798 in
571 754 828 809 coenobio,
851 764 898 799 et
917 754 1196 811 symbolum
1215 756 1553 810 apostolorum
1573 756 1841 802 nesciebat.

273 832 315 876 4.
384 831 522 876 Multi
556 831 753 876 heluetii
789 840 836 877 et
869 831 1096 889 germani
1132 831 1345 877 confessi
1383 842 1495 878 sunt
1533 849 1623 878 sua
1658 833 1842 891 lingua,

215 925 361 965 quam
389 924 414 953 e
441 908 592 953 latino
618 908 861 954 didicerat
895 909 1133 954 sacerdos
1158 919 1329 955 noster
1364 910 1443 967 qui
1477 926 1562 956 eos
1592 912 1842 969 audiebat,

164 996 167 997 ’
213 986 436 1041 singulas
460 986 585 1030 enim
614 985 1034 1043 interrogationes
1059 987 1254 1040 latinas,
1281 987 1533 1033 teutonica
1565 989 1733 1045 lingua
1762 1005 1842 1034 ex-

215 1078 416 1119 pressas
456 1063 546 1107 illis
580 1065 905 1119 proponebat,
934 1064 1145 1108 obscure
1180 1073 1344 1109 tamen
1380 1065 1442 1110 ob
1478 1066 1841 1121 pronunciatio-

213 1156 341 1197 nem,
368 1140 454 1185 sed
478 1140 563 1193 ita,
590 1149 643 1185 ut
666 1140 1041 1198 intelligeretur.
1071 1140 1263 1186 Surdus
1288 1142 1367 1198 qui
1399 1142 1549 1188 latine
1584 1143 1789 1197 sciebat,
1816 1159 1842 1189 e

211 1218 397 1274 scripto
419 1218 635 1274 peccatis
655 1218 719 1263 illi
740 1218 949 1263 ostensis
969 1234 997 1263 a
1017 1218 1296 1273 sacerdote,
1322 1220 1654 1276 respondebat
1671 1221 1839 1277 signiS,

211 1305 361 1352 atque
388 1304 436 1340 ut
461 1296 641 1341 licebat
666 1296 846 1352 uerbis,
876 1306 922 1340 et
947 1296 1039 1340 hac
1065 1296 1304 1341 industria
1329 1297 1584 1343 confessus
1604 1309 1692 1343 est.
1720 1298 1842 1344 Item

210 1374 454 1419 heremita
478 1373 675 1429 quidam
696 1373 755 1418 D.
785 1373 981 1418 Ioannis
1000 1374 1061 1418 ad
1082 1373 1274 1429 Patres,
1299 1390 1383 1430 spe
1402 1374 1619 1420 fortasse
1640 1376 1841 1421 maioris

211 1450 479 1495 adiumenti
504 1450 694 1500 ductus,
722 1459 774 1495 ut
797 1450 1135 1505 confiteretur,
1168 1451 1317 1496 uenit.
1362 1451 1459 1496 Alii
1494 1452 1606 1497 item
1643 1453 1841 1498 heluetii
1872 1488 1876 1494 .

210 1536 261 1572 ut
286 1527 494 1584 priores,
523 1527 585 1571 ad
609 1526 940 1572 confitendum
966 1537 1145 1583 pecata
1169 1543 1258 1573 sua
1283 1538 1620 1582 accesserunt,
1649 1529 1741 1574 illis
1776 1529 1839 1574 in-

207 1603 636 1659 terrogationibus
660 1612 983 1660 peccatorum
1009 1603 1178 1661 adiuti,
1206 1620 1334 1661 quae
1354 1605 1556 1650 latinam
1578 1616 1625 1650 et
1645 1621 1838 1663 germa-

209 1681 371 1725 nicam
407 1680 901 1736 interpraetationem
942 1681 1208 1737 continent,
1251 1697 1277 1726 e
1311 1682 1512 1739 scripto,
1550 1683 1839 1739 germanica

208 1757 393 1813 lingua,
422 1766 630 1812 peccata
655 1757 999 1813 interrogante
1023 1758 1302 1803 sacerdote.
1332 1757 1409 1803 Ex
1433 1759 1608 1815 quibus
1638 1759 1728 1805 fuit
1761 1760 1839 1817 qui

207 1834 582 1878 luteranismum
608 1833 886 1887 imbiberat,
909 1834 1004 1878 iam
1024 1835 1264 1891 grandior
1288 1845 1423 1891 natu,
1447 1851 1587 1892 quem
1608 1837 1706 1882 iam
1726 1853 1840 1893 poe-

207 1910 351 1955 nituit
377 1911 504 1967 (laus
525 1909 724 1955 Christo
749 1910 844 1966 sit),
871 1911 1218 1969 haeresimque
1242 1912 1460 1958 abiicere
1483 1914 1671 1959 statuit.

265 1986 327 2046 52
377 1986 428 2032 P.
456 1986 667 2032 Ioannes
691 1986 986 2032 Pelletarius
1012 1990 1042 2040 ¹,
1065 1997 1268 2044 praeter
1292 1988 1630 2035 confessiones
1655 1999 1703 2035 et
1727 2005 1837 2035 con—

207 2064 390 2119 ciones,
429 2079 551 2120 quas
584 2063 792 2121 singulis
826 2064 996 2109 diebus
1030 2064 1168 2109 festis
1204 2066 1367 2119 habet,
1404 2081 1502 2111 non
1542 2067 1865 2123 poenitenda.

205 2141 487 2186 auditorum
512 2140 806 2197 frequentia3
830 2141 1007 2186 multos
1028 2141 1210 2195 uisitat,
1237 2157 1266 2187 a
1286 2142 1448 2187 multis
1467 2142 1569 2199 ipse
1589 2143 1832 2201 inuisitur,

206 2233 329 2274 quos
368 2218 570 2262 adiuuat
609 2217 831 2274 consilio,
873 2218 1084 2271 monitiS,
1127 2228 1175 2264 et
1214 2234 1369 2275 opera
1408 2235 1513 2265 sua.
1557 2219 1691 2266 Idem
1733 2220 1836 2277 agit

206 2295 268 2341 D.
296 2294 462 2341 Guido
487 2296 519 2349 2,
547 2294 792 2340 audiendo
818 2294 1120 2349 confitentes,
1149 2305 1197 2340 et
1221 2296 1629 2352 interpraetando
1661 2297 1836 2353 episto-

205 2374 303 2418 lam
330 2372 390 2417 D.
418 2372 588 2417 Iacobi
613 2388 641 2416 a
666 2371 872 2428 prandio
899 2371 1067 2417 diebus
1091 2372 1246 2429 festis;
1274 2373 1354 2429 qui
1379 2373 1528 2418 etiam
1552 2374 1832 2419 scholarum

205 2466 328 2495 onus
353 2459 558 2495 coactus
583 2459 655 2495 est
679 2449 846 2495 subire
870 2450 1251 2506 aegrotantibus
1276 2451 1546 2508 magistris.

262 2526 305 2573 6.
372 2526 586 2572 Scholae
610 2542 719 2572 sese
743 2527 925 2572 habent
944 2537 993 2571 ut
1018 2536 1182 2584 antea;
1210 2527 1451 2573 accedunt
1474 2528 1612 2584 pueri
1637 2544 1731 2574 non
1751 2528 1835 2574 ad-

204 2603 403 2648 modum
427 2604 588 2660 pauci,
615 2614 662 2649 et
687 2603 766 2660 qui
791 2618 1006 2660 graecas
1031 2603 1202 2649 literas
1226 2615 1507 2661 capessunt;
1545 2606 1670 2651 adeo
1704 2616 1754 2650 ut
1787 2605 1831 2650 in

204 2680 307 2726 dies
331 2690 574 2737 augescat
596 2696 846 2726 numerus.

262 2757 304 2802 7.
372 2757 582 2803 Fratres
606 2757 726 2803 satis
750 2756 1011 2814 proficiunt
1031 2765 1079 2802 et
1097 2757 1143 2802 in
1162 2757 1316 2803 literis
1335 2767 1384 2804 et
1402 2758 1449 2803 in
1468 2759 1724 2816 religione,
1747 2758 1830 2804 sed

203 2849 300 2889 quo
325 2834 430 2889 plus
454 2845 501 2879 et
525 2833 668 2879 citius
686 2833 1003 2890 proficiamus
1027 2833 1122 2879 tuis
1156 2834 1402 2892 precibus,
1441 2834 1624 2882 Reuer.
1662 2835 1826 2891 Pater,

252 3012 260 3029 ¹
315 3010 492 3057 Collegii
511 3012 865 3058 superintendens.

249 3070 262 3089 ²
313 3069 357 3107 P.
379 3069 512 3107 Guido
536 3071 721 3108 Roiletus
740 3072 923 3116 (Roilet),
946 3071 1111 3117 collegii
1130 3075 1275 3107 rector.
