1900 3380
625 235 923 272 17S.-BivoxA
953 237 967 272 1
993 236 1102 283 JULn
1134 238 1222 273 1538
1643 238 1689 274 29

58 314 61 319 ⁵
102 342 359 373 carcerem
401 328 800 376 detruderentur.
842 332 1042 378 Illorum
1083 344 1247 378 tamen
1288 334 1509 390 plerique
1548 335 1608 380 ad
1647 351 1736 380 nos

103 413 359 450 venerunt.
393 404 715 464 Quapropter
734 409 893 454 altera
916 410 1109 466 quidem
1131 426 1192 456 ex
1217 420 1360 467 parte
1381 426 1475 456 non
1501 412 1735 457 mediocri

101 480 291 528 laetitia
315 484 335 502 a
358 481 529 528 affecti
554 500 737 542 sumus,
765 501 876 531 cum
896 491 980 543 tot,
1003 496 1075 532 tot
1094 503 1265 542 annos,
1290 488 1332 533 in
1354 497 1426 534 tot
1445 489 1656 546 indignis
1676 505 1735 535 ne

102 558 324 614 cogitatu
349 559 559 616 quidem,
589 562 765 608 nedum
792 563 947 609 literis
972 565 1234 617 mandatiS,
1262 565 1461 622 flagitiis
1491 576 1732 623 versatos,

100 650 187 691 per
211 636 564 692 poenitentiam
590 654 615 683 e
641 640 829 685 baratri
860 640 1085 687 faucibus
1110 642 1171 687 ad
1199 643 1414 699 paradisi
1440 652 1634 699 portam
1670 644 1733 689 di-

101 712 194 769 rigi
215 712 402 769 pariter
426 724 474 759 et
498 715 671 762 deduci
696 717 860 762 animo
881 719 1315 775 perpenderemus:
1342 721 1501 766 altera
1527 737 1648 767 vero
1673 738 1734 767 ex

100 799 242 845 parte
267 806 359 836 non
388 792 561 838 minori
586 793 785 840 tristitia
810 796 1017 841 cruciati
1043 812 1226 851 sumus,
1255 812 1365 842 cum
1390 813 1536 854 quam
1555 799 1735 844 misere

98 882 158 913 ac
192 867 442 914 fallaciter
476 870 633 915 omnis
668 872 781 917 mali
817 872 997 918 author
1030 874 1202 919 oculos
1238 875 1412 920 mentis
1452 876 1733 921 mortalium

98 945 343 1003 occludat,
371 947 820 995 consideraremus.

156 1021 197 1067 2.
265 1023 403 1068 Multi
430 1040 624 1082 quoque
648 1041 709 1071 ex
734 1027 806 1072 his
837 1027 915 1083 qui
941 1028 1195 1074 nobiscum
1231 1030 1445 1075 confessi
1480 1040 1607 1087 sunt,
1634 1047 1732 1076 ma-

99 1100 228 1145 xime
253 1116 315 1145 ex
341 1103 623 1159 praecipuis
646 1113 747 1149 tam
782 1105 899 1150 viris
934 1122 1082 1163 quam
1117 1106 1327 1165 feminis,
1365 1124 1393 1153 a
1430 1109 1610 1154 nostris
1645 1109 1733 1154 sibi

96 1178 488 1224 sacratissimum
531 1179 715 1226 Christi
755 1197 937 1239 corpus
977 1183 1023 1228 in
1062 1184 1432 1230 resurrectione
1467 1185 1730 1237 dominica,

97 1256 361 1312 impetrata
387 1273 415 1302 a
441 1257 633 1303 vicario
664 1258 919 1316 facultate,
956 1261 1319 1307 subministrari
1355 1263 1729 1319 flagitauerunt;

96 1350 303 1390 quorum
349 1335 428 1391 pio
474 1336 737 1394 desideriO,
786 1338 876 1383 etsi
921 1338 1180 1397 insuetum,
1229 1349 1395 1386 tamen
1436 1341 1549 1398 quia
1588 1341 1730 1386 hone·
1778 1341 1781 1344 ”

94 1420 221 1457 stum
250 1411 284 1469 b,
311 1412 620 1459 satisfactum
652 1423 741 1460 est.
769 1415 891 1460 Illud
917 1416 1064 1461 etiam
1100 1433 1196 1461 non
1232 1418 1371 1474 parui
1406 1419 1639 1464 momenti
1675 1435 1733 1464 ac

94 1490 411 1535 emolumenti
435 1497 472 1547 ⁰,
500 1500 552 1536 vt
577 1493 656 1547 qui
682 1492 835 1537 semel
866 1508 976 1538 cum
1012 1494 1196 1539 nostris
1230 1494 1443 1540 confessi
1475 1495 1584 1553 sint,
1622 1511 1733 1541 cum

93 1566 266 1612 iisdem
292 1567 439 1613 etiam
464 1583 659 1625 semper
683 1569 907 1616 confiteri
931 1580 1182 1623 exoptent.

150 1643 192 1689 3.
260 1643 415 1690 lezc
440 1650 613 1691 autem
644 1660 709 1691 ex
733 1647 812 1703 iis,
849 1648 939 1704 qni
971 1649 1120 1704 czpztd
1150 1653 1353 1695 nostros
1385 1664 1484 1695 sua
1514 1655 1732 1707 peccata

87 1721 448 1779 prodiderunt,
496 1723 632 1768 multi
677 1724 871 1780 quidem
910 1734 987 1770 ter
1031 1736 1274 1782 quaterue
1318 1741 1515 1785 qnoque
1559 1742 1685 1773 anno
1714 1727 1732 1754 d

91 1798 444 1855 poenitentiam
476 1809 719 1859 repetunt;
756 1818 851 1847 non
889 1803 1031 1858 pauci
1067 1819 1189 1849 vero
1223 1804 1430 1861 singulis
1464 1805 1727 1863 mensibus;

89 1877 258 1932 plures
292 1877 503 1934 denique
537 1887 720 1923 octauo
755 1895 949 1936 quoque
984 1880 1060 1926 die
1095 1881 1457 1927 confessionem
1497 1882 1726 1940 frequen-

88 1963 212 2012 tant,
239 1955 430 2011 pariter
454 1971 513 2000 ac
549 1957 816 2003 caelestem
851 1974 1029 2014 panem
1064 1959 1109 2004 in
1146 1971 1315 2005 nostro
1349 1961 1536 2006 sacello
1571 1960 1725 2017 perci-

89 2032 242 2090 piunt,
289 2048 500 2089 quorum
546 2050 783 2080 numerus
823 2036 867 2080 in
912 2036 1016 2081 dies
1061 2037 1258 2093 crescit,
1308 2054 1579 2095 eorumque
1627 2039 1729 2085 vita

89 2109 402 2156 emendatior
426 2120 475 2156 et
499 2112 723 2157 sanctior
747 2123 974 2170 apparet.
997 2114 1142 2171 Quod
1163 2115 1390 2172 profecto
1411 2117 1727 2173 quemadmo-

89 2186 201 2231 dum
227 2196 377 2233 antea
401 2187 649 2233 insolitum
674 2199 799 2247 erat,
827 2190 895 2236 ita
921 2207 1050 2237 nunc
1074 2192 1249 2238 mirum
1276 2209 1335 2239 ac
1370 2209 1527 2251 aeque
1562 2195 1726 2240 iucun-

89 2262 201 2308 dum
228 2263 506 2310 videntibus
531 2276 680 2322 atque
705 2267 823 2312 vtile
847 2267 894 2312 id
918 2267 1218 2315 facientibus
1240 2277 1271 2315 θ.
1300 2269 1411 2327 Qua
1436 2286 1497 2316 ex
1524 2287 1575 2316 re
1601 2287 1725 2316 sum-

90 2356 168 2385 mo
193 2341 301 2387 Deo
327 2342 434 2388 laus
459 2351 507 2387 et
530 2343 713 2400 gloria,
733 2359 763 2389 a
783 2360 879 2401 quo
901 2355 1081 2391 cuncta
1103 2347 1231 2392 bona
1251 2347 1539 2403 procedunt.
1560 2349 1726 2406 Atque

88 2418 328 2464 hactenus
353 2420 412 2464 de
437 2420 850 2468 confessionibus:
877 2422 975 2468 iam
1000 2424 1062 2468 ad
1088 2424 1185 2470 alia
1210 2426 1523 2471 accedamus.

145 2496 188 2541 4.
256 2496 407 2542 Pater
433 2506 601 2542 rector
625 2498 686 2543 ad
713 2498 1067 2546 circumuicina
1091 2501 1270 2558 oppida
1290 2503 1555 2558 aliquando
1579 2519 1724 2549 voca-

88 2582 181 2626 tus,
210 2573 475 2630 aliquando
499 2590 622 2620 vero
647 2574 915 2622 Societatis
940 2578 1151 2634 negotiis
1182 2579 1433 2635 impulsus,
1471 2595 1523 2625 se
1557 2590 1725 2627 contu-

87 2649 155 2705 lit,
188 2650 266 2696 vbi
292 2652 501 2696 verbum
527 2652 743 2698 diuinum
768 2653 828 2699 de
851 2670 990 2700 more
1014 2670 1103 2699 suo
1127 2656 1406 2711 seminauit‚
1434 2665 1482 2702 et
1516 2657 1584 2702 ita
1618 2659 1719 2714 pla-

87 2727 204 2785 cuit,
233 2737 286 2773 vt
309 2728 513 2786 profuit,
541 2729 678 2776 velut
702 2732 842 2777 solet.
870 2731 965 2777 Hic
988 2733 1136 2778 etiam
1161 2733 1426 2790 Bisbonae,
1453 2736 1721 2792 praecipue

133 2930 152 2949 a
202 2930 233 2967 3
247 2942 315 2969 vv.
334 2933 536 2978 praeced.
559 2934 717 2972 addita
737 2940 875 2983 supra
890 2948 999 2974 vers.
1018 2937 1072 2974 ab
1093 2938 1185 2983 ipso
1205 2941 1394 2976 auctore.
1448 2940 1467 2968 b
1503 2941 1720 2979 honesturn

87 2990 126 3026 id
146 2997 247 3028 erat.
303 2999 364 3019 —c
398 2994 662 3031 emolumenti
679 3000 756 3031 est.
815 2996 880 3022 -d
913 2996 1086 3043 singulis
1102 2997 1230 3034 annis.
1286 3005 1348 3026 —e
1373 2998 1615 3038 facientibus
1634 3015 1722 3039 cer-

85 3049 206 3087 nitur.
