1900 3380
493 293 815 331 101.—-C0L0N1A
843 293 866 329 2
893 292 1101 329 Ocromzls
1132 293 1219 328 1337
1553 293 1624 327 3923

38 394 231 439 sistunt.
261 391 547 447 Caeterum,
575 400 626 435 ut
653 391 713 447 hi,
743 390 779 434 si
806 399 1022 446 possent,
1051 390 1190 434 nobis
1215 399 1468 443 utmorem,
1498 390 1563 435 ita
1588 391 1666 435 alii

39 469 296 525 innumeri,
324 478 372 514 et
406 468 451 513 in
488 477 680 521 senatu,
710 477 757 513 et
792 476 937 512 extra
972 482 1100 522 eum,
1130 482 1218 511 nos
1253 467 1409 511 modis
1444 468 1669 513 omnibus

37 548 288 593 adiuuant.
318 545 562 602 Exemplo
597 560 707 590 esse
744 553 905 601 potest
940 546 1096 589 bonus
1131 544 1327 600 quidam
1354 545 1562 596 etdiues
1596 561 1668 590 sc-

38 641 148 681 nex,
175 624 253 680 qui
279 623 450 668 diebus
485 622 824 678 superioribus
859 637 911 666 se
946 622 1159 678 amplam
1195 621 1391 666 domum
1427 620 1667 667 Societati

36 702 264 747 daturum
306 700 441 751 dixit,
484 708 532 744 et
572 699 765 756 quidem
810 708 925 744 ante
970 707 1197 743 mortem.
1242 697 1517 744 Confirmet
1556 715 1665 743 cum

36 779 171 824 Deus
195 778 240 823 in
267 787 368 822 tam
402 778 531 822 bono
557 776 828 834 proposito.
858 776 1001 821 Alius
1036 776 1174 821 nobis
1210 776 1444 832 templum
1469 777 1531 820 ad
1555 792 1669 821 con-

35 855 330 901 cionandum
352 854 544 910 obtulit,
572 854 617 899 in
644 870 739 911 quo
764 854 877 899 licet
901 869 930 898 a
956 853 1165 910 prandio
1193 853 1329 898 festis
1354 853 1526 897 diebus
1556 869 1667 898 con-

35 934 110 979 cio
134 932 236 990 fiat,
264 933 413 977 uellet
437 941 603 977 tamen
629 942 676 976 et
700 940 899 976 nostros
924 946 1069 976 mane
1094 931 1138 976 in
1164 930 1338 975 eodem
1363 930 1665 980 concionari,

35 1019 302 1068 propterea
328 1010 459 1066 quod
481 1020 680 1054 nostros
704 1018 875 1066 sperat
899 1007 1074 1053 maiori
1101 1023 1212 1053 cum
1237 1007 1521 1052 auditorum
1546 1007 1667 1052 utili-

34 1098 135 1134 tate
159 1088 204 1133 id
228 1087 470 1133 facturos.
500 1087 598 1132 Alii
622 1087 822 1143 quidam
858 1086 925 1132 ita
960 1102 1048 1131 nos
1083 1094 1271 1142 amant,
1300 1095 1352 1131 vt
1377 1101 1487 1131 cum
1514 1101 1669 1142 nuper

34 1166 101 1211 eis
126 1165 324 1222 quidam
350 1164 517 1221 magni
543 1165 752 1210 nominis
772 1165 948 1209 doctor
968 1163 1180 1209 offerret
1199 1179 1465 1209 censuram
1485 1164 1666 1209 theolo—

37 1259 213 1300 gorum
235 1242 581 1298 parisiensium
601 1242 660 1286 de
681 1240 935 1287 Societate
962 1243 972 1265 ¹
1001 1241 1118 1298 (qua
1137 1241 1359 1286 inimicus
1380 1250 1557 1286 contra
1580 1257 1668 1285 nos

39 1321 102 1366 uti
127 1329 354 1365 conatur:
378 1319 464 1364 sed
489 1319 642 1372 Deus,
670 1335 834 1376 spero,
863 1319 967 1364 eius
987 1327 1196 1364 conatus
1216 1319 1375 1365 malos
1400 1318 1665 1374 impediet),

34 1398 98 1443 illi
134 1413 220 1455 per
245 1393 354 1442 eam
381 1398 515 1442 nulla
539 1413 603 1442 ex
626 1408 769 1454 parte
793 1413 822 1442 a
847 1397 987 1443 nobis
1010 1396 1197 1442 fuerint
1219 1396 1438 1453 alienati,
1471 1396 1557 1441 sed
1592 1412 1667 1441 ar-

35 1475 270 1521 ctioribus
287 1475 449 1532 potius
465 1475 651 1520 amoris
665 1475 870 1521 uinculis
888 1475 1054 1529 iuncti,
1072 1484 1119 1520 et
1133 1484 1365 1520 strenuos
1378 1490 1430 1519 se
1448 1473 1668 1520 Societa-

34 1553 93 1598 tis
112 1553 404 1598 defensores
423 1553 746 1610 praebuerint
766 1552 1012 1598 aduersus
1032 1562 1236 1598 autores
1256 1552 1383 1598 illius
1404 1568 1666 1598 censurae.

124 1631 213 1676 Est
237 1630 315 1676 hic
338 1646 522 1687 magna
557 1630 700 1675 nobis
734 1639 1015 1676 monstrata
1039 1630 1230 1687 messis,
1259 1646 1405 1687 quam
1429 1630 1668 1687 paulatim

36 1724 182 1765 spero
207 1708 516 1765 colligemus,
544 1708 625 1753 ubi
649 1708 732 1763 illi,
761 1723 884 1764 quos
918 1724 948 1753 a
982 1707 1123 1754 uobis
1154 1717 1495 1765 expectamus,
1522 1708 1667 1753 aduc-

36 1786 213 1832 nerint.
242 1786 399 1831 Multa
433 1785 511 1830 hic
545 1786 674 1831 bona
709 1785 949 1842 paulatim
984 1784 1117 1842 fient,
1144 1785 1231 1830 sed
1265 1785 1377 1841 quia
1411 1785 1489 1830 hic
1523 1785 1667 1841 pauci

37 1863 115 1920 qui
140 1863 367 1909 laborent
391 1878 578 1920 sumus,
606 1877 700 1908 non
726 1862 888 1907 adhuc
913 1871 1082 1908 tantus
1106 1862 1184 1908 hic
1206 1861 1399 1908 fructus
1423 1861 1490 1918 fit,
1519 1877 1667 1918 quan-

36 1949 115 1986 tus
149 1940 396 1997 apparuit.
434 1938 532 1985 Sed
572 1955 631 1985 ne
670 1940 979 1996 negligentia
1018 1949 1191 1985 nostra
1226 1940 1387 1996 potius
1420 1939 1563 1984 huius
1598 1939 1667 1984 rei

36 2032 188 2062 causa
212 2017 274 2062 sit
299 2032 443 2073 quam
468 2017 711 2074 paucitas,
738 2018 1141 2062 commendamus
1175 2033 1265 2062 nos
1300 2032 1489 2073 omnes,
1517 2016 1666 2061 nomi-

35 2094 186 2140 natim
227 2110 349 2139 uero
390 2094 455 2139 M.
499 2093 787 2150 Henricum,
824 2093 890 2139 M.
934 2093 1277 2150 Franciscum,
1321 2094 1386 2140 M.
1433 2093 1668 2139 Ioannem

36 2171 364 2229 Catenaeum,
392 2181 440 2217 et
465 2172 530 2217 M.
558 2171 795 2217 Ioannem
829 2172 1157 2225 Bercaelium,
1196 2181 1344 2229 atque
1383 2172 1444 2217 M.
1472 2170 1666 2229 Grego-

39 2249 163 2295 rium
187 2249 398 2295 Fabium
423 2249 491 2295 V.
519 2249 573 2295 P.
600 2259 649 2294 et
673 2248 890 2294 omnium
915 2249 1120 2295 Patrum
1145 2265 1205 2296 ac
1230 2250 1442 2296 fratrum
1473 2249 1665 2295 feruen-

40 2327 167 2373 tibus
189 2328 437 2384 precibus,
465 2343 603 2383 quos,
631 2342 744 2372 cum
769 2342 876 2382 nos,
905 2336 1005 2372 tum
1040 2336 1198 2373 totum
1224 2328 1490 2384 collegium
1515 2336 1563 2373 et
1587 2328 1665 2372 do-

35 2412 145 2449 ctor
169 2403 463 2461 Gropperus
487 2405 502 2429 2
526 2414 677 2461 atque
701 2404 840 2461 prior
875 2404 1160 2450 carthusiae
1184 2406 1199 2429 ³
1224 2420 1336 2450 cum
1361 2405 1533 2450 amicis
1552 2420 1666 2450 cun-

40 2482 126 2527 ctis
166 2498 311 2539 quam
351 2481 713 2528 officiosissime
748 2482 1040 2528 salutamus,
1078 2483 1213 2528 Bene
1246 2483 1374 2528 uale.
1406 2481 1663 2539 Coloniae,

34 2558 62 2604 6
85 2575 240 2608 nonas
262 2559 441 2606 Octob.
473 2560 601 2606 1557.

125 2636 202 2682 Ex
236 2637 585 2682 commissione
608 2636 669 2682 R.
699 2636 751 2682 P.
778 2637 1047 2694 Leonardi,
1079 2637 1142 2682 V.
1170 2637 1231 2682 R.
1259 2637 1488 2693 indignus
1521 2635 1663 2692 filius,

760 2731 984 2777 IOANNES
1018 2731 1247 2777 RETHIUs
1281 2730 1493 2777 COLONI.
1531 2733 1547 2756 4

82 2875 92 2894 ¹
146 2875 208 2912 De
227 2876 301 2912 hoc
326 2875 490 2912 decreto
515 2874 580 2921 cf.,
610 2875 675 2920 sis,
705 2874 951 2918 POLANCUM,
986 2876 1155 2915 Clzron„
1184 2873 1257 2919 IV,
1286 2874 1357 2911 328
1386 2887 1486 2922 sqq.;
1518 2874 1568 2920 V,
1597 2875 1667 2912 320

36 2945 135 2981 sqq.;
156 2934 352 2972 Monam.
374 2934 534 2981 Ignem,
556 2947 635 2972 ser.
659 2935 727 2979 ta,
750 2933 839 2979 XII,
860 2933 931 2970 614
949 2947 1034 2981 sqq.

82 2992 95 3012 ²
145 2993 252 3031 Vide
271 3007 317 3031 su
347 3007 367 3030 r
515 3024 521 3031 .
542 2994 565 3030 2
729 3023 735 3031 .
785 3024 791 3032 .

82 3052 96 3072 ⁸
144 3053 253 3090 Vide
272 3007 580 3101 palg.a2',pj1ignoti
600 3000 723 3091 {imm
760 2995 775 3031 1

81 3113 95 3132 ⁴
145 3112 254 3150 Vide
273 3126 367 3161 pag.
388 3113 470 3158 237,
493 3119 629 3152 annot.
653 3114 683 3151 1.
