1909 3328
298 254 364 288 8¹24
769 253 984 291 LITTERAE
1010 254 1366 299 QUADmMESTREs

1023 402 1116 453 201

670 508 1036 556 CAROLUS
1082 508 1467 557 SAGERIUS

762 609 929 635 amisus
955 600 977 635 ¹.)
1003 610 1199 636 ocrosffls
1229 600 1318 637 1558
1347 602 1369 636 ¹.

373 677 399 709 l.
425 676 489 712 De
508 676 659 712 Patris
681 676 893 722 Bellesille
911 677 1109 714 assiduis
1128 678 1453 715 laboribus—2.
1481 679 1755 725 Defratmtm

845 740 1093 774 nostrormn
1113 737 1287 775 studiis.

315 815 350 858 1.
419 814 579 873 Jesus.
609 813 789 860 Gratia
814 814 927 860 Dni.
956 816 1109 860 nostri
1134 815 1254 874 Jesu
1279 817 1392 873 Xpi.
1418 828 1659 874 perpetua
1684 834 1773 863 nos
1797 818 1875 864 do-

250 900 331 937 net
361 891 607 937 libertate.
641 891 837 949 [Multis
872 893 1040 938 verbis
1072 894 1321 939 deliberat
1355 899 1529 940 ulrum
1557 896 1748 941 scribat
1771 911 1876 941 nec-

251 969 348 1025 ne]
378 969 542 1026 Atque
567 969 779 1026 primum
805 979 858 1015 vt
882 986 912 1015 a
936 970 1089 1016 Patre
1115 981 1284 1017 nostro
1316 972 1378 1029 (in
1417 988 1511 1029 quo
1537 973 1605 1018 rei
1632 973 1772 1019 huius
1797 973 1876 1019 ini-

249 1046 367 1091 tium
409 1056 559 1103 atque
598 1047 783 1093 exitum
825 1063 1070 1105 quaerere
1109 1049 1285 1105 debeo)
1327 1049 1573 1107 incipiam,
1611 1051 1648 1095 si
1683 1051 1875 1107 singula

249 1124 354 1170 eius
387 1140 482 1181 quo
518 1124 683 1170 animo
718 1141 777 1171 ea
812 1136 1049 1172 exerceat
1084 1142 1290 1172 munera
1326 1127 1644 1185 singulosque
1680 1129 1876 1174 labores

251 1203 428 1248 vellem
453 1203 681 1260 persequi
706 1202 882 1260 (neque
917 1204 1043 1248 enim
1078 1204 1181 1249 eius
1215 1205 1645 1251 commendatione
1670 1207 1872 1259 maiore,

250 1295 392 1337 quem
418 1280 539 1325 satis
563 1297 651 1337 per
685 1296 736 1326 se
771 1281 1172 1327 commendatum
1198 1298 1258 1327 ac
1283 1284 1548 1339 probatum
1580 1284 1700 1342 scio,
1728 1285 1874 1330 addu-

249 1368 356 1403 ctus
396 1358 523 1415 dico)
566 1374 668 1403 rem
710 1359 752 1403 in
796 1358 1031 1404 infinitum
1076 1359 1302 1416 profecto
1342 1362 1683 1419 producerem;
1721 1378 1875 1418 eoque

250 1436 411 1492 magis
444 1436 558 1481 mihi
597 1445 774 1482 exacte
814 1437 979 1481 omnia
1018 1437 1273 1493 explicare
1312 1447 1443 1483 esset
1481 1438 1740 1496 difficilius,
1785 1455 1875 1496 quo

252 1514 363 1559 mihi
400 1514 636 1570 incogniti
673 1514 832 1571 magis
872 1514 1116 1560 fructuosi
1156 1516 1347 1572 quidem
1381 1517 1452 1561 sui
1489 1517 1703 1574 labores,
1743 1518 1875 1563 solus

251 1592 428 1649 quippe
453 1593 516 1637 ab
540 1600 649 1636 ortu
686 1592 808 1637 lucis
844 1592 904 1638 ad
942 1592 1158 1637 eiusdem
1195 1608 1428 1639 occasum
1454 1594 1526 1650 (vt
1554 1594 1635 1639 vix
1659 1594 1702 1640 ei
1728 1595 1874 1652 respi-

252 1685 368 1715 rare
394 1670 555 1723 liceat,
584 1669 904 1726 sumendique
930 1669 1119 1726 prandii
1154 1670 1268 1715 nihil
1292 1680 1376 1715 aut
1401 1686 1576 1727 parum
1600 1671 1682 1717 otii
1708 1688 1873 1729 super-

248 1747 327 1803 sit)
353 1747 744 1792 confessionibus
769 1747 1024 1793 audiendis
1050 1763 1160 1793 cum
1190 1749 1439 1794 vberrimo
1475 1750 1870 1806 amplissimoque

249 1824 415 1870 fructu
456 1839 515 1869 ac
555 1824 658 1869 sine
700 1823 800 1869 vlla
840 1825 1199 1881 propemodum
1240 1826 1603 1872 intermissione
1642 1827 1725 1873 dat
1764 1843 1872 1884 ope-

251 1917 372 1948 ram.
399 1901 445 1946 A
470 1902 644 1958 quibus
670 1902 750 1947 vbi
776 1903 948 1959 pedem
978 1903 1157 1958 retulit,
1185 1912 1495 1960 egrotantes,
1523 1920 1643 1960 quos
1668 1906 1869 1962 soletur,

252 1979 434 2036 visitat,
477 1979 605 2037 quod
647 1989 785 2025 certe
831 1995 941 2025 cum
986 1980 1082 2024 alio
1127 1990 1292 2026 tamen
1337 1981 1549 2026 fratrum
1590 1992 1872 2028 nostrorum

247 2057 376 2103 haud
401 2058 584 2114 exiguo
609 2073 719 2103 cum
743 2057 909 2102 fructu
934 2057 1005 2114 (vt
1030 2058 1087 2102 de
1117 2074 1211 2102 vno
1236 2067 1429 2103 tantum
1455 2069 1718 2115 egrotante
1744 2075 1871 2105 com-

247 2144 440 2190 pertum
465 2134 645 2190 habeo)
670 2133 852 2180 fecisse
888 2134 1118 2190 cognom.
1146 2135 1224 2180 cui
1254 2135 1317 2180 ab
1352 2135 1577 2181 omnibus
1611 2137 1804 2193 quidem
1829 2136 1871 2180 in

248 2211 532 2258 infirmitate
567 2211 804 2257 derelicto
845 2227 902 2257 ac
944 2227 1120 2267 panem
1157 2223 1366 2268 petente,
1406 2213 1485 2269 qui
1519 2213 1561 2258 ei
1597 2213 1870 2270 frangeret,

247 2289 424 2334 aderat
458 2304 603 2334 nemo
628 2290 658 2334 ².
689 2288 900 2334 Curauit
939 2304 1058 2333 vero
1094 2305 1240 2345 quam
1277 2290 1493 2336 maxime
1527 2291 1684 2346 potuit
1717 2290 1874 2336 frater

247 2367 325 2412 ille
349 2376 535 2421 noster,
576 2377 626 2413 *vt
661 2367 870 2423 primum
906 2366 1233 2412 confessionis
1258 2376 1359 2413 tum
1384 2369 1682 2414 eucharistie
1707 2384 1870 2422 sacra-

248 2444 424 2489 mentis
449 2443 851 2490 confirmaretur:
879 2459 1006 2500 quae
1040 2459 1150 2488 cum
1187 2444 1330 2489 auide
1366 2454 1414 2489 et
1448 2445 1622 2501 cupide
1653 2463 1682 2490 a
1713 2443 1873 2490 multis

245 2519 344 2577 jam
380 2521 551 2566 diebus
586 2521 875 2567 desiderans
908 2521 1214 2577 sumpsisset,
1251 2537 1346 2566 non
1380 2522 1448 2567 ita
1484 2524 1636 2567 multo
1673 2532 1780 2579 post
1813 2521 1872 2567 ad

247 2599 429 2655 coelos,
457 2599 502 2643 ni
528 2598 690 2651 fallor,
720 2598 1034 2655 demigrauit.

336 2674 435 2721 Sed
459 2677 521 2722 ad
550 2676 747 2722 Patrem
780 2685 1002 2722 nostrum
1030 2678 1192 2727 redeo,
1222 2693 1365 2732 quem
1394 2678 1586 2723 vnicum
1610 2678 1684 2723 hic
1710 2692 1863 2723 sacer·

247 2752 408 2798 dotem
436 2753 689 2798 habemus
719 2752 815 2810 Qui
850 2767 947 2798 non
983 2752 1127 2797 modo
1152 2753 1362 2799 interdiu
1397 2753 1651 2799 audiendis
1682 2753 1870 2800 confes·

296 2885 302 2903 ¹
358 2884 419 2920 Ex
438 2885 693 2931 autographo
713 2885 753 2920 in
772 2884 908 2921 codice
931 2884 1023 2921 Gal.
1045 2884 1114 2927 53,
1135 2883 1157 2920 2
1176 2883 1232 2926 ff,
1254 2897 1320 2921 nn.
1344 2884 1402 2929 60,
1432 2885 1489 2930 61;
1519 2886 1630 2932 prius
1655 2885 1726 2921 386
1754 2885 1866 2930 (237).

249 2942 418 2979 Exstant
446 2943 522 2979 tria
549 2944 785 2991 apographa
814 2943 853 2979 in
872 2942 914 2980 ff.
934 2943 994 2988 36,
1014 2943 1060 2980 37
1078 2948 1118 2980 et
1135 2943 1193 2980 38.
1217 2943 1534 2991 Autographum
1554 2945 1647 2981 anni
1668 2944 1870 2981 notatione

246 3008 375 3038 earet.
400 3002 445 3038 ln
464 3004 709 3050 apographis
728 3004 935 3050 appositus
955 3008 1015 3040 est
1034 3015 1164 3040 annus
1186 3003 1291 3040 1558.

294 3062 306 3080 ²
359 3061 420 3098 Cs.
444 3061 624 3103 THREN.‚
645 3061 719 3104 IV.
741 3063 774 3099 4.
