1909 3328
247 234 316 270 73¹2
712 237 899 273 Li‘r‘rERA
908 248 932 273 E
959 237 1051 283 QUA
1060 249 1316 275 DRIMESTRES

266 333 331 377 11.
399 332 544 388 Quod
579 333 639 377 ad
676 334 873 385 scholas
907 334 1137 391 pertinet,
1176 335 1381 391 primum
1418 345 1502 380 tua
1537 336 1664 381 Rtia.
1705 336 1828 381 sciat

203 410 551 465 discipulorum
577 425 832 455 numerum
859 411 902 455 in
931 411 1034 456 dies
1058 427 1353 467 augescere,
1382 413 1493 457 licet
1528 428 1621 457 non
1663 413 1827 458 admo-

201 488 313 531 dum
353 486 558 542 grandis
603 487 679 539 sit,
721 498 988 544 propterea
1024 488 1151 544 quod
1186 489 1263 534 hic
1302 489 1456 534 literis
1493 505 1664 546 parum
1701 490 1827 535 dele-

201 573 414 610 ctantur.
443 564 630 610 Omnes
663 565 811 610 etiam
848 566 927 622 qui
962 575 1188 611 nostrum
1223 567 1389 612 ludum
1424 567 1699 613 literarium
1734 568 1825 614 fre-

201 651 453 698 quentant,
481 642 682 698 perinde
707 643 750 688 in
778 643 1035 688 literarum
1061 643 1235 689 studiis
1269 660 1328 689 ac
1363 644 1407 689 in
1446 645 1703 701 modestia,
1731 646 1826 702 pie·

201 729 318 776 tate,
343 720 560 776 puritate
582 719 823 776 proficere
847 720 1089 766 videntur.
1116 721 1388 778 Magistros
1407 737 1616 779 quoquc,
1639 738 1826 768 omnes-

201 812 296 854 que
340 796 614 843 Socz'etatl's
651 805 667 825 ³
716 798 1059 844 beneuolentia
1106 815 1166 844 ac
1211 800 1397 844 honore
1441 811 1823 856 prosequuntur.

202 874 378 920 Cuncti
405 875 476 932 (vt
500 874 769 921 Societatis
794 891 899 921 mos
923 877 1016 932 est)
1041 877 1248 933 singulis
1284 877 1531 923 mensibus
1563 878 1828 923 confessio-

201 969 311 998 nem
351 963 597 1010 repetunt,
635 954 771 999 multi
811 955 1053 1010 crebrius,
1096 971 1190 1000 non
1233 955 1374 1012 pauci
1416 956 1611 1001 demum
1646 965 1829 1001 octauo

202 1047 394 1088 quoque
418 1032 510 1078 die.

262 1108 328 1154 12.
397 1109 599 1166 Aliquot
619 1110 731 1155 item
754 1111 912 1155 bonae
937 1110 1112 1156 indolis
1136 1121 1284 1168 atque
1309 1111 1353 1156 in
1379 1112 1533 1157 literis
1553 1112 1828 1168 prouectio-

202 1202 282 1232 res
305 1187 452 1232 auide
477 1187 760 1233 desiderant
785 1197 932 1244 atque
957 1188 1180 1233 sedulam
1206 1204 1411 1245 operam
1437 1189 1570 1245 dant,
1600 1198 1652 1235 vt
1676 1189 1720 1234 in
1746 1205 1828 1234 no-

201 1275 355 1309 stram
390 1263 1069 1310 Societatem·admittantur.
1098 1265 1442 1311 Veruntamen
1479 1266 1610 1322 ipsos
1648 1266 1828 1312 detine-

202 1358 308 1387 mus
331 1357 393 1387 ac
420 1342 584 1388 verbis
606 1343 849 1399 pascimus
875 1358 970 1399 quo
991 1343 1133 1388 simul
1157 1353 1204 1388 et
1230 1359 1403 1388 eorum
1423 1344 1703 1389 constantia
1728 1360 1826 1390 ma—

200 1420 277 1476 gis
311 1419 451 1465 nobis
485 1420 723 1476 probetur
761 1431 807 1466 et
844 1436 1015 1465 eorum
1040 1430 1272 1477 parentes
1297 1421 1506 1466 libenter
1531 1421 1822 1467 concedant.

200 1497 430 1553 Magistri
454 1507 721 1554 praeterea
747 1513 835 1543 suo
860 1507 1061 1543 strenue
1085 1497 1225 1555 fungi
1259 1497 1423 1544 officio
1457 1508 1605 1556 atque
1635 1507 1739 1544 tum
1763 1499 1829 1543 di-

201 1575 399 1632 scipulis
424 1585 527 1621 tum
552 1575 779 1621 omnibus
804 1577 1004 1632 placere
1029 1586 1076 1621 et
1100 1575 1395 1621 satisfacere
1423 1575 1667 1622 videntur.

262 1652 328 1698 13.
398 1653 643 1709 Magister
679 1653 975 1698 Vincentius
1009 1653 1324 1709 Bonaherba‚
1353 1653 1443 1710 qui
1464 1653 1515 1698 2'72
1540 1655 1828 1710 presentia-

201 1745 317 1776 rum
341 1731 447 1776 loco
472 1745 582 1776 meo
607 1731 814 1776 tertiam
840 1731 1056 1775 classem
1091 1731 1407 1787 moderatur,
1434 1731 1567 1776 Maio
1603 1732 1831 1788 proximo

199 1809 369 1855 habuit
388 1809 666 1854 orationem
687 1809 816 1866 apud
838 1809 1047 1854 fratrem
1069 1808 1222 1864 ducis,
1244 1809 1325 1865 qui
1344 1808 1448 1854 eius
1473 1809 1633 1854 vicem
1657 1810 1829 1855 absen-

200 1887 259 1932 tis
298 1887 527 1943 gerebat,
565 1896 612 1932 et
647 1887 910 1943 optimates
950 1902 1218 1943 omnesque
1258 1887 1476 1932 eruditos
1515 1887 1665 1939 viros,
1704 1903 1830 1944 quae

200 1964 411 2009 maxime
435 1964 573 2010 cordi
599 1974 746 2020 atque
773 1964 1012 2019 voluptati
1047 1964 1273 2009 omnibus
1298 1963 1610 2009 audientibus
1634 1964 1739 2014 fuit,
1767 1981 1825 2009 eo

199 2042 327 2097 quod
353 2057 450 2087 non
479 2042 637 2087 minus
672 2041 829 2099 lepide
863 2057 923 2086 ac
960 2046 1166 2087 venuste
1201 2041 1537 2099 pronuntiata,
1576 2057 1722 2098 quam
1747 2043 1827 2086 do-

200 2128 278 2164 cte
303 2134 361 2163 ac
388 2119 647 2175 eleganter
671 2118 947 2175 composita
972 2119 1077 2163 fuit.

262 2197 328 2242 14.
398 2197 501 2241 Nos
526 2213 647 2242 vero
672 2197 716 2241 in
743 2196 1021 2253 praesentia
1047 2196 1089 2241 in
1116 2197 1209 2241 hoc
1232 2196 1445 2253 collegio
1465 2196 1635 2241 decem
1657 2212 1718 2242 ex
1743 2194 1830 2241 So-

200 2274 381 2320 cietate
417 2289 804 2331 commoramur;
839 2283 940 2318 tres
974 2274 1279 2329 sacerdotes,
1317 2282 1421 2319 tres
1455 2283 1827 2331 praeceptores,

201 2361 303 2396 tres
337 2351 418 2396 alii
453 2350 640 2396 fratres
674 2350 958 2396 domesticis
992 2350 1141 2396 rebus
1175 2351 1420 2407 occupati,
1459 2360 1508 2396 et
1539 2351 1829 2397 adolescens
1897 2381 1900 2384 ‹

202 2428 414 2474 nouitius
435 2429 626 2474 duobus
650 2428 828 2474 abhinc
855 2427 1104 2472 mensibus
1124 2428 1169 2472 in
1189 2426 1491 2473 Societatem
1511 2428 1766 2485 ingressus
1794 2430 1827 2484 ¹,

198 2505 357 2551 frater
382 2505 633 2552 Vincentii
660 2505 988 2560 Xacchetani,
1017 2505 1096 2562 qui
1120 2505 1242 2550 satis
1265 2505 1339 2550 sui
1362 2504 1535 2551 fratris
1569 2505 1824 2551 Vincentii

200 2583 533 2628 obedientiam
588 2593 737 2639 atque
791 2582 1126 2628 sinceritatem
1178 2582 1349 2639 refert;
1396 2592 1445 2627 et
1490 2582 1827 2639 vnusquisque

249 2745 266 2764 a
287 2743 326 2774 et
345 2751 485 2775 omnes
503 2743 673 2775 nostros.

249 2871 257 2889 ¹
309 2870 354 2906 In
373 2869 656 2907 informatione
678 2870 842 2916 collegii
862 2869 1133 2917 panormitani
1152 2869 1232 2906 diei
1250 2869 1273 2905 2
1291 2868 1393 2917 Maji
1408 2868 1503 2905 anni
1520 2868 1611 2905 1559
1625 2868 1682 2913 (in
1696 2868 1832 2905 codiee

202 2929 283 2965 sic.
305 2928 374 2972 59,
396 2928 434 2965 n.
461 2928 570 2974 124v)
590 2928 748 2965 dicitur:
775 2928 1037 2965 «Balthasare
1057 2928 1095 2964 di
1115 2927 1254 2965 Xacca
1272 2927 1314 2964 fu
1332 2928 1517 2965 riceuuto
1535 2927 1576 2964 in
1596 2926 1755 2964 Biuona
1780 2926 1831 2964 da

200 3000 279 3024 uno
299 3001 404 3025 anno
423 2989 463 3024 in
483 3001 575 3036 qua,
597 2989 635 3025 di
656 2989 699 3025 15
717 2989 827 3035 anni3
850 2992 871 3025 ὲ
896 2989 933 3025 di
952 2988 1085 3025 buona
1114 2987 1380 3030 edificatione;
1408 2987 1564 3034 impara
1590 2986 1619 3023 li
1646 2986 1831 3034 principii

202 3047 239 3083 di
261 3048 548 3094 grammatica.
574 3048 609 3085 E
628 3049 752 3085 molto
770 3048 898 3085 fermo
917 3049 1028 3085 nella
1045 3061 1114 3085 sua
1136 3048 1382 3085 uocatione.»
