1900 3380
574 214 903 251 176.-ss1L1.0Mo
929 215 950 250 4
973 214 1083 261 JUNH
1114 214 1203 250 1558
1595 212 1654 248 711

74 322 154 358 rat
177 322 428 369 optatque.
457 310 553 356 Sed
581 312 674 357 hoc
699 311 758 356 de
797 319 1096 368 argumento
1131 310 1334 355 inferius
1368 309 1524 355 fusius
1560 323 1707 365 agen-

72 391 188 435 dum
214 389 355 435 nobis
380 397 469 434 est.

131 467 172 512 2.
241 466 459 511 Primum
505 466 670 522 itaque
712 481 922 523 agemus
961 466 1019 511 de
1064 465 1312 521 euangelii
1359 474 1405 510 et
1450 479 1708 510 sacrorum

73 543 423 600 mysteriorum
448 542 633 599 fructu,
660 542 926 588 Societatis
950 543 1082 588 cultu
1104 551 1250 586 enato
1271 558 1328 587 ac
1350 541 1511 598 magis
1531 541 1707 597 magis-

76 637 165 677 que
191 629 517 666 excrescente
542 620 605 664 ad
630 620 992 665 maturitatem.
1020 619 1211 664 Deinde
1237 619 1295 664 de
1320 618 1610 664 academiae
1631 634 1710 663 no-

73 708 209 744 strae
234 697 459 744 literaria
485 713 645 743 messe
685 698 953 753 vberrima3
991 696 1200 753 denique
1236 696 1295 741 de
1326 696 1522 753 collegii
1557 695 1712 741 nostri

73 776 324 823 erectione
349 775 720 832 dotationeque‚
749 775 888 820 cuius
913 790 1050 831 spem
1071 774 1384 820 solidioribus
1403 774 1713 832 argumentis

75 870 221 920 quam
266 853 479 899 antehac
523 869 737 910 vnquam
784 852 1103 908 concepimus
1147 851 1438 903 firmiorem,
1481 852 1713 909 episcopo

74 949 241 979 moras
266 948 438 978 omnes
463 933 808 989 abrumpente.

133 1011 176 1058 3.
242 1010 402 1068 Igitur
426 1011 616 1056 illustre
641 1009 913 1055 Societatis
937 1026 1114 1055 munus
1141 1010 1280 1055 verbi
1315 1008 1585 1054 ministerio
1618 1024 1715 1053 non

77 1090 222 1135 modo
253 1088 383 1146 apud
419 1104 679 1143 aruernos,
718 1103 893 1133 verum
930 1096 979 1132 et
1014 1087 1059 1132 in
1098 1087 1286 1133 vicinas
1324 1087 1716 1143 circumquaque

78 1166 360 1225 prouincias
384 1164 582 1211 Galliae
609 1165 771 1222 magis
803 1165 1062 1222 magisque
1088 1164 1368 1210 innotescit.
1402 1163 1593 1208 Rector
1618 1162 1716 1208 col-

78 1245 193 1302 legii
223 1244 398 1299 nostri,
434 1243 498 1288 D.
536 1242 872 1299 Hieronymus
906 1242 1127 1299 Bassius,
1166 1241 1605 1298 quadragesimam
1642 1255 1714 1285 su-

77 1338 301 1380 premam
325 1321 536 1367 Bilhomi
561 1320 827 1378 euangelio
853 1320 1002 1366 animi
1028 1320 1351 1376 corporisque
1377 1320 1510 1364 vires
1534 1317 1714 1374 impen-

77 1401 160 1455 dit,
188 1409 261 1446 tot
284 1399 604 1456 negotiorum
629 1407 733 1443 tum
757 1397 1144 1443 domesticorum
1168 1406 1270 1442 tum
1297 1406 1622 1442 externorum
1646 1395 1710 1440 di-

78 1478 241 1524 uortio
265 1493 295 1522 a
319 1486 563 1534 suggestu
603 1475 798 1521 minime
833 1485 1095 1527 auocatus‚
1131 1490 1223 1520 nec
1257 1475 1366 1519 leue
1401 1473 1716 1518 auctoritatis

81 1556 273 1613 pondus
297 1554 544 1610 euangelii
577 1553 819 1599 exercitio
844 1553 973 1610 apud
1005 1552 1261 1598 auditores
1297 1562 1369 1597 est
1403 1561 1717 1607 consecutus,

82 1650 193 1680 cum
220 1633 361 1678 vberi
395 1631 562 1678 fructu
595 1631 806 1688 spiritali
841 1640 890 1676 et
924 1629 1189 1676 Societatis
1224 1631 1385 1675 bonae
1420 1628 1586 1674 famae
1621 1628 1717 1673 fra-

82 1710 329 1769 grantiori
354 1710 508 1755 odore
533 1710 597 1754 ad
620 1709 714 1754 Dei
739 1708 956 1767 gloriam
980 1708 1138 1754 fusius
1162 1707 1403 1764 disperso.
1432 1708 1476 1751 A
1512 1706 1716 1763 pascha-

79 1799 128 1835 te
151 1787 458 1845 frequentius
486 1786 713 1844 Bilhorni,
741 1787 788 1832 in
814 1786 986 1832 vicinis
1012 1786 1155 1844 pagis
1189 1785 1512 1831 concionatus
1546 1794 1621 1830 est
1655 1784 1720 1829 in-

20 1855 23 1857 *
80 1866 294 1919 terdum,
322 1880 414 1910 nec
437 1864 542 1910 sine
568 1865 699 1910 bona
723 1864 869 1909 laude
893 1864 1077 1921 populi,
1104 1863 1408 1921 potissimum
1430 1861 1617 1908 solenni
1638 1861 1720 1906 illa

81 1944 459 2002 supplicatione,
487 1958 585 1999 qua
605 1942 993 1999 pretiosissimus
1013 1941 1197 1987 Christi
1221 1940 1428 1998 sanguis
1448 1939 1521 1997 (vt
1546 1940 1624 1996 pia
1644 1955 1719 1984 ar-

81 2037 351 2067 uernorum
385 2020 483 2065 fert
523 2019 663 2076 fides)
703 2019 782 2064 hic
820 2019 1171 2064 circumfertur
1211 2027 1341 2063 stato
1381 2018 1529 2062 semel
1574 2016 1723 2062 totius

82 2099 196 2145 anni
221 2099 311 2145 die.
337 2098 398 2143 D.
429 2098 668 2143 Nicolaus
692 2099 705 2122 ¹
732 2098 778 2143 in
798 2097 976 2154 oppido
997 2095 1288 2154 Oliergaeo,
1311 2106 1524 2152 quatuor
1545 2094 1724 2139 abhinc

82 2176 356 2222 miliaribus
380 2175 575 2232 gallicis
601 2175 788 2229 dissito,
816 2174 956 2220 feriis
981 2184 1293 2232 pentecostes
1318 2172 1544 2230 proxime
1581 2187 1720 2228 prae-

82 2254 242 2300 teritis
266 2253 593 2298 concionatus
617 2261 709 2308 est,
738 2252 976 2297 inuitatus
1001 2253 1064 2298 ab
1089 2252 1195 2308 ipso
1225 2265 1460 2307 paroeco,
1500 2249 1608 2294 viro
1644 2264 1723 2294 no-

85 2331 183 2383 bili,
210 2331 324 2376 Dni.
364 2329 582 2387 episcopi
619 2321 983 2386 protonotario.
1024 2329 1135 2386 Ego
1171 2328 1365 2384 quidem
1402 2326 1722 2384 quadragesi—

86 2425 218 2454 mam
242 2407 426 2465 Ryomi
452 2408 610 2452 verbo
636 2407 730 2452 Dei
756 2405 970 2452 intentus
994 2406 1237 2462 transegi,
1266 2414 1318 2449 vt
1352 2404 1532 2449 ciuium
1567 2402 1724 2459 preci·

85 2487 177 2533 bus
211 2502 271 2532 ac
306 2486 418 2531 Dni.
457 2485 702 2542 praesulis
736 2485 1070 2530 clarmontani
1108 2483 1317 2540 imperio
1358 2481 1723 2527 satisfacerem.

87 2564 331 2622 Quicquid
356 2563 505 2609 officii
530 2564 759 2619 neglectu
785 2562 1019 2608 omissum
1051 2571 1141 2617 est,
1169 2561 1215 2606 id
1248 2560 1362 2605 mihi
1396 2559 1724 2612 tribuendum;

88 2642 127 2688 si
147 2642 336 2687 ciuibus
356 2640 668 2687 satisfactum
686 2649 858 2686 nostro
878 2641 1067 2695 labore,
1089 2639 1133 2683 id
1153 2654 1296 2683 omne
1316 2637 1515 2683 Christo
1535 2636 1729 2681 feratur

89 2730 364 2775 acceptum.
393 2716 547 2762 Certe
570 2716 678 2773 pius
702 2718 971 2762 multorum
997 2715 1212 2761 affectus
1236 2730 1296 2759 ac
1321 2713 1517 2770 pietatis
1535 2712 1729 2758 fructus

23 2836 25 2839 .
90 2795 304 2842 vbertim
326 2810 403 2840 me
428 2794 715 2840 consolatus
739 2803 830 2852 est;
858 2803 906 2839 et
936 2794 975 2839 si
1001 2793 1245 2838 aduentus
1281 2790 1510 2836 dominici
1546 2789 1730 2836 celebri

91 2882 316 2929 tempore
339 2871 551 2917 celebris
575 2879 687 2917 erat
710 2871 994 2916 auditorum
1017 2870 1081 2915 ad
1104 2868 1371 2914 conciones
1400 2867 1661 2913 confluxus
1683 2866 1731 2912 in

142 3040 153 3059 ¹
203 3039 249 3076 P.
273 3038 469 3077 Nicolaus
486 3038 657 3076 Lietard
674 3037 988 3084 (lotharingius).
