1909 3328
274 260 339 294 434
737 262 956 299 LITTERAE
984 262 1341 307 QUADfflMEsTREs

227 356 385 400 Roma
428 359 456 401 ¹.
486 356 590 402 Che
615 358 653 402 si
680 358 851 404 ordine
875 369 1000 404 tutto
1024 376 1051 403 a
1079 359 1275 416 magior
1299 359 1461 421 gloria
1487 359 1531 403 di
1558 359 1654 404 Dio
1675 370 1722 404 et
1742 376 1852 416 pro-

227 431 310 477 fito
335 434 393 478 de
417 434 574 479 nostri
598 434 779 480 fratelli
805 448 850 480 et
876 436 1134 492 prossimo.

282 511 322 554 4.
387 511 437 555 In
463 511 534 556 sin
561 512 738 557 adesso
763 529 851 558 era
876 512 1094 557 differita
1119 513 1165 557 la
1192 513 1517 558 renouatione
1538 514 1582 557 di
1602 513 1747 558 studii
1767 530 1857 570 per*

224 597 478 643 aspettare
503 589 513 632 i
540 590 692 633 nostri
719 589 921 641 fratelli,
950 590 994 634 di
1026 590 1174 644 qualli
1215 605 1303 634 era
1333 590 1469 634 detto
1504 591 1551 635 al
1586 590 1803 647 principe
1838 592 1852 615 ‘2

225 673 272 708 et
296 664 402 709 suoi
425 665 618 721 baroni,
646 676 692 710 et
717 667 851 711 molti
877 666 989 710 altri
1014 666 1229 710 huomini
1255 676 1302 711 et
1326 667 1488 711 alcuni
1514 666 1734 724 studiosi;
1773 683 1853 712 ma

223 741 402 786 adesso
427 741 620 786 faremo
647 743 756 798 quel
783 743 872 787 che
897 753 1139 798 potremo,
1167 742 1228 786 fin
1254 743 1343 787 che
1366 743 1502 788 Iddio
1527 759 1586 788 ne
1610 744 1853 789 mandara

222 817 414 873 agiuto,
442 818 779 863 satisfacendo
805 820 902 864 alla
927 819 1263 875 expettatione
1289 821 1365 864 del
1391 820 1609 876 principe
1635 830 1683 866 et
1708 822 1852 866 baro-

224 894 269 939 ni
295 910 323 938 a
348 895 423 940 chi
448 896 692 939 l'hauemo
717 895 965 940 affirmato
992 912 1079 952 per
1104 895 1156 940 P.
1189 895 1419 941 Victoria
1444 896 1480 954 ἷὶ;
1518 900 1639 952 pero
1674 898 1852 943 adesso

223 971 252 1015 il
278 972 438 1016 lunedi
465 972 724 1027 prossimo,
753 973 1005 1028 pensiamo
1032 989 1121 1017 con
1153 973 1321 1029 gratia
1351 973 1395 1017 di
1432 983 1603 1018 nostro
1639 972 1852 1030 Signore

222 1048 301 1092 far
327 1048 636 1094 rinouatione
662 1049 785 1094 delle
811 1050 998 1094 lettioni
1023 1061 1068 1094 et
1102 1050 1375 1095 mutatione
1410 1051 1521 1095 delli
1556 1052 1770 1096 scholari
1806 1062 1854 1097 et

1905 178 1909 255 *a*
1903 103 1909 135 2-
1902 42 1909 64 x

223 1125 385 1170 classi.
419 1124 470 1170 Si
501 1141 656 1170 sonno
681 1125 742 1170 fin
769 1127 945 1171 adesso
971 1127 1258 1172 essaminati
1283 1142 1369 1183 per
1394 1130 1716 1186 promouerli,
1743 1138 1791 1175 et
1814 1130 1853 1175 si
1899 1145 1901 1147 ’

221 1217 310 1246 son
335 1202 519 1247 trouati
545 1202 707 1247 alcuni
732 1203 775 1246 di
803 1204 931 1248 buon
958 1202 1173 1259 profitto,
1202 1204 1382 1259 perche
1416 1220 1572 1249 sanno
1608 1206 1652 1250 la
1688 1221 1850 1262 gram-

220 1280 420 1333 matica,
448 1280 656 1325 essendo
686 1281 849 1325 venuti
873 1296 1022 1325 senza
1047 1296 1194 1336 saper
1226 1281 1402 1326 niente.
1432 1281 1489 1326 Li
1515 1283 1658 1327 uuole
1683 1293 1853 1329 nostro

223 1355 384 1401 Padre
418 1365 606 1401 rettore
646 1373 942 1413 promouere
982 1373 1075 1402 con
1113 1358 1378 1415 solennita,
1416 1357 1477 1402 fin
1513 1375 1542 1403 a
1580 1368 1655 1404 tre
1690 1360 1853 1417 d‘ogni

220 1433 397 1478 classe.
425 1432 477 1477 Si
504 1434 818 1478 reciteranno
843 1433 1005 1479 alcuni
1031 1434 1162 1478 uersi
1188 1434 1277 1479 che
1311 1434 1420 1480 fece
1455 1435 1649 1481 Thoma
1684 1447 1852 1482 nostro

221 1509 419 1554 fratello
444 1511 475 1562 3,
504 1520 551 1555 et
576 1520 765 1555 mastro
790 1509 1023 1556 Gerarclo
1049 1511 1160 1556 fara
1190 1527 1284 1556 vna
1310 1512 1551 1558 oratione:
1579 1513 1610 1558 il
1646 1530 1852 1559 numero

221 1586 282 1632 de
307 1586 408 1642 puti
434 1589 552 1631 sara
576 1587 638 1632 da
663 1587 696 1631 ¹³.
1313 1644 1314 1647 Ἰ

277 1664 320 1708 5.
387 1664 580 1708 Mastro
625 1662 859 1710 Gerardo
904 1665 1013 1722 lege
1060 1666 1105 1710 la
1151 1666 1402 1711 rethorica
1446 1676 1494 1712 et
1538 1667 1761 1713 Luciano
1805 1669 1850 1714 in

218 1755 424 1798 graeco;
453 1741 609 1786 anche
635 1741 698 1785 lui
724 1742 785 1786 ha
811 1757 933 1786 cura
957 1757 1107 1798 sopra
1132 1743 1241 1787 tutti
1268 1743 1297 1787 li
1322 1744 1465 1788 studii
1491 1744 1562 1789 de'
1583 1744 1780 1803 fratelli,
1805 1757 1852 1792 et

221 1820 247 1862 e
273 1817 477 1874 syndico
502 1819 741 1874 generale
766 1828 813 1864 et
838 1822 1020 1864 curera
1043 1820 1238 1876 ch'ogni
1268 1820 1320 1866 15
1343 1821 1389 1865 di
1413 1821 1451 1865 si
1476 1821 1609 1867 facia
1643 1823 1850 1878 qualche

218 1894 446 1939 oratione
470 1894 515 1939 di
541 1895 713 1951 nostri,
741 1911 769 1939 o
794 1894 839 1940 di
864 1896 1009 1952 quelli
1035 1896 1080 1941 di
1104 1895 1251 1954 fuo1·i;
1274 1898 1431 1943 anche
1451 1899 1539 1944 che
1559 1898 1604 1943 in
1624 1915 1714 1945 suo
1735 1910 1850 1945 tem—

221 1987 282 2028 po
307 1971 345 2016 si
370 1970 501 2016 facia
525 1972 670 2017 alcun
706 1972 921 2029 dialogo.
958 1972 995 2017 Il
1030 1973 1197 2018 dottor
1222 1973 1471 2031 Enrriquo
1502 1991 1772 2032 perseuera
1806 1978 1851 2022 in

219 2063 312 2093 sua
335 2049 534 2093 lettione
558 2049 636 2094 del
659 2049 852 2094 Mastro
877 2050 1002 2095 delle
1031 2049 1302 2109 Sententie,
1340 2062 1387 2097 et
1421 2053 1464 2097 in
1501 2069 1587 2098 sue
1621 2055 1850 2110 prediche

220 2126 381 2170 inanzi
406 2126 453 2171 al
479 2126 713 2183 principe.
742 2127 932 2172 Mastro
957 2126 1191 2173 Gerardo
1215 2145 1308 2174 non
1335 2131 1508 2185 legera
1533 2131 1613 2187 pisi
1632 2147 1720 2187 per
1738 2148 1848 2188 que-

216 2212 296 2247 sta
319 2202 583 2248 inuernata
606 2203 637 2248 il
662 2204 965 2249 catechismo
989 2205 1067 2249 nel
1091 2206 1296 2251 castello
1323 2222 1410 2263 per
1434 2222 1588 2252 causa
1613 2208 1689 2253 del
1724 2208 1848 2254 fred-

217 2279 280 2325 do
301 2287 332 2336 ⁰3
372 2280 433 2337 io,
461 2296 550 2337 per
573 2280 745 2326 ordine
769 2281 847 2326 del
872 2281 1034 2326 Padre
1058 2282 1298 2340 Vittoria‚
1325 2283 1487 2329 hauea
1512 2284 1700 2330 lassata
1724 2294 1849 2331 tutte

218 2357 313 2403 due
329 2357 533 2415 lettioni,
552 2358 659 2403 cioe
677 2358 839 2415 quella
856 2358 915 2403 de
932 2359 1097 2415 logica
1113 2368 1161 2404 et
1177 2361 1338 2416 quella
1355 2361 1431 2406 del
1446 2361 1747 2407 catechismo
1760 2362 1848 2407 che

217 2435 263 2480 in
287 2435 458 2480 schola
481 2446 654 2480 nostra
679 2435 856 2492 legeuo
881 2436 925 2480 le
949 2435 1089 2492 feste,
1118 2452 1207 2493 per
1233 2438 1522 2494 occuparmi
1541 2439 1619 2483 nel
1639 2439 1846 2485 ministe-

267 2579 285 2598 a
336 2580 390 2616 15
401 2590 469 2617 vv.
488 2579 689 2625 praeced.
712 2578 870 2615 addita
889 2582 996 2615 sum*
1011 2580 1104 2616 alia
1124 2589 1263 2616 manu
1283 2583 1329 2617 in
1345 2582 1437 2618 ima
1454 2586 1554 2627 pag.
1613 2582 1675 2609 —b
1710 2583 1847 2619 Lacu-

222 2650 281 2675 na
301 2641 347 2675 in
366 2650 447 2676 ms.
502 2646 565 2666 —c
611 2638 642 2674 A
669 2649 737 2675 vv.
769 2638 969 2684 praeced.
1004 2638 1162 2676 addita
1183 2641 1274 2677 alia
1301 2652 1441 2678 manu
1459 2641 1632 2686 (eadem
1651 2653 1764 2688 quae
1780 2653 1865 2682 su-⁴

215 2699 321 2744 pm)
340 2700 386 2735 in
407 2709 551 2744 marg.

267 2831 272 2845 ¹
328 2829 414 2866 Hos
465 2829 611 2866 fratres
650 2830 891 2877 promiserat
929 2829 1099 2866 Lainius
1138 2830 1227 2877 regi
1270 2843 1529 2868 romanorum
1572 2831 1868 2869 Ferdinando.›

218 2888 283 2926 Cf.
305 2889 460 2926 Laz'nz'i
478 2889 687 2934 Monam..
708 2889 757 2932 ΙΙ,
778 2889 860 2926 269.

265 2948 277 2967 ²
327 2948 518 2995 Intellige
558 2949 879 2994 Ferdinandum,
909 2949 1019 2995 regis
1046 2962 1307 2986 romanorum
1333 2949 1481 2994 filium,
1510 2953 1577 2998 qui
1609 2950 1846 2987 Bohemiam
1864 2956 1869 2968 ‘¹

216 3008 488 3055 gubernabat.

266 3067 278 3086 ³
331 3066 439 3103 Vide
460 3068 657 3114 superius,
679 3082 772 3116 pag.
794 3068 875 3111 432,
897 3074 1032 3105 annot.
1053 3068 1087 3105 3.
