1910 3380
492 237 788 274 43.-C01.‹m.·x
817 237 859 273 21
893 237 1063 272 Arnim
1095 237 1181 272 1350
1536 238 1600 273 1823

26 335 304 390 reddamus,
332 350 391 379 ac
415 350 489 388 ea,
518 349 643 390 quae
668 349 756 389 per
780 333 972 378 inutiles
997 348 1171 377 seruos
1201 348 1317 377 suos
1351 333 1544 388 operari
1582 334 1643 377 di-

24 422 201 471 gnatus
226 421 299 457 est
324 411 452 468 apud
478 411 783 456 colonienses
802 409 1043 467 benignus
1062 410 1318 463 Dominus,
1342 410 1644 465 perstringa-

28 505 133 536 mus
158 489 342 546 paucis.
373 488 435 533 Et
461 496 511 532 ut
535 503 564 532 a
598 487 877 532 domesticis
912 487 1133 543 negociis
1167 486 1419 538 exordiar,
1458 502 1643 542 omncs,

24 583 131 613 cum
157 567 201 611 in
227 565 447 620 scientia,
475 574 574 609 tum
612 565 656 609 in
688 564 886 621 pietate,
925 564 1191 609 maximum
1225 579 1543 620 progressum
1578 563 1645 608 fa-

25 645 170 698 ciunt,
198 659 258 689 ac
283 642 326 687 in
352 642 647 700 quotidianis
666 641 915 688 exercitiis
934 650 1164 698 pergunt.
1189 640 1543 686 Conuictorum
1563 657 1646 686 nu-

25 737 189 769 merus
212 721 257 766 in
283 720 386 765 dies
410 731 640 777 augetur,
669 719 961 776 plurimique
986 720 1113 764 bono
1145 719 1237 764 hoc
1270 719 1425 764 nostri
1451 717 1646 774 collegii

25 799 235 856 nomine,
263 799 390 856 quod
416 797 656 842 Coloniae
682 797 990 853 diuulgatum
1016 806 1105 853 est,
1133 796 1359 853 permoti,
1388 805 1437 841 et
1460 811 1575 841 suos
1600 805 1648 840 et

25 878 231 924 aliorum
255 876 438 922 liberos
462 875 644 920 nostris
668 875 941 930 adiungere
973 883 1268 931 proponunt,
1295 873 1354 918 de
1380 889 1476 930 qua
1501 873 1647 918 etiam

26 971 78 1001 re
101 954 165 1000 M.
198 954 440 1014 Joannem
476 953 725 998 Rethlium
755 962 1113 998 conuenerunt.
1142 952 1343 997 Plurimi
1369 967 1561 1008 quoque
1586 951 1647 996 ad

25 1041 218 1079 nostras
244 1031 440 1076 scholas
465 1030 729 1086 confluunt,
769 1030 1173 1087 confluerentque
1206 1031 1388 1086 plures,
1429 1029 1517 1074 nisi
1552 1029 1648 1074 iam

26 1111 71 1157 in
96 1109 201 1155 aliis
225 1109 448 1165 collegiis
473 1123 649 1153 nomen
675 1107 937 1153 dedissent.
967 1107 1085 1153 Post
1109 1107 1294 1164 pascha
1328 1118 1510 1162 tamen,
1538 1122 1647 1151 cum

26 1187 235 1244 undique
280 1201 342 1231 ex
379 1185 656 1231 triuialibus
694 1185 817 1230 ludis
858 1185 1102 1230 literareis
1136 1185 1198 1230 ad
1233 1183 1518 1230 academias
1553 1193 1648 1229 stu-

27 1263 144 1310 diosi
169 1262 482 1319 conueniunt,
518 1277 615 1307 non
651 1262 934 1308 dubitamus
967 1277 1115 1318 quam
1149 1261 1385 1318 plurimos
1420 1271 1467 1306 et
1505 1260 1649 1306 solito

27 1341 170 1399 longe
204 1341 370 1398 plures
406 1339 467 1385 ad
502 1355 592 1384 nos
626 1348 882 1385 uenturos.
926 1338 1143 1396 Sparsus
1177 1350 1249 1385 est
1283 1338 1460 1395 quippe
1493 1339 1650 1384 bonus

27 1419 148 1465 odor
170 1417 416 1476 gymnasii
441 1417 582 1462 huius
606 1432 701 1462 non
726 1433 814 1474 per
840 1416 1100 1462 Coloniam
1126 1417 1288 1471 modo,
1316 1417 1399 1462 sed
1426 1431 1513 1473 per
1537 1415 1649 1461 uici-

27 1512 114 1542 nas
137 1504 184 1541 et
207 1495 437 1541 finitimas
461 1494 659 1556 scholas
682 1494 918 1540 triuiales.

84 1573 124 1619 2.
193 1573 266 1618 De
289 1572 581 1618 lectionibus
604 1588 700 1618 non
725 1581 799 1618 est
824 1571 951 1629 quod
982 1571 1217 1627 scribam,
1253 1587 1367 1616 nam
1403 1571 1513 1616 illae
1536 1576 1649 1627 pra-

27 1652 161 1697 xz'me
183 1655 205 1676 a
227 1650 285 1696 Oh
310 1654 537 1695 recentes
560 1650 612 1707 (?)
638 1649 656 1677 ¹³
682 1649 1073 1695 immutabuntur
1099 1649 1143 1693 in
1167 1648 1473 1706 philosophia
1506 1647 1649 1704 potis-

29 1728 214 1785 simum,
241 1727 288 1773 in
313 1743 409 1784 qua
433 1728 577 1784 plura
612 1727 806 1784 quidem
841 1727 1145 1783 legerentur,
1183 1726 1272 1771 nisi
1307 1726 1651 1783 operariorum

29 1805 228 1863 penuria
252 1805 617 1850 laboraremus.
647 1804 757 1861 Ego
782 1804 909 1850 enim
935 1805 1069 1849 solus
1093 1820 1200 1849 sum
1221 1804 1300 1860 qui
1320 1803 1465 1848 etiam
1488 1803 1651 1848 hacte—

29 1898 116 1928 nus
139 1881 373 1929 Genesim
398 1881 662 1939 explicaui,
690 1890 767 1927 sat
792 1891 975 1938 magno
1001 1881 1071 1938 (ut
1096 1898 1157 1927 ex
1183 1881 1513 1926 studiosorum
1540 1895 1651 1924 con-

33 1975 178 2006 cursu
194 1959 442 2005 coniicere
458 1958 612 2015 potui)
629 1958 911 2004 auditorum
927 1957 1102 2003 fauore
1119 1960 1149 2003 ¹.
1169 1957 1297 2003 Huic
1312 1966 1477 2002 tamen
1496 1956 1649 2007 breui,

31 2037 227 2083 fauente
250 2036 482 2093 Domino,
508 2035 650 2082 finem
677 2035 994 2093 impositurus
1019 2051 1143 2081 sum.
1181 2035 1377 2080 Verum
1412 2034 1538 2079 libro
1574 2034 1652 2078 illo

31 2113 177 2171 finito,
204 2115 266 2160 D.
294 2113 588 2171 Gropperus
621 2114 636 2138 2
667 2113 816 2159 alium
840 2129 918 2159 me
943 2113 1045 2158 uult
1069 2113 1299 2171 aggredi,
1326 2121 1377 2157 ut
1400 2112 1445 2157 in
1471 2112 1651 2156 theolo-

32 2191 143 2249 gica
166 2191 376 2238 lectione
411 2206 804 2248 perseueremus.
843 2190 940 2236 Per
977 2191 1066 2236 has
1106 2191 1232 2235 enim
1268 2190 1503 2235 lectiones
1542 2188 1655 2233 dicit

32 2269 288 2327 theologos
311 2279 563 2325 permotos
582 2268 644 2313 ad
663 2268 819 2314 simile
843 2268 955 2326 quid
974 2275 989 2295 0
1010 2267 1378 2324 praestandum,
1401 2275 1654 2321 totumque

33 2346 122 2392 hoc
145 2346 355 2392 studium
379 2345 583 2404 pristino
607 2361 697 2391 suo
721 2346 886 2403 uigori
910 2338 1282 2391 restituendum.

87 2423 130 2470 3.
194 2424 258 2470 M.
296 2423 544 2469 Henricus
577 2423 593 2448 ⁸
633 2438 841 2481 quoque,
883 2432 1085 2480 praeter
1120 2422 1346 2468 psalterii
1381 2418 1653 2466 enarratio-

34 2516 161 2560 nem,
197 2517 343 2559 quam
377 2517 569 2547 summo
604 2516 715 2546 cum
750 2501 1009 2558 applausu,
1046 2501 1356 2546 aemulorum
1391 2497 1539 2543 etiam
1572 2512 1654 2541 no-

35 2586 266 2635 strorum‚
293 2578 428 2637 facit,
466 2589 765 2636 praeterque
799 2578 1063 2624 conciones
1096 2577 1267 2623 solitas
1301 2575 1473 2620 diebus
1506 2574 1654 2619 domi-

80 2740 97 2761 ³
149 2734 293 2772 Lectio
312 2734 462 2771 dubia.
486 2734 584 2771 Non
604 2738 789 2781 apparet
808 2737 960 2771 utrum
979 2746 1041 2781 pe.
1064 2745 1122 2770 an
1142 2745 1202 2779 po.
1226 2733 1270 2768 in
1291 2742 1370 2768 ms.
1389 2731 1474 2776 legi
1490 2730 1655 2767 debeat.

35 2792 98 2821 —b
129 2793 254 2831 breui.
308 2801 370 2822 —0
414 2794 509 2831 Hoc
527 2805 565 2831 v.
587 2798 725 2840 supra
744 2805 853 2831 vers.
877 2794 1030 2831 eadem
1050 2803 1188 2829 manu
1207 2791 1428 2828 additum.

82 2937 92 2956 ¹
142 2936 249 2973 Vide
268 2936 467 2984 superius,
490 2949 583 2984 pag.
604 2937 661 2974 45.

81 2995 94 3015 ²
142 2995 215 3033 Dr.
234 2996 413 3043 Joannes
434 2996 684 3044 Gropperus.
707 2996 814 3034 Vide
834 3010 930 3044 pag.
954 2996 988 3037 2,
1011 3000 1144 3032 annot.
1170 2995 1199 3032 l.

80 3054 94 3075 ⁸
143 3055 349 3094 Henricus
369 3056 603 3104 Dionysius.
