1900 3380
507 214 864 250 {rt-*FERRARr-x.
896 214 937 249 :31
970 214 1127 249 Manili
1160 214 1250 248 mss
1579 212 1650 247 579

59 325 177 367 stus,
205 310 360 355 nostri
385 309 769 354 studiosissimus
794 319 841 355 et
865 308 1250 361 amantissimus,
1286 309 1461 353 Patres
1497 317 1698 352 nostros

59 397 350 445 rogauerat‚
389 397 439 432 ut
473 387 687 432 fratrum
723 398 1008 432 nostrorum
1044 385 1316 431 ministerio
1357 386 1530 443 ingens
1570 401 1694 430 onus

59 464 326 511 nosocomii
351 465 593 515 leuarent;
618 464 748 519 quod
772 463 868 508 iam
896 478 1069 508 recens
1094 478 1156 507 ex
1182 463 1440 507 innumera
1460 471 1692 518 aegroto-

59 559 182 598 rum,
212 541 413 586 militum
438 540 782 593 heluetiorum‚
807 540 1116 595 aliarumque
1141 539 1361 595 gentium
1387 538 1694 583 multitudine

59 627 359 665 accesserat.
398 616 523 662 Cum
558 632 683 674 ergo
717 633 779 662 ex
813 616 1042 673 hospitali
1082 616 1228 660 domo
1269 616 1367 671 (ubi
1408 616 1535 660 inter
1574 615 1689 671 alia,

58 694 326 741 teterrimis
364 694 547 739 morbis
588 694 930 739 laborantibus
975 692 1321 745 inseruierant,
1371 704 1693 748 mortuosque

58 773 303 826 lauerant‚
346 780 393 816 et
432 771 476 816 in
522 771 751 827 sepulcro
797 770 1136 825 condiderant)
1182 769 1368 814 fratres
1414 770 1690 826 rediissent,

58 849 217 905 coepit
242 834 465 893 nostrum
490 848 753 904 collegium
778 847 961 892 morbis
986 846 1094 904 illis,
1122 862 1181 891 ac
1216 845 1355 902 quasi
1392 847 1695 903 contagione

59 926 270 984 quadam
297 925 594 982 praepediri:
624 926 803 981 uixque
823 925 1186 969 conualuerant
1211 923 1239 968 ii
1264 923 1343 981 qui
1364 924 1558 979 priores
1579 923 1694 968 inci-

58 1003 233 1049 derant
258 1003 303 1047 in
328 1004 571 1053 morbum„
600 1018 710 1047 cum
737 1018 838 1050 eos.
867 1002 946 1059 qui
972 1001 1212 1046 fratribus
1238 1000 1338 1045 suis
1362 1001 1531 1045 sedule
1558 1000 1694 1045 mini-

59 1089 362 1131 strauerant,
390 1089 437 1124 et
461 1095 552 1135 pro
577 1078 763 1124 uiribus
788 1095 817 1124 a
842 1080 1017 1124 morbo
1042 1077 1131 1123 sibi
1151 1086 1410 1132 cauerant‚
1438 1076 1564 1121 idem
1585 1076 1694 1122 fere

58 1159 261 1203 morbus
285 1156 543 1212 corripuit.
572 1155 663 1201 Hic
686 1165 789 1201 tum
821 1156 902 1200 alii
938 1155 996 1200 de
1032 1155 1228 1211 integro
1263 1153 1570 1207 recidebant,
1609 1153 1690 1198 alii

57 1249 231 1279 recens
265 1234 622 1290 aegrotabant,
660 1233 739 1278 alii
777 1232 957 1278 diutius
992 1232 1240 1287 iacebant,
1278 1230 1562 1287 usqueadeo
1586 1240 1690 1276 tan—

57 1312 162 1357 dem
189 1312 281 1356 hoc
305 1310 483 1356 fuimus
508 1310 552 1355 in
580 1311 862 1367 labyrintho
887 1319 939 1354 ut
964 1326 1024 1354 ex
1050 1308 1277 1354 omnibus
1309 1308 1404 1353 duo
1440 1324 1693 1353 moreren-

57 1399 150 1439 tur.
180 1399 231 1434 ut
256 1388 471 1433 Domino
501 1388 699 1444 placuit,
727 1388 808 1432 alii
833 1387 1064 1432 diuturno
1089 1386 1332 1442 grauique
1357 1386 1532 1430 morbo
1570 1401 1692 1441 pene

57 1465 434 1512 conficerentur.
464 1465 647 1510 Paulus
667 1466 793 1510 enim
818 1465 896 1521 qui
923 1465 1170 1509 hebraeus
1194 1463 1378 1518 fuerat,
1406 1473 1453 1508 et
1490 1462 1693 1508 Franci-

57 1558 169 1588 scus
202 1542 546 1596 Ferrariensis
580 1542 915 1594 decesserunt,
959 1542 1108 1586 ambo
1153 1556 1247 1585 non
1290 1540 1535 1596 pessimae
1571 1540 1690 1596 spei,

57 1620 269 1677 neophiti
295 1620 458 1666 ambo.
484 1618 639 1676 Quies
664 1619 859 1664 illorum
885 1619 1078 1664 animis.
1116 1618 1310 1675 Reliqui
1346 1618 1441 1663 iam
1480 1617 1589 1662 Deo
1622 1617 1692 1662 fa-

57 1706 200 1742 uente
236 1696 451 1742 recreati
487 1698 866 1753 conualuerunt,
903 1712 963 1741 ac
994 1695 1212 1752 perbelle
1244 1695 1427 1740 ualent:
1455 1694 1694 1750 patientia

56 1785 221 1820 autem
241 1784 288 1820 et
314 1774 490 1819 lenitas
515 1789 600 1819 eos
625 1788 933 1830 magnopere
957 1772 1387 1818 commendarunt.
1416 1772 1592 1816 Patres
1612 1771 1692 1828 qui

57 1868 145 1898 nos
169 1862 367 1909 regunt,
395 1851 501 1897 sani
526 1867 584 1896 ac
610 1851 734 1896 salui
759 1859 1044 1905 euaserunt3
1074 1849 1203 1906 quod
1228 1865 1322 1894 non
1359 1849 1463 1895 sine
1498 1849 1693 1894 numine

56 1929 242 1975 factum
286 1938 419 1986 puto.
476 1928 676 1973 Interea
721 1943 841 1973 uero
886 1927 931 1972 in
978 1942 1235 1972 carcerem
1281 1927 1688 1982 accersebamur,

7 2011 10 2014 ’
56 2006 352 2063 praesertim
377 2008 440 2051 ab
464 2006 862 2062 aegrotantibus
891 2016 940 2049 ut
965 2003 1336 2054 confiterentur:
1364 2004 1508 2059 idque
1543 2019 1691 2060 quam

56 2083 358 2141 saepissime.

115 2161 156 2207 2.
222 2161 275 2206 In
300 2160 597 2206 nosocomiis
632 2160 768 2205 multi
803 2159 1167 2206 hortationibus
1198 2170 1484 2203 nostrorum
1516 2173 1691 2214 propo-

57 2249 258 2284 suerunt
290 2247 424 2283 recte
455 2238 643 2292 uiuere,
682 2247 730 2283 et
765 2237 883 2282 uitia
917 2237 1168 2292 deserere,
1208 2245 1326 2281 uota
1358 2245 1605 2292 prestare,
1642 2244 1691 2280 et

56 2315 215 2361 Deum
241 2332 329 2373 per
352 2315 514 2361 omnia
540 2315 783 2371 amplecti;
812 2316 1091 2370 bonumque
1116 2314 1396 2369 exemplum
1427 2312 1691 2369 probitatis

57 2393 219 2449 reipsa
244 2393 501 2449 praebent;
530 2392 639 2437 ideo
664 2401 851 2448 optant,
879 2400 1149 2447 petuntque
1174 2399 1373 2435 nostros
1407 2389 1466 2434 ad
1504 2404 1555 2434 se
1589 2404 1689 2434 ac·-

56 2471 249 2516 cedere.

113 2548 155 2592 3.
223 2546 633 2592 Confessionibus
658 2546 849 2598 Patres
878 2545 1088 2602 quanuis
1122 2545 1250 2590 intus
1280 2543 1689 2600 occupationibus

57 2636 373 2681 urgerentur,
402 2623 625 2669 sedulam
649 2623 855 2679 operam
880 2632 1144 2667 nauarunt.
1176 2621 1313 2666 Multi
1337 2620 1553 2665 confessi
1578 2632 1690 2666 sunt

56 2701 235 2757 grauia
258 2709 483 2757 peccata,
510 2716 638 2757 quae
662 2715 783 2756 prae
806 2699 996 2756 pudore
1020 2698 1203 2744 iamdiu
1228 2703 1507 2743 tacuerant.
1544 2696 1687 2754 [Sub-

44 2778 308 2835 jicz‘mztztr
329 2778 570 2835 exempla
593 2776 889 2836 quaedamst]
920 2777 1018 2822 Vni
1043 2792 1104 2821 ex
1131 2775 1364 2820 Patribus
1383 2775 1581 2820 domum
1607 2791 1687 2821 cu·

57 2855 264 2909 iusdam,
291 2855 371 2901 ubi
396 2855 691 2901 meretrices
714 2854 843 2899 forte
867 2854 1178 2906 habitabant,
1201 2852 1428 2909 profecto
1449 2852 1470 2874 a
1488 2853 1689 2899 audien-

103 3016 122 3036 ²
172 3017 307 3054 Prius
326 3016 591 3064 proficiscenti
605 3045 610 3051 .
