1900 3380
0 3040 2 3086 l

0 3090 3 3111 ι

0 3120 5 3148 ι

491 309 776 346 ‘gost—Rimari
802 309 844 346 21
875 309 1082 347 Ocmmus
1113 311 1202 347 1558
1545 312 1616 348 837

43 404 157 449 tant,
187 393 229 438 in
259 392 432 450 quibus
455 408 507 438 se
532 402 669 439 tanto
695 409 806 439 cum
832 410 1103 451 progressu
1137 404 1184 441 et
1218 395 1381 442 fructu
1406 406 1659 453 exercent,

42 481 91 518 ut
114 471 315 528 dignum
340 470 668 516 admiratione
692 471 933 518 uideatur.

95 549 137 594 3.
204 547 431 593 Nonnulli
455 548 602 592 etiam
628 549 706 605 qui
731 558 880 594 antea
904 549 1203 595 uidebantur
1227 566 1256 596 a
1280 551 1419 596 nobis
1444 552 1661 608 aliquan-

40 628 190 673 tulum
216 625 378 680 alieni,
409 626 554 671 modo
580 626 647 671 ita
672 636 869 672 nostros
894 637 1079 683 amant,
1107 637 1160 673 ut
1184 628 1438 674 domestici
1464 629 1659 675 uidean-

39 713 132 760 tur,
158 702 543 759 saepissimeque
570 704 835 749 mundandi
859 704 1008 749 animi
1039 720 1192 750 causa
1224 705 1285 750 ad
1321 721 1410 751 nos
1445 707 1658 752 ueniant.

39 781 249 837 Aegroti
275 796 395 826 uero
421 789 705 825 nostrorum
731 781 1011 826 uisitatione
1036 781 1219 839 ingenti
1246 783 1423 828 solatio
1443 784 1661 829 afficiun-

39 868 131 913 tur;
169 859 491 915 quamobrem
532 858 612 903 diu
646 867 895 915 noctuque
929 859 991 904 ad
1028 874 1114 904 eos
1148 859 1193 904 in
1229 871 1452 905 extremo
1487 861 1661 917 spiritu

39 936 370 983 subleuandos
405 945 750 993 accersuntur,
785 937 914 993 quod
945 945 1180 982 externos
1215 954 1306 982 non
1345 938 1662 984 mediocriter

40 1015 265 1070 delectat,
311 1028 424 1059 curn
470 1014 669 1059 uideant
716 1013 891 1059 Patres
936 1029 1246 1071 quacumque
1290 1015 1414 1060 hora
1458 1025 1662 1072 paratos

39 1107 159 1138 esse.
207 1090 449 1148 Quamuis
495 1100 659 1136 autem
710 1091 907 1147 aegroti
957 1091 1174 1137 habeant
1218 1092 1409 1148 aliquos
1453 1108 1660 1148 quorum

38 1169 320 1227 praesentia
354 1178 401 1214 et
433 1168 678 1225 colloquio
704 1169 924 1214 recreari
949 1169 1150 1225 possint,
1173 1184 1368 1226 semper
1392 1179 1556 1215 tamen
1580 1186 1660 1215 no-

38 1257 164 1292 stros
188 1256 470 1302 accersunt,
513 1246 643 1304 qnod
678 1261 741 1292 ex
773 1246 899 1291 miro
939 1262 1064 1303 erga
1099 1262 1188 1292 nos
1222 1247 1384 1312 studio
1418 1246 1661 1303 proficisci

39 1334 226 1370 certum
262 1332 352 1369 est.
381 1323 679 1380 Conciones,
707 1334 915 1380 excepto
940 1324 1260 1370 uacationum
1285 1334 1527 1382 tempore,
1565 1341 1661 1371 me-

38 1401 188 1447 diocri
228 1401 478 1446 hominnm
517 1416 763 1446 concursu
802 1401 1018 1458 habitae,
1060 1417 1151 1447 nec
1195 1402 1459 1448 mediocris
1496 1414 1661 1448 tamen

38 1478 144 1525 inde
167 1479 351 1525 utilitas
377 1489 631 1537 percepta3
659 1479 795 1525 multi
825 1479 953 1525 enim
988 1480 1051 1525 ad
1085 1479 1424 1526 confessiones
1448 1496 1663 1526 commo-

37 1567 230 1615 uentur,
258 1557 338 1603 alii
363 1573 484 1603 uero
518 1558 615 1603 iam
641 1558 793 1604 ueluti
817 1566 1077 1604 currentes
1102 1559 1173 1616 (ut
1197 1559 1351 1615 aiunt)
1376 1559 1659 1605 incitantur.

122 1635 311 1680 Eorum
337 1635 415 1692 qui
441 1635 487 1680 in
512 1635 719 1681 uinculis
743 1645 871 1693 sunt,
899 1637 1117 1682 maxima
1141 1652 1264 1682 cura
1288 1637 1516 1693 habetur,
1540 1653 1661 1683 sem-

30 1728 123 1770 per
147 1712 276 1759 enim
301 1729 331 1759 a
356 1713 569 1770 quodam
590 1713 740 1759 Patre
759 1713 821 1758 ad
840 1713 960 1759 uitia
979 1713 1216 1771 fugienda
1241 1723 1289 1760 et
1315 1714 1519 1760 uirtutes
1538 1730 1662 1760 sum-

38 1805 114 1835 mo
139 1790 286 1836 animi
320 1791 502 1836 ardore
533 1791 918 1849 amplectendas,
946 1792 1008 1837 ad
1032 1807 1235 1837 suorum
1269 1792 1525 1838 criminum
1550 1807 1661 1837 con-

38 1867 275 1914 fessiones
295 1877 343 1914 et
362 1868 726 1914 sanctissimum
744 1867 930 1914 Christi
947 1884 1129 1927 corpus
1146 1869 1433 1915 sumendum
1454 1870 1663 1915 excitari

38 1946 208 1991 solent.
236 1946 428 1991 Tantus
453 1955 618 1992 autem
643 1946 834 1993 fructus
858 1963 918 1993 ea
943 1947 988 1992 in
1014 1963 1068 1992 re
1092 1957 1319 2005 apparet,
1346 1956 1400 1993 vt
1424 1947 1662 2004 explicari

38 2021 180 2068 facile
211 2039 305 2068 non
337 2024 507 2080 possit,
536 2039 646 2069 cum
680 2025 807 2070 enim
842 2025 997 2071 multa
1021 2025 1116 2070 sint
1145 2026 1404 2071 obstacula
1429 2040 1554 2081 quae
1578 2040 1664 2070 eos

38 2101 294 2156 quominus
319 2100 427 2146 Deo
445 2117 497 2146 se
516 2103 730 2155 tradant,
750 2100 985 2158 impedire
1009 2102 1212 2159 possint,
1234 2102 1338 2148 fere
1358 2117 1528 2148 omnes
1551 2117 1661 2147 con-

38 2175 271 2223 fessarios
305 2186 490 2235 petunt,
518 2194 668 2235 saepe
701 2188 865 2225 tamen
900 2179 992 2225 illis
1027 2188 1231 2237 propter
1263 2179 1387 2225 alias
1411 2188 1460 2225 et
1483 2179 1663 2225 similes

39 2255 388 2312 occupationes
422 2255 653 2302 satisfieri
678 2272 772 2301 non
797 2266 974 2314 potest.
1003 2257 1154 2303 Pater
1177 2257 1257 2313 qui
1282 2272 1367 2302 eos
1392 2257 1568 2313 inuisit,
1595 2256 1663 2302 ita

39 2333 260 2380 omnibus
295 2334 473 2391 placet,
502 2344 553 2379 ut
586 2349 682 2379 non
717 2335 875 2380 solum
908 2335 1058 2380 uincti
1092 2335 1177 2380 sed
1211 2335 1360 2380 etiam
1395 2335 1531 2380 multi
1561 2335 1660 2391 alii,

38 2409 299 2467 aliquando
324 2411 416 2456 uiri
442 2411 644 2467 nobiles,
674 2411 735 2457 ad
760 2428 871 2458 eum
896 2412 1191 2458 audiendum
1227 2412 1485 2458 accedant.
1515 2411 1662 2458 Cum-

0 2506 1 2510 *
39 2502 129 2544 que
152 2488 305 2535 Pater
339 2489 553 2546 quadam
590 2490 665 2535 die
699 2491 915 2536 sermoni
940 2490 1084 2536 finem
1109 2490 1438 2547 imposuisset,
1466 2490 1661 2547 quidam

39 2580 99 2611 ex
121 2566 193 2624 iis,
220 2567 301 2624 qui
324 2567 370 2612 in
407 2567 633 2613 custodia
666 2577 827 2626 erant,
864 2568 927 2614 ad
962 2584 1074 2614 eum
1108 2568 1368 2624 accedens,
1396 2567 1517 2613 dixit
1540 2583 1592 2613 se
1617 2567 1661 2612 in

1 2678 4 2686 Δ
39 2643 139 2690 eius
162 2644 387 2691 manibus
412 2645 629 2691 animam
654 2660 795 2691 suam
819 2661 881 2691 ac
904 2646 1113 2691 salutem
1137 2645 1402 2701 collocare,
1440 2660 1500 2690 ac
1534 2644 1660 2690 dein-

0 2762 1 2765 ,
21 2723 150 2777 'ceps
173 2722 498 2778 praeteritam
523 2721 673 2768 uitam
699 2733 747 2768 et
769 2722 940 2768 solitos
964 2737 1128 2768 mores
1152 2721 1390 2767 correxit.

95 2798 138 2844 4.
205 2797 389 2844 Effecit
412 2799 562 2844 etiam
586 2799 784 2856 quidam
808 2799 960 2846 Pater
983 2798 1146 2844 diuino
1171 2798 1371 2856 auxilio,
1395 2807 1447 2844 vt
1466 2798 1662 2856 quidam

1 2910 4 2914 A
39 2876 307 2921 monachus
332 2876 410 2933 qui
435 2891 464 2921 a
488 2876 587 2922 suis
610 2876 882 2934 defecerat,
907 2876 1298 2933 vigesimumque
1322 2884 1554 2921 octauum
1578 2891 1651 2921 an-

0 2991 2 2995 ,
39 2952 272 2998 numiam
296 2953 571 3010 apostolica
605 2954 875 2999 autoritate
909 2962 1054 2999 extra
1087 2953 1376 3009 religionem
1407 2962 1661 3010 transege-

41 3037 133 3085 rat,
159 3029 339 3075 iterum
372 3031 435 3075 ad
468 3030 726 3086 pristinum
760 3030 955 3076 uiuendi
991 3038 1172 3076 statum
1209 3029 1408 3088 rediret;
1436 3030 1662 3087 idemque

41 3102 190 3151 Pater
214 3107 550 3164 praepositum
574 3108 799 3154 coenobii
835 3117 887 3153 vt
919 3123 1030 3153 eum
1055 3107 1357 3166 admitteret,
1382 3108 1663 3166 alloquutus
