1909 3328
221 239 291 275 878
680 239 903 276 LITTERAE
930 239 1290 284 QUADRIMESTRES

174 347 352 378 eornm
384 346 509 389 quos
543 334 634 378 lzoc
668 347 843 378 mense
872 339 970 389 pro
1002 338 1149 379 tanta
1174 335 1397 392 fmm'lta
1432 337 1799 383 nzactam'mzts.

173 409 312 455 Odor
337 408 547 465 optimus
572 409 712 454 huius
736 409 933 467 collegii
959 425 1053 455 non
1077 411 1237 455 solum
1263 410 1324 455 ad
1356 410 1545 456 vicinas
1575 412 1821 458 ciuitates⁴

172 485 444 542 spargitur,
484 501 658 530 verum
694 486 842 531 etiam
878 487 940 531 ad
971 486 1264 532 remotiores
1300 488 1532 544 regiones
1557 488 1802 546 peruenit,

172 572 220 607 et
244 562 540 617 haereticos,
569 572 1015 619 argentoratenses
1035 563 1143 608 dico
1167 573 1215 608 et
1239 579 1555 621 pomeranos,
1584 579 1801 622 quorum

172 639 247 683 illi
268 641 287 658 a
310 638 451 684 nobis
477 639 791 685 infensissimi
814 649 943 695 sunt,
974 650 1025 684 vt
1050 640 1068 666 b
1093 640 1187 685 hoc
1211 640 1504 686 diabolicum
1537 642 1799 698 collegium

171 725 364 760 vocent.
393 715 470 760 Ex
505 715 737 772 Augusta
771 732 964 773 quoque
999 717 1092 763 huc
1122 733 1280 773 nuper
1309 734 1429 763 vnus
1455 719 1604 772 venit,
1633 719 1711 775 qui
1735 719 1801 764 in-

171 792 371 837 dicabat
406 793 699 850 cathalogos
734 793 998 839 lectionum
1034 803 1319 839 nostrarum
1355 811 1413 840 eo
1448 795 1640 841 delatos
1674 812 1798 850 esse,

170 870 420 925 multaque
455 869 514 914 de
548 870 759 926 collegio
783 870 880 915 illic
905 869 1101 927 referri,
1128 871 1187 916 de
1212 872 1386 928 quibus
1409 882 1571 918 tamen
1597 873 1711 930 quia
1734 873 1799 918 in-

170 946 292 991 certi
332 955 494 1003 erant,
531 946 847 992 commissum
890 962 1000 993 esse
1039 948 1282 993 nonnullis
1318 958 1370 993 vt
1409 949 1689 1006 diligentius
1729 950 1800 996 rei

167 1023 434 1068 veritatem
473 1022 793 1079 inquirerent.
838 1023 1007 1069 Hodie
1042 1025 1326 1080 recepimus
1349 1025 1528 1070 literas
1563 1040 1594 1070 11
1628 1025 1693 1071 R,
1736 1026 1801 1072 P.

170 1099 400 1144 Polcmco
433 1100 659 1156 scriptas
692 1100 770 1145 20
804 1099 1138 1157 Septembris,
1181 1116 1313 1159 qnae
1347 1103 1616 1158 peculiare
1655 1102 1822 1148 aliud

171 1190 273 1221 11011
298 1176 640 1233 continebant,
667 1191 824 1234 quam
859 1177 923 1222 R.
961 1177 1022 1222 P.
1059 1177 1394 1224 Euerczrdmn
1419 1180 1802 1236 prouincialem
1855 1199 1857 1204 ’

171 1253 505 1298 constitutum
540 1267 666 1311 esse,
694 1258 741 1298 et
765 1267 886 1299 raro
921 1255 1203 1300 admodum
1244 1256 1421 1301 literas
1460 1260 1666 1301 nostras
1700 1257 1797 1302 Ro-

171 1343 314 1375 11111111
338 1331 630 1387 peruenire.
658 1330 914 1375 ,Miramur
945 1331 1034 1388 qni
1062 1332 1119 1376 id
1132 1332 1262 1389 fieri
1277 1334 1458 1389 possit,
1487 1347 1601 1378 cnm
1626 1337 1798 1378 tamen

167 1406 433 1452 mensibus
454 1408 682 1465 singulis
705 1422 769 1452 ex
792 1408 1026 1453 instituto
1049 1423 1090 1454 s.
1112 1408 1431 1454 obedientiae
1454 1410 1699 1467 quicquid
1718 1411 1800 1455 ln‘c

163 1485 369 1540 factum
408 1489 483 1530 est
515 1485 920 1542 perscribamus.
973 1485 1157 1532 Verum
1191 1487 1256 1532 R.
1299 1487 1360 1532 P.
1402 1487 1711 1532 Euerardus
1746 1502 1802 1533 se

168 1566 473 1606 curaturmn
508 1562 640 1607 dixit
673 1567 720 1607 ot
751 1565 947 1609 mutuis
983 1564 1144 1609 literis
1180 1564 1408 1609 crebrius
1426 1565 1645 1620 posthac
1663 1579 1796 1622 gau-

170 1638 404 1684 deamus.
448 1638 588 1683 Nam
623 1643 671 1684 et
703 1653 796 1684 1103
827 1641 976 1685 tarde
1015 1641 1299 1686 adrrzodzscm
1333 1655 1397 1685 ex
1444 1640 1566 1686 Vrbe
1599 1641 1818 1698 aliquid

165 1716 502 1772 percipimus.
530 1715 620 1760 His
645 1717 813 1761 valeat
846 1717 906 1762 R.
946 1717 1000 1762 Ρ.
1027 1717 1093 1762 V.
1117 1717 1196 1763 cui
1220 1733 1309 1762 nos
1334 1726 1464 1763 totos
1488 1719 1797 1763 commenda-

169 1807 293 1848 mus,
336 1803 620 1838 sanctorum
660 1802 860 1838 tuorum
904 1793 1263 1839 sacrificiorum
1304 1794 1645 1840 desiderantes
1684 1810 1806 1841 esse·

168 1869 452 1926 participes.
479 1869 564 1914 Ex
598 1870 846 1916 mandato
880 1870 987 1916 Rfli
1026 1871 1086 1916 P.
1121 1871 1400 1929 Leonczrdz'‚
1427 1872 1516 1929 qut
1547 1872 1613 1917 R.
1640 1872 1701 1918 P.
1742 1871 1806 1917 V...

160 1946 452 2002 plurz'mmrz
490 1947 778 1992 salutatum
823 1949 979 2005 cupit,
1022 1953 1075 1994 vt
1117 1953 1165 1994 et
1206 1948 1276 1994 M.
1319 1949 1597 2007 Henrz‘cets,
1639 1953 1687 1994 et
1723 1948 1792 1994 M.

158 2023 398 2080 Jocmrzes
430 2024 589 2069 Reidt
627 2038 743 2069 cum
778 2025 1015 2070 omnibus
1048 2025 1298 2071 Patribus
1316 2025 1687 2084 fratribusque
1720 2039 1794 2071 ro-

164 2102 339 2146 manis
380 2108 410 2146 ⁰.
449 2101 691 2147 Coloniae
726 2117 789 2148 ex
821 2102 1084 2159 gymnasio
1123 2118 1253 2148 nouo
1293 2102 1626 2158 Coronarum,
1665 2119 1801 2148 anno

169 2177 297 2234 1558,
323 2178 351 2223 8
373 2178 686 2224 Nouembris.

254 2254 316 2300 R.
344 2253 397 2300 P.
426 2254 494 2300 V.
521 2254 752 2311 indignus
776 2270 969 2311 seruus,

592 2348 633 2393 F
637 2362 913 2395 RANCISCUs
948 2348 1230 2405 COSTERUS,
1257 2349 1617 2395 mechliniensis
1643 2354 1671 2395 ¹.

253 2453 547 2510 Inscriptio.
590 2454 698 2500 Κ.ᾱο
735 2455 783 2500 in
823 2454 974 2501 Chro.
1011 2454 1166 2512 Patri,
1210 2455 1260 2502 P.
1296 2455 1480 2502 Iacobo
1519 2456 1804 2514 Laynezio,.

163 2529 436 2577 Societatis
460 2531 574 2577 Iesv
598 2532 883 2589 praeposito
906 2532 1146 2590 generali.
1178 2532 1386 2579 Romae.

253 2608 374 2653 Alia
399 2622 617 2655 manu...
644 2609 742 2655 R.¹³
771 2624 801 2655 a
837 2609 866 2655 5
903 2609 949 2654 di
973 2607 1163 2655 Genn.0
1190 2609 1318 2656 1559.
1345 2609 1386 2655 E
1416 2609 1787 2656 d'edificatione.

166 2684 371 2731 Emend.

209 2862 228 2882 a
277 2863 362 2910 qui.
420 2863 486 2891 —b
518 2864 619 2900 adeo
638 2869 693 2901 vt.
748 2871 810 2892 -c
842 2864 878 2902 A
898 2875 963 2902 vv.
986 2863 1118 2901 Hodie
1137 2864 1364 2911 recepimus
1383 2864 1544 2902 desunt
1562 2866 1608 2902 in
1626 2864 1679 2901 H.

211 3018 221 3038 ¹
273 3018 380 3055 Vide
400 3031 490 3065 pag.
514 3018 593 3061 185,
614 3023 754 3055 annot.
780 3019 814 3055 4.
