1910 3380
557 232 861 270 31.WC01,0N1A
887 234 934 270 23
960 234 1117 271 MARm
1147 237 1236 273 1557
1598 241 1663 276 137

85 327 279 383 gentius
313 335 479 372 rector
513 342 816 384 causamque
850 339 1214 386 perscrutatur;
1253 332 1337 376 sed
1375 348 1484 377 cum
1525 335 1708 390 optimo

83 403 245 448 animo
269 403 315 448 id
339 404 428 448 abs
448 419 500 449 se
519 405 748 449 contendi
769 406 1104 463 obseruasset,
1127 423 1220 451 non
1243 408 1387 452 modo
1408 409 1500 454 illis
1519 413 1704 467 annuit,

84 495 254 525 uerum
278 481 427 525 etiam
451 496 547 525 non
573 490 797 537 rogatus,
824 482 908 527 sed
934 492 1109 538 sponte
1140 484 1315 529 ductus
1345 487 1561 542 propria,
1599 489 1708 533 aliis

85 557 387 602 liberrimam
411 557 687 614 emigrandi
707 558 995 604 facultatem
1015 561 1207 605 obtulit.
1231 561 1402 618 Neque
1422 562 1537 607 illud
1557 565 1706 609 adrni-

83 633 184 679 rari
208 634 463 690 quisquam
490 635 649 680 debet.
679 635 808 691 Quin
832 636 926 681 hoc
957 637 1117 693 potius
1152 639 1281 694 quod
1316 639 1528 685 aliorum
1564 642 1706 687 colle-

82 711 275 767 giorum
300 721 525 757 rectores
548 728 643 757 non
668 713 729 757 ad
754 728 822 767 se,
849 714 934 758 sed
960 724 1098 760 recta
1124 715 1302 761 ciuium
1328 716 1389 761 ad
1415 733 1505 762 nos
1534 734 1705 763 consu-

82 789 274 844 lumque
299 787 422 832 filios
446 789 771 834 instituendos
792 790 1052 835 deducant.
1079 790 1264 848 Sicubi,
1292 793 1529 851 inquiunt,
1552 797 1708 850 probe

81 864 263 910 institui
288 875 505 921 possunt,
533 881 773 922 nusquam
799 867 982 912 rectius
1006 884 1152 925 quam
1178 869 1307 925 apud
1341 869 1559 923 iesuitaS‚
1599 888 1706 924 pas-

81 942 168 987 sim
193 941 320 986 enim
347 942 641 998 uulgarique
666 943 758 988 hoc
777 944 973 988 nomine
992 955 1351 1001 nuncupamur.
1375 946 1708 1003 Quemadmo-

80 1019 191 1064 dum
216 1034 338 1064 uero
362 1020 599 1075 temporis
623 1020 762 1065 uerni
786 1021 1026 1077 suauitas,
1054 1037 1113 1066 eo
1139 1023 1269 1079 quod
1294 1023 1483 1080 hyemis
1518 1028 1706 1082 magni—

79 1096 291 1141 tudinem
317 1107 666 1153 consequatur,
694 1098 889 1153 gratior
913 1114 1023 1143 esse
1057 1100 1198 1157 solet;
1236 1116 1331 1145 non
1367 1116 1511 1146 secus
1546 1104 1706 1159 profe-

79 1182 158 1218 cto
181 1173 305 1218 haec
328 1174 620 1219 iucundiora
654 1176 908 1220 narrando
943 1175 1239 1234 efficiuntur,
1276 1193 1387 1223 cum
1422 1179 1555 1224 a'eris
1590 1180 1706 1225 iniu-

79 1250 202 1295 riam
227 1260 375 1307 atque
399 1260 744 1307 tempestatem
769 1253 991 1310 coelique
1025 1256 1451 1310 perturbationem
1477 1272 1706 1303 serenum

77 1337 267 1384 tempus
290 1329 629 1374 antecesserit.
657 1329 871 1385 Quidam
892 1331 1035 1387 enim,
1058 1340 1106 1376 et
1124 1347 1348 1378 summae
1367 1334 1702 1391 authoritatis,

78 1414 124 1449 et
148 1404 322 1450 doctor
345 1405 660 1463 theologicae
695 1407 948 1453 facultatis
982 1409 1196 1454 omnium
1232 1409 1337 1455 fere
1371 1412 1572 1468 primus,
1609 1428 1705 1458 non

77 1482 220 1526 modo
254 1483 402 1527 ullam
437 1483 833 1529 beneuolentiam
868 1485 914 1529 in
949 1485 1084 1531 initio
1120 1502 1246 1543 erga
1281 1502 1370 1532 nos
1409 1488 1703 1545 declarauit‚

76 1558 159 1603 sed
189 1559 317 1603 omni
351 1575 581 1604 sermone
616 1560 997 1607 infensissimum
1031 1578 1083 1608 se
1119 1564 1279 1619 potius
1314 1563 1581 1610 Societatis
1622 1566 1703 1611 ho-

76 1644 195 1680 stem
219 1636 430 1692 aperuit.
470 1637 664 1682 Verum
698 1638 973 1684 huiusmodi
1008 1640 1259 1686 hominum
1292 1643 1464 1698 generi
1500 1659 1705 1699 prorsus

76 1721 149 1757 est
172 1712 543 1769 ignoscendum,
567 1715 695 1771 quod
718 1731 814 1761 non
839 1717 969 1761 malo
995 1718 1176 1775 animo,
1198 1719 1284 1763 sed
1306 1719 1377 1764 rei
1401 1720 1596 1765 inscitia
1615 1737 1704 1766 nos

77 1789 185 1835 odio
224 1803 571 1847 prosequatur.
615 1792 853 1839 Nesciunt
892 1794 1037 1848 enim,
1081 1805 1132 1841 ut
1172 1797 1340 1841 uerbis
1372 1798 1532 1842 sacris
1571 1807 1700 1854 utar,

77 1867 187 1924 quid
209 1867 398 1914 faciunt
423 1868 450 1925 1;
478 1870 717 1926 siquidem
741 1871 846 1916 eius
870 1872 1116 1917 amicitiae
1146 1874 1410 1929 explorata
1444 1875 1585 1931 signa
1620 1876 1703 1920 ha-

16 1982 18 1984 ,
75 1945 259 2001 bemUS‚
286 1955 334 1991 et
357 1946 506 1991 animi
531 1962 657 2004 erga
680 1963 770 1993 nos
794 1949 884 1993 sui.
913 1950 1040 1994 Nam
1064 1965 1176 1995 cum
1207 1951 1334 1996 illius
1368 1952 1600 1998 hesterno
1625 1953 1703 1998 die

75 2019 335 2068 interesset
356 2021 824 2081 frequentissimum,
852 2026 915 2070 ob
939 2028 1248 2083 quorundam
1273 2043 1476 2073 suorum
1496 2028 1691 2085 discipu-

75 2097 228 2142 lorum
258 2108 439 2155 actum,
477 2101 737 2146 celebrare
771 2102 1069 2159 conuiuium,
1106 2104 1303 2150 curauit
1336 2121 1424 2162 per
1456 2106 1701 2151 bedellum
1745 2144 1748 2147 Α

68 2176 225 2221 ‘nostri
268 2177 463 2234 collegii
502 2179 816 2234 professores
855 2181 917 2225 ad
957 2196 1009 2226 se
1051 2183 1237 2228 uocari,
1282 2182 1505 2240 Cumque
1544 2185 1701 2230 nostri

73 2262 271 2307 praesto
310 2265 490 2310 essent,
528 2256 612 2300 tali
644 2271 731 2302 eos
764 2258 872 2302 loco
898 2258 1195 2315 honestauit‚
1234 2271 1286 2306 ut
1320 2262 1562 2306 certiores
1595 2262 1701 2307 eius

74 2329 316 2376 amicitiae
340 2341 484 2377 notas
508 2333 629 2379 dare
654 2350 749 2387 non
774 2336 1003 2391 potuerit.
1041 2336 1211 2383 Taceo
1247 2338 1306 2383 de
1340 2338 1558 2384 eiusdem
1590 2354 1697 2395 pro—

73 2405 345 2454 fessoribus
368 2409 449 2465 qui
482 2410 833 2457 humanissime
866 2422 1066 2458 nostros
1099 2425 1419 2472 exceperunt,
1457 2417 1699 2473 pluraque

75 2482 143 2528 eis
166 2484 444 2531 detulerunt
469 2502 616 2544 quam
642 2488 847 2545 quisque
871 2489 916 2534 in
943 2505 996 2535 se
1020 2506 1300 2547 agnoscere
1325 2492 1458 2537 uelit.

128 2560 170 2606 3.
236 2561 288 2608 Si
312 2578 433 2609 uero
458 2565 690 2611 classium
715 2566 937 2612 ordinem
963 2568 1122 2625 exigis
1156 2570 1188 2627 2,
1225 2570 1362 2625 haec,
1400 2570 1698 2616 Reverende

73 2637 118 2682 in
141 2637 229 2684 X.⁰
252 2639 418 2697 Pater,
454 2642 652 2688 habeto.
691 2643 1037 2702 Philosophiae
1071 2647 1229 2692 lector
1262 2656 1336 2691 est
1370 2647 1558 2704 unicus;
1600 2663 1696 2693 non

72 2713 179 2760 dico
203 2718 367 2773 plures
392 2719 699 2776 desyderari‚
728 2738 837 2767 cum
863 2738 944 2768 res
978 2724 1084 2780 ipsa
1119 2725 1367 2779 loquatur.
1405 2724 1533 2770 Nam
1567 2726 1695 2771 enim

119 2859 129 2878 ¹
179 2858 294 2904 Luc,
315 2860 467 2904 ΧΧΙΠ,
489 2863 546 2900 34.

117 2919 131 2938 ²
178 2919 242 2956 De
261 2921 482 2958 studiorum
501 2923 656 2960 ratione
681 2924 720 2960 in
747 2924 967 2961 coloniensi
995 2925 1169 2971 collegio
1196 2926 1333 2972 primis
1362 2926 1422 2963 his
1447 2929 1695 2975 temporibus

71 2977 160 3015 vide
179 2979 318 3026 DUHR,
340 2981 424 3018 Die
449 2982 630 3020 c'z'ltesten
659 2983 980 3031 Studz'enplc'ine
1005 2985 1081 3021 des
1105 2984 1622 3032 sesnitengymnasz'ums
1648 2991 1695 3026 z'n

70 3036 196 3076 Kbln.
