1910 3380
517 208 792 248 lssffl‘issuna
818 211 863 247 24
895 209 1067 247 Amatis
1097 208 1185 246 1557
1561 207 1627 246 180

44 325 103 357 ac
136 306 266 355 omni
300 322 395 365 quo
430 307 678 365 potuimus
712 309 858 353 modo
892 306 1125 363 iuuando,
1163 306 1404 363 plurimas
1438 315 1670 362 egrotan-

43 389 161 435 tium
195 385 549 443 confessiones,
592 386 856 442 presertim
896 394 1077 430 exacto
1117 384 1214 429 iam
1259 393 1408 440 atque
1454 384 1671 440 presenti

43 480 226 521 mense,
263 472 311 508 et
350 462 397 508 in
432 462 743 508 senodochiis
777 472 824 507 et
861 461 1069 518 priuatis
1109 461 1333 506 domibus
1372 460 1668 515 audiuimus,

43 557 227 600 paucas
256 550 423 586 autem
454 555 628 586 eorum
664 540 743 597 qui
778 548 918 585 recta
954 539 1239 585 valetudine
1276 539 1559 594 vtebantur;
1589 538 1673 583 vix

43 619 169 666 enim
207 618 472 675 sexaginta
517 618 776 663 confessos
816 626 933 674 puto
973 617 1019 661 in
1059 626 1165 662 tota
1204 616 1298 662 hac
1337 617 1462 662 vrbe
1501 616 1673 672 elapsa

43 695 441 755 quadragesima,
481 695 653 740 vltimo
692 694 933 751 siquidem
967 694 1072 739 eius
1106 694 1183 740 die
1218 693 1397 739 milites
1436 694 1673 739 discesse-

43 782 170 820 runt.

98 851 139 897 9.
206 849 313 895 Pax
336 849 465 895 inter
489 849 681 906 aliquos
705 848 1003 894 dissidentes
1028 848 1302 905 composita
1326 857 1416 905 est,
1439 848 1674 905 precipue

43 929 167 974 inter
190 927 381 983 aliquos
406 926 485 984 qui
510 926 731 982 acceptis
754 926 866 971 hinc
887 925 1004 971 inde
1029 925 1336 983 vulneribus,
1363 925 1555 971 duobus
1591 941 1672 970 an-

40 1007 110 1051 nis
133 1005 321 1050 frustra
345 1020 433 1061 per
457 1005 637 1050 multos
660 1013 904 1050 tentatum
929 1004 1094 1050 fuerat
1118 1019 1203 1050 eos
1227 1004 1274 1049 in
1299 1004 1571 1050 amicitiam
1596 1019 1671 1049 re-

43 1097 241 1128 uocare.
268 1081 390 1128 Item
425 1081 632 1127 alterius
670 1081 750 1138 qui
786 1090 991 1138 propter
1026 1089 1237 1138 accepta
1263 1081 1473 1126 vulnera
1497 1081 1673 1127 aduer-

42 1176 123 1206 sus
146 1170 360 1216 quatuor
384 1176 472 1217 per
497 1175 654 1205 annos
685 1159 897 1217 quinque
922 1159 1201 1204 inimicitias
1226 1167 1546 1215 exercuerat,
1574 1158 1674 1204 fru-

44 1248 144 1283 stra
167 1237 387 1294 plurimis
411 1237 620 1282 dominis
644 1246 693 1282 et
716 1236 991 1294 capitaneis
1016 1235 1087 1293 (vt
1117 1236 1320 1293 uocant)
1345 1236 1454 1282 istic
1478 1236 1524 1281 in
1551 1236 1674 1282 vrbe

43 1323 186 1372 atque
220 1314 352 1372 alibi,
380 1315 494 1360 item
519 1315 597 1360 hic
622 1314 870 1371 religiosis
905 1323 954 1360 et
988 1314 1160 1359 amicis
1191 1314 1281 1360 has
1316 1314 1593 1360 inimicitias
1626 1324 1674 1360 et

42 1391 150 1438 odia
183 1408 481 1449 componere
515 1393 824 1444 conantibus;
863 1392 1102 1449 siquidem
1137 1392 1217 1449 qui
1252 1402 1521 1449 acceperat
1555 1392 1672 1438 iniu—

41 1470 179 1527 riam,
202 1469 605 1516 obfirmatissimo
630 1470 795 1516 animo
819 1471 881 1515 ad
908 1470 1194 1526 vindictam,
1218 1470 1303 1515 vix
1326 1470 1385 1515 de
1411 1485 1469 1515 ea
1490 1485 1544 1516 re
1565 1486 1672 1516 ver-

42 1548 102 1593 ba
135 1547 307 1593 audire
340 1548 640 1605 patiebatur3
677 1548 834 1593 donec
868 1548 1068 1593 tandem
1104 1547 1327 1593 auditum
1362 1558 1492 1593 esset
1521 1548 1586 1593 ab
1615 1564 1674 1594 eo

41 1640 153 1671 suos
181 1625 400 1672 inimicos
435 1626 650 1683 quodam
676 1626 722 1671 in
748 1627 859 1672 loco
884 1641 981 1671 non
1007 1627 1160 1683 longe
1196 1641 1225 1670 a
1259 1625 1407 1670 domo
1432 1640 1523 1671 sua
1547 1640 1675 1685 esse,

42 1717 193 1760 quare
226 1703 406 1749 indutis
438 1704 607 1759 armis,
645 1713 837 1761 sumpto
872 1719 1042 1750 secum
1080 1712 1345 1761 tormento,
1378 1703 1676 1761 aggreditur

40 1780 160 1837 illos,
187 1791 410 1827 armatos
444 1781 658 1839 quidem,
685 1781 772 1827 sed
807 1781 923 1827 nihil
958 1782 1059 1828 tale
1095 1781 1422 1839 suspicantes;
1459 1790 1674 1827 tormen-

41 1866 139 1904 tum
162 1858 208 1904 in
233 1875 383 1905 vnum
408 1859 619 1916 illorum,
648 1875 794 1917 quem
830 1860 991 1916 magis
1027 1875 1232 1905 exosum
1267 1859 1501 1916 habebat,
1529 1876 1674 1906 cona-

41 1943 119 1981 tur
141 1951 420 1982 exonerare
446 1943 479 1991 ²,
506 1937 593 1982 sed
616 1937 781 1993 ignem
806 1953 832 1982 e
856 1937 1017 1994 lapide
1043 1946 1281 1982 excutere
1306 1936 1490 1994 nequit,
1518 1952 1673 1994 quare

41 2012 198 2059 educit
221 2013 456 2071 gladium,
483 2014 718 2071 illumque
742 2014 973 2073 percutit,
995 2014 1082 2060 sed
1106 2014 1292 2060 nullam
1319 2013 1467 2060 infert
1489 2029 1673 2059 noxam

42 2088 172 2148 (puto
196 2092 323 2137 enim
346 2092 481 2137 illum
505 2092 711 2138 thorace
741 2092 1017 2150 munitum);
1045 2092 1240 2138 interea
1266 2092 1345 2149 qui
1370 2108 1433 2138 ex
1457 2091 1672 2137 aduerso

44 2177 184 2214 erant
220 2169 416 2228 inimici,
458 2170 552 2215 hoc
590 2169 1065 2227 animaduertentes,
1110 2169 1478 2227 aggrediuntur
1518 2169 1668 2220 illum,

41 2261 261 2303 vnusque
285 2246 493 2303 illorum,
521 2256 771 2294 tormento
806 2247 935 2304 quod
971 2247 1199 2293 manibus
1230 2249 1465 2304 gestabat
1490 2247 1536 2292 in
1561 2261 1673 2291 eum

41 2332 328 2382 exonerato,
355 2323 514 2381 ipsum
548 2324 594 2369 in
629 2325 889 2370 stomacho
927 2324 1228 2381 vulnerauit,
1256 2323 1449 2370 frustra
1474 2323 1671 2380 quibus-

41 2399 151 2445 dam
173 2400 403 2447 militibus
426 2417 538 2447 eum
564 2401 832 2447 defendere
854 2401 1169 2456 conantibus3
1198 2411 1348 2458 atque
1377 2401 1445 2446 ita
1471 2400 1672 2445 domum

41 2477 355 2525 reduxerunt.
382 2479 501 2537 Vbi,
529 2479 700 2525 adiens
735 2479 886 2533 illum,
923 2480 1127 2536 eiusque
1163 2479 1370 2525 audiens
1405 2478 1671 2523 confessio-

41 2567 164 2612 nem,
190 2555 355 2602 animo
378 2567 480 2602 tam
504 2557 662 2602 libero
696 2558 760 2602 ab
794 2557 926 2603 omni
950 2557 1344 2614 perturbatione,
1372 2555 1602 2601 inimicos
1626 2555 1672 2600 in

41 2631 302 2679 amicitiam
326 2634 530 2692 recepit,
557 2650 848 2693 pacemque,
875 2635 1084 2680 notariis
1109 2633 1494 2690 excipientibus,
1522 2632 1669 2691 dedit;

42 2717 94 2754 vt
115 2725 235 2757 vere
257 2711 405 2758 fuerit
428 2713 635 2758 mutatio
666 2713 875 2759 dextere
909 2713 1111 2771 excelsi,
1139 2728 1230 2758 nec
1254 2727 1430 2768 parum
1457 2710 1671 2757 admira-

40 2792 115 2831 tus
136 2802 242 2833 sum
267 2789 438 2835 videns
462 2789 710 2836 hominem
735 2790 883 2847 paulo
906 2799 1021 2836 ante
1045 2799 1147 2835 tam
1172 2788 1512 2846 impatientem
1550 2788 1671 2834 iniu-

39 2862 158 2921 riae,
182 2873 284 2911 tam
307 2866 538 2923 cupidum
563 2867 830 2924 vindictae,
858 2876 960 2913 tam
985 2867 1151 2911 mitem
1178 2866 1427 2922 extemplo
1458 2866 1649 2911 iactum

86 3035 104 3056 ὃ
146 3029 239 3067 Hoc
256 3042 294 3068 v.
316 3036 454 3078 supra
475 3043 651 3069 versum
673 3033 769 3069 ead.
793 3042 933 3069 mmm
