1900 3380
462 218 871 256 154.*IN‹;0LSTAD10
897 217 943 254 26
970 217 1145 255 APRILIS
1178 217 1266 254 1558
1568 216 1637 252 (³07

55 316 99 360 in
123 325 350 371 promptu
387 314 620 371 habeant,
655 314 716 359 ad
753 314 951 359 ordines
987 328 1161 358 sacros
1196 313 1476 358 admittere.
1515 312 1684 368 Itaque

55 391 145 437 Dei
181 391 492 448 prouidentia
526 392 596 437 sic
629 391 934 448 disponente,
977 391 1246 436 retinemus
1286 389 1610 448 Tarquinium
1652 392 1681 443 ¹,

56 467 118 513 M.
157 467 473 513 Wilhelmum
511 468 541 523 2,
581 466 864 513 Gerardum
900 467 1210 524 Lapidanum
1245 467 1498 524 diaconos,
1541 466 1685 522 idque

54 544 255 590 consilio
279 543 339 589 R.
369 544 422 590 P.
450 544 654 599 Canisii‚
682 545 879 591 tametsi
915 545 974 590 de
1008 544 1100 589 illis
1132 545 1216 589 4.οῐ
1240 544 1346 602 [sic]
1384 544 1399 568 ⁸
1434 558 1684 600 nunquam

0 683 6 690 .
54 622 293 668 dubitauit
332 623 490 668 bonus
529 622 805 680 episcopus,
843 623 1048 680 tulitque
1083 622 1368 679 aegerrime
1408 621 1537 679 quod
1572 630 1686 666 ante

54 700 337 757 passchales
361 699 513 746 ferias
543 716 638 745 non
674 700 1019 746 accessissent.
1063 700 1139 744 Pr.
1181 698 1411 745 Canisius
1445 699 1556 745 hinc
1595 698 1685 744 dis-

54 779 199 823 cessit
223 777 278 822 24
301 777 504 833 Aprilis.
532 777 673 823 Haec
697 788 826 835 sunt,
854 778 979 823 Rde.
1009 777 1110 833 Pr„
1138 793 1265 834 quae
1283 777 1395 821 mihi
1417 791 1684 833 properan—

53 854 85 900 ti
109 869 238 900 nunc
261 863 548 908 occurrunt,
576 856 849 900 obsecrans
876 865 926 899 vt
950 854 1078 899 Rda.
1107 853 1216 899 Pat.
1245 864 1330 899 tua
1366 854 1458 899 mei
1500 869 1686 899 memor

52 947 159 977 esse
184 932 302 977 velit
325 932 372 976 in
396 932 494 977 suis
519 932 846 978 sanctissimis
870 931 1195 977 orationibus.
1225 930 1383 988 Cupio
1409 947 1519 976 esse
1555 946 1684 976 com-

54 1008 449 1054 mendatissimus
488 1008 615 1054 Rdo.
661 1008 796 1055 Patri
836 1009 961 1054 MrO.
1010 1009 1069 1054 D.
1113 1008 1347 1064 Polanco‚
1386 1008 1688 1054 charissimis

54 1086 284 1131 Patribus
308 1102 368 1131 ac
393 1087 633 1132 fratribus
658 1086 702 1132 in
744 1086 946 1132 Christo
982 1086 1108 1132 Iesu.
1144 1087 1274 1132 Dum
1310 1087 1404 1132 huc
1439 1086 1685 1142 peruenis-

53 1178 156 1209 sem
180 1163 458 1219 scribendo,
488 1164 622 1209 venit
646 1179 709 1210 ex
733 1164 955 1210 Eistadio
980 1164 1203 1220 nuncius,
1231 1164 1394 1210 attulit
1417 1164 1530 1208 mihi
1566 1164 1685 1209 litte-

38 1255 136 1288 ,ras
158 1239 311 1286 Ionae
335 1240 396 1286 ad
428 1240 488 1285 R.
527 1240 634 1287 Pat.
673 1250 810 1286 tuam
844 1242 1073 1298 scriptas,
1111 1256 1233 1298 quas
1269 1241 1407 1287 mitto
1445 1257 1541 1286 vna
1576 1256 1687 1286 cum

54 1316 188 1374 meis,
216 1326 309 1364 etc.
340 1317 488 1363 Vale.
515 1317 808 1375 Ingolstadii
833 1318 889 1364 26
907 1318 1110 1375 Aprilis.

141 1393 299 1440 Rdae.
328 1393 437 1440 Pat.
465 1394 523 1440 T.
549 1394 779 1452 indignus
803 1394 947 1452 filius,

1225 1510 1441 1557 THoMAs
1474 1512 1506 1556 ⁴.

140 1617 429 1674 Inscriptio.
458 1622 484 1671 †
508 1617 633 1664 Rdo.
662 1618 707 1663 in
733 1619 934 1664 Christo
966 1618 1104 1664 Patri
1140 1618 1200 1664 D.
1241 1620 1303 1664 M.
1342 1619 1561 1676 Laynez,
1599 1617 1684 1663 So-

54 1694 246 1741 cietatis
269 1694 381 1741 Iesu
404 1695 595 1741 vicario
618 1696 862 1753 generali,
889 1696 1098 1742 Romae.

141 1790 261 1836 Alia
283 1804 446 1836 manu
474 1790 641 1837 1558...
669 1789 785 1836 Rta.
813 1806 842 1836 a
866 1790 920 1836 27
946 1791 991 1836 di
1017 1790 1242 1849 Maggio.

142 1867 319 1926 Sigillz‘
339 1868 636 1926 vestigium.

102 2074 110 2092 ¹
164 2072 411 2120 Tarquinius
430 2074 685 2121 Reynaldus,
702 2073 751 2110 de
766 2086 845 2121 quo
864 2074 1064 2121 superius,
1085 2087 1178 2121 pag.
1198 2074 1281 2120 576,
1303 2079 1440 2110 annot.
1461 2073 1494 2110 2.

101 2134 113 2152 ²
163 2132 398 2171 Guilelmus
415 2132 695 2180 Limburgius.

100 2193 113 2213 ⁸
164 2192 268 2231 Tres
286 2198 444 2231 tantum
463 2193 611 2231 fratres
628 2200 818 2231 numerat
836 2194 881 2231 P.
905 2194 1095 2232 Canisius
1113 2195 1154 2231 in
1174 2195 1344 2241 epistola
1363 2195 1498 2231 citata.

101 2253 114 2272 ⁴
163 2252 208 2290 P.
229 2253 407 2291 Thomas
426 2253 643 2296 Lentulus,
665 2254 830 2301 collegii
849 2259 996 2291 rector.
