1900 3380
549 224 870 261 iia—Birtomo
896 225 919 260 5
945 223 1183 260 FEBRUARH
1213 224 1303 260 1558
1624 223 1689 259 551

106 322 167 367 tis
192 323 451 366 dumtaxat
485 320 547 364 ad
582 330 1014 364 sacramentorum
1049 328 1097 363 et
1131 319 1379 375 euangelii
1415 318 1741 363 ministerium

107 399 411 444 erectionem
437 409 632 443 centum
658 407 1013 442 coronatorum
1049 395 1247 452 priuato
1284 395 1528 451 impendio
1552 411 1605 440 se
1630 411 1730 451 pro-

107 485 336 522 moturos,
355 475 524 520 testati
550 483 661 519 sunt
686 474 957 530 praeterito
983 473 1217 517 aduentu.

170 554 238 598 11.
308 553 627 598 Demiramur
662 551 846 596 Christi
880 551 998 610 Jesu
1033 550 1267 607 gratiam,
1306 566 1402 606 qua
1436 549 1740 595 Societatem

105 646 245 675 suam
285 620 513 686 prosequi
554 629 789 684 dignatur
829 628 889 673 ad
925 627 1204 673 animarum
1240 627 1423 683 passim
1457 626 1739 672 conuersio-

107 722 219 751 nem
251 706 759 761 consolationemque.
795 704 1000 750 Nobiles
1035 704 1263 760 permulti
1297 719 1412 747 mox
1449 719 1537 748 nos
1573 719 1742 748 accer-

107 792 235 836 sunt,
260 782 453 838 quoties
473 783 678 827 morbus
697 781 814 838 ipsis
833 781 1042 837 grauius
1062 780 1279 825 minatur
1298 780 1588 836 periculum.
1612 779 1742 836 Quin

107 870 155 906 et
180 860 406 905 canonici
432 860 475 904 in
502 859 659 904 sinum
697 868 918 904 nostrum
954 857 1290 903 conscientiae
1321 872 1562 901 arcanum
1597 857 1742 913 depo-

106 953 225 982 nere
250 937 487 994 gaudent.
517 936 638 981 Dns.
668 935 889 980 vicarius
923 934 1175 992 generalis
1208 934 1319 978 Rdi.
1354 934 1588 990 episcopi,
1615 933 1742 979 Bou-

106 1014 318 1070 tinellus,
346 1014 437 1059 sub
472 1013 643 1057 mortis
679 1013 822 1069 diem,
850 1012 990 1057 nobis
1023 1010 1296 1067 accersitis,
1325 1019 1496 1055 nostro
1531 1010 1741 1056 ministe-

106 1092 180 1135 rio
205 1091 536 1148 poenitentiae
562 1090 701 1134 simul
728 1099 776 1134 et
806 1089 1136 1134 eucharistiae
1171 1096 1490 1133 sacramenta
1524 1087 1744 1143 percepit

106 1185 216 1214 cum
255 1168 506 1213 vberi-ima
541 1167 810 1212 astantium
844 1166 1202 1220 consolatione,
1237 1175 1285 1210 et
1320 1164 1544 1221 perfecta
1584 1165 1656 1209 sui
1696 1164 1743 1209 in

104 1262 264 1292 meam
305 1245 448 1291 fidem
489 1245 843 1301 resignatione.
887 1244 1112 1289 Pudebat
1152 1258 1228 1287 me
1273 1258 1415 1287 meae
1459 1242 1740 1298 superbiae,

105 1325 218 1369 dum
261 1325 585 1369 obseruarem
620 1323 665 1367 in
702 1322 990 1367 venerando
1029 1336 1162 1376 sene,
1201 1336 1355 1377 prope
1396 1319 1740 1377 octogenario,

105 1409 296 1446 tantam
321 1399 643 1445 humilitatem
671 1410 716 1444 et
741 1398 1087 1443 obedientiam.
1112 1396 1201 1442 Sat
1226 1397 1327 1442 scio
1353 1397 1568 1441 animam
1593 1396 1745 1452 ipsius

106 1487 307 1524 vestrae
332 1493 456 1533 erga
481 1493 591 1522 eum
616 1476 847 1521 charitati
880 1475 1414 1521 commendatissimam
1438 1474 1564 1519 fore.
1593 1473 1744 1519 Certe

105 1556 144 1601 si
169 1555 366 1612 quando
392 1555 544 1600 vllum
566 1564 714 1611 vrget
738 1553 1010 1610 periculum
1036 1568 1151 1597 mox
1176 1552 1238 1597 ad
1265 1550 1534 1597 Societatis
1560 1550 1742 1608 praesi-

107 1633 254 1689 dium,
293 1632 481 1677 consilii
505 1631 774 1687 auxiliique
799 1631 983 1687 gratia,
1011 1639 1247 1687 tanquam
1271 1629 1333 1674 ad
1358 1630 1550 1686 asylum
1578 1644 1744 1673 recur-

105 1711 246 1767 ritur,
274 1725 369 1754 non
396 1709 540 1754 modo
565 1708 776 1765 Biliomi,
804 1708 889 1753 sed
920 1716 967 1752 et
997 1707 1040 1752 in
1078 1706 1416 1752 celeberrimis
1450 1706 1655 1751 vrbibus
1685 1720 1746 1750 ac

105 1787 322 1834 castellis
356 1786 606 1843 nobilium,
645 1785 684 1830 si
720 1785 915 1841 quando
948 1784 1105 1829 nostri
1140 1784 1282 1840 copia
1317 1783 1408 1828 illis
1444 1784 1603 1840 detur,
1632 1783 1743 1840 quin

104 1875 152 1911 et
175 1864 574 1921 frequentissime
609 1872 695 1909 aut
729 1863 840 1908 hinc
873 1863 970 1907 alio
1000 1862 1326 1919 accersimur,
1359 1871 1407 1907 et
1432 1861 1627 1906 aliunde
1651 1861 1745 1906 huc

105 1943 167 1988 ad
197 1958 287 1987 nos
321 1942 401 1987 alii
436 1942 719 1987 conuolant.
759 1939 1025 1986 Societatis
1055 1940 1208 1985 armis
1242 1939 1560 1996 spiritalibus,
1594 1937 1744 1983 sacri-

105 2018 226 2065 ficiis
250 2019 477 2064 nimirum
504 2028 654 2075 atque
679 2018 987 2063 orationibus
1011 2017 1273 2073 plurimum
1299 2016 1452 2062 fidunt
1476 2015 1669 2066 infirmi,
1697 2026 1747 2061 et

105 2097 251 2154 graui
286 2096 632 2153 impedimento
667 2095 815 2141 alicui
849 2095 1082 2151 intricati,
1111 2111 1136 2140 e
1160 2110 1256 2151 quo
1291 2094 1549 2139 commode
1580 2109 1631 2138 se
1662 2109 1743 2142 ex-

106 2174 274 2231 pedire
313 2183 575 2230 nequeunt.
615 2172 771 2228 Viget
806 2172 1014 2228 denique
1049 2187 1109 2216 ac
1143 2171 1287 2216 floret
1322 2170 1590 2216 Societatis
1624 2169 1744 2229 Jesu

105 2265 285 2297 nomen
325 2251 504 2307 vbique
543 2250 587 2294 in
614 2250 707 2313 hac
732 2264 1063 2294 aruernorum
1090 2248 1295 2305 regione
1321 2247 1579 2293 ac'vicinis
1605 2247 1740 2292 locis.

107 2327 259 2373 Certe
294 2327 457 2373 oratio
493 2327 538 2372 in
573 2327 762 2383 synodo
798 2336 1054 2383 pastorum
1090 2324 1416 2370 Claromonte
1451 2335 1560 2382 post
1592 2324 1744 2369 ferias

106 2405 221 2450 Diui
256 2405 427 2450 Lucae
462 2404 639 2449 iterum
675 2419 705 2449 a
740 2419 816 2448 me
850 2403 1036 2457 habita,
1074 2402 1490 2459 quemadmodum
1527 2417 1586 2446 ea
1617 2416 1744 2457 quae

105 2483 323 2528 secundo
349 2481 532 2527 abhinc
555 2497 684 2526 anno
709 2497 738 2526 a
762 2496 839 2526 me
863 2481 1033 2525 habita
1058 2489 1185 2533 erat;
1223 2479 1438 2524 maxime
1475 2494 1596 2523 vero
1633 2493 1744 2523 ora-

106 2560 174 2605 tio
209 2559 293 2604 illa
327 2559 532 2615 insignis
566 2574 595 2603 a
630 2557 918 2615 praeposito
954 2567 1141 2611 nostro,
1178 2556 1307 2601 Dno.
1335 2554 1577 2611 Baptista,
1605 2570 1744 2611 supe-

108 2637 226 2682 riori
267 2652 397 2681 anno
437 2636 734 2691 declamata,
772 2635 904 2679 haud
943 2635 1208 2691 vulgarem
1249 2632 1514 2679 Societatis
1555 2632 1744 2677 famam

107 2713 289 2770 sparsit
328 2713 390 2758 ad
430 2711 615 2757 Christi
658 2711 778 2771 Jesu
818 2712 1072 2756 honorem.
1121 2709 1396 2755 Doctrinae
1441 2708 1746 2754 christianae

107 2789 379 2846 praelectio
419 2788 727 2847 juuentutem
767 2788 830 2833 ad
865 2788 1061 2845 pietatis
1095 2788 1451 2832 incrementum
1489 2786 1581 2831 hoc
1615 2801 1745 2831 anno

108 2867 313 2912 multum
338 2866 603 2923 promouit3
631 2881 777 2922 quam
803 2865 1020 2910 aduentu
1044 2864 1270 2921 proxime
1293 2863 1567 2919 praeterito
1592 2863 1745 2908 Pater

108 2953 276 2990 rector
315 2943 361 2989 in
406 2943 507 2988 suis
552 2943 873 2988 concionibus
917 2941 1224 2987 auditoribus
1269 2941 1543 2986 enarrauit.
1591 2940 1745 2986 Faxit

109 3020 340 3067 Christus
365 3030 418 3066 vt
441 3020 641 3066 minima
666 3035 756 3065 sua
780 3019 1008 3065 Societas
1032 3019 1173 3064 caelo
1196 3027 1431 3075 terraque
1465 3027 1663 3064 crescat
1696 3018 1745 3064 in
