1909 3328
234 298 304 335 672
702 295 830 332 LITTE
839 305 921 331 RAE
950 294 1307 339 QUADRIMEs'rREs

190 401 412 438 nostrum
438 392 528 436 situ
539 407 581 435 m
603 400 676 436 est
699 397 716 417 ³
742 393 770 447 ¹3
796 391 1100 435 iuuentutem
1120 389 1261 434 nobis
1281 387 1542 442 commisit,
1565 395 1614 431 et
1632 385 1694 430 ad
1716 400 1821 442 per-

190 470 405 526 gendum
431 478 482 514 ut
505 467 758 524 coepimus
782 468 1024 512 hortatur.
1050 466 1120 512 Illi
1147 480 1342 523 quoque
1366 464 1445 521 qui
1477 463 1687 509 aliarum
1710 462 1821 507 bur-

191 563 360 592 sarum
384 554 514 603 sunt,
543 546 636 591 hoc
669 554 896 590 nostrum
931 544 1195 601 collegium
1230 550 1542 600 promouent,
1579 540 1674 585 huc
1708 539 1823 584 ado·
1852 557 1853 560 ¹

191 626 433 669 lescentes
458 623 725 680 adducunt,
749 631 796 667 et
820 621 1028 678 denique
1053 620 1337 678 praesentia
1361 634 1452 664 sua
1471 617 1824 674 discipulorum

191 700 578 747 declamationes
601 708 865 755 exornant,
893 698 940 743 id
959 698 1090 755 quod
1114 698 1293 742 mirum
1319 695 1584 741 admodum
1609 703 1699 739 est.
1728 693 1823 738 De-

191 780 336 836 nique
380 793 551 823 omnes
588 777 741 822 foelix
786 777 877 821 hoc
922 775 1118 832 collegii
1169 774 1442 831 auspicium
1492 772 1822 817 admirantur.

193 857 336 914 Quod
362 856 422 901 R.
450 855 504 901 P.
532 855 593 900 T.
622 854 852 912 precibus
871 853 1186 910 fratrumque
1218 852 1435 897 omnium
1471 865 1663 907 quoque
1697 864 1825 894 com-

193 933 618 980 mendatissimum
652 948 761 978 esse
795 931 1033 987 cupimus;
1071 945 1168 987 quo
1203 930 1333 986 quod
1362 927 1575 974 feliciter
1600 936 1827 983 coeptum

193 1021 283 1069 est,
319 1011 544 1060 foelicius
579 1010 642 1056 ad
677 1010 770 1055 Dei
800 1009 1014 1067 gloriam
1046 1017 1094 1053 et
1119 1006 1426 1053 Germaniae
1450 1004 1827 1050 conuersionem

193 1091 501 1147 absoluatur3
536 1100 586 1133 ut
620 1088 679 1133 de
714 1086 982 1133 coloniensi
1017 1084 1283 1131 Societatis
1317 1083 1529 1139 collegio
1564 1080 1828 1138 aliquando

194 1167 260 1213 V.
288 1167 348 1212 R.
376 1166 614 1223 gaudeat,
636 1165 774 1210 cuius
798 1179 927 1209 nunc
951 1163 998 1208 in
1017 1162 1214 1208 nomine
1238 1161 1350 1206 Iesu
1368 1160 1690 1206 fundamenta
1714 1157 1828 1203 iaci-

194 1260 301 1290 mus
324 1243 361 1289 b.
388 1244 538 1289 Vale.
567 1242 810 1288 Coloniae
835 1241 1096 1286 undecimo
1121 1240 1214 1285 cal.
1242 1238 1364 1284 Iunii
1389 1253 1518 1283 anno
1546 1236 1673 1282 1558.

282 1322 486 1368 Iubente
510 1321 570 1366 R.
600 1320 652 1365 P.
679 1319 946 1365 Leonardo
970 1317 1168 1374 scripsit
1192 1316 1420 1362 minimus
1444 1315 1512 1360 V.
1540 1315 1601 1361 R.
1623 1313 1767 1370 filius,

1096 1413 1320 1458 IOANNES
1354 1411 1584 1456 RETHIUS
1618 1410 1650 1455 ².

283 1507 576 1564 Inscriptio.
604 1510 632 1559 †
656 1506 783 1551 Rdo.
811 1505 858 1550 in
889 1504 1091 1550 Christo
1122 1502 1278 1560 Patri,
1316 1502 1446 1547 Dno.
1483 1500 1667 1546 Iacobo
1702 1500 1830 1557 Lay-
1886 1492 1889 1497 ‘

195 1586 352 1642 nezio,
383 1585 571 1631 vicario
596 1584 821 1642 generali
845 1582 1113 1628 Societatis
1134 1579 1315 1626 [ESV.
1343 1579 1553 1626 Romae.

286 1663 464 1721 Sigillz'
484 1662 783 1720 vestigium.

290 1741 509 1786 Polcmci
530 1753 709 1785 mann.
738 1738 1033 1784 Emendata.

967 1941 1065 1992 169

848 2053 1192 2115 JOSEPHUS

760 2155 911 2182 BURGIS
937 2143 985 2181 25
1010 2154 1107 2191 MAJI
1138 2143 1229 2180 1558
1254 2143 1280 2180 ³.

202 2229 234 2264 1.
258 2225 640 2272 Ingensfidelz'zmz
661 2233 900 2261 concursus
919 2222 980 2259 ad
999 2220 1394 2268 c07ffessz'ones.—›2.
1418 2220 1471 2257 In
1492 2230 1663 2256 carcere
1676 2218 1841 2256 detenti
1891 2258 1894 2261 v

275 2285 634 2324 excoluntur—3.
658 2284 786 2321 Bona
807 2283 925 2319 male
939 2285 1073 2328 parta
1094 2285 1133 2318 et
1146 2281 1249 2318 odia
1276 2283 1462 2327 antiqua
1483 2279 1629 2317 labore
1647 2279 1838 2315 Patrmn
1886 2322 1892 2325 .

274 2347 573 2383 restz‘tuzmtur
589 2348 629 2381 et
648 2344 988 2381 remittuntur—
1001 2342 1037 2378 4.
1062 2341 1288 2379 §candala
1307 2351 1477 2387 quoque
1496 2341 1838 2385 corriguntur.—

276 2406 311 2442 5.
348 2404 603 2442 Sacerdotes
633 2404 721 2440 duo
753 2401 1158 2447 z'rregularitatibzts
1189 2401 1422 2447 implicati,
1456 2400 1658 2436 concione
1689 2398 1839 2434 Patris
1892 2446 1895 2447 ⁷

275 2465 448 2508 audita,
472 2463 719 2501 remedium
738 2462 824 2499 sihi
839 2460 1162 2499 adlzihent.—6.
1185 2460 1375 2498 Fructus
1389 2471 1440 2497 ex
1455 2458 1729 2496 contionibus
1744 2461 1838 2503 per-

252 2617 269 2638 a
302 2610 444 2647 Locus
464 2611 697 2654 corruptus
717 2609 762 2644 in
783 2606 978 2652 exemplo
999 2606 1245 2642 coloniensi.
1299 2604 1366 2631 —b
1400 2605 1434 2641 A
1466 2615 1505 2641 v.
1528 2603 1719 2649 Denique
1750 2611 1835 2638 non
1888 2611 1889 2614 ¹

206 2673 313 2708 sunt
330 2671 376 2707 z‘n
395 2669 587 2706 HANSEN.

255 2818 264 2836 ¹
318 2815 452 2854 Situm
472 2818 560 2851 erat
579 2812 800 2860 collegium
819 2812 860 2848 in
878 2810 1068 2858 paroecia
1087 2809 1160 2847 Sti.
1181 2809 1303 2856 Lupi.

255 2877 268 2896 ²
319 2875 428 2912 Vide
448 2887 542 2922 pag.
562 2873 644 2917 237,
667 2876 802 2910 annot.
827 2872 861 2908 1.
1879 2903 1881 2905 ,

254 2937 266 2955 ³
318 2935 381 2971 Ex
400 2934 590 2982 originali
608 2934 649 2970 in
668 2932 806 2969 codice
826 2931 954 2977 Hz'sp.
979 2929 1046 2972 96,
1067 2928 1090 2966 2
1108 2929 1165 2972 ff„
1187 2943 1254 2970 nn,
1275 2929 1333 2972 78,
1354 2928 1413 2971 79;
1434 2928 1545 2975 prius
1563 2926 1645 2971 362,
1666 2926 1749 2963 363.
1770 2924 1842 2962 Est

208 3001 248 3032 et
266 2995 377 3031 aliud
396 2994 629 3041 exemplum
648 2992 688 3029 in
708 2992 850 3029 eodem
870 2990 1006 3027 codice
1021 2989 1060 3027 ff.
1080 2988 1246 3026 106-107.
1268 2989 1415 3026 Exstat
1429 2987 1708 3035 apographum
1722 2985 1842 3033 paulo

207 3055 452 3101 castigatum
471 3054 511 3090 in
530 3053 694 3090 archivo
713 3050 948 3093 coloniensi,
970 3049 1077 3096 quod
1103 3048 1205 3085 falso
1233 3048 1422 3085 scribitur
1447 3047 1584 3084 datum
1612 3051 1755 3083 octavo
1781 3056 1842 3081 ca-

208 3114 349 3151 lendas
367 3113 488 3162 julias
508 3112 613 3149 1558.
