1909 3328
270 203 316 239 30
713 205 933 241 LITTERAE
960 204 1314 250 QUADRIMESTRES

200 308 308 355 post
334 300 765 356 resurrectitmem,
793 317 821 345 a
850 301 1038 346 vicario
1066 311 1274 357 rogatus
1300 317 1539 357 persaepe
1565 302 1609 345 in
1643 301 1827 357 templo

200 377 415 421 inaximo
471 377 833 422 solennioribus
890 379 1059 423 diebus
1113 378 1251 423 festis
1306 379 1594 423 concionem
1640 379 1824 422 habuit.

198 493 208 499 .
225 455 360 511 lfqm‘
385 455 428 498 in
455 464 626 499 nostro
653 456 837 501 sacello
868 465 916 500 vt
941 456 1202 512 plurimum
1228 456 1400 500 diebus
1425 455 1679 500 dominicis
1714 470 1826 500 con-

200 532 437 584 cionatur,
464 533 592 588 quod
618 532 848 578 videlicet
871 533 1109 578 sacellum
1134 549 1228 578 non
1248 533 1443 578 modica
1462 532 1711 577 hominum
1732 532 1826 578 fre-

199 609 397 664 quentia
423 618 524 655 tam
549 611 689 655 verbi
714 610 823 663 Dei,
852 626 998 666 quam
1024 610 1155 655 sacri
1180 610 1490 656 auscultandi
1516 610 1699 667 gratia,
1727 625 1826 655 ma-

198 702 298 741 gna
323 702 432 731 cum
460 686 642 743 pietate
666 703 726 732 ac
752 687 1037 732 reuerentia
1062 688 1298 732 celebrat.
1322 687 1455 732 Idem
1486 688 1664 732 crebro
1699 687 1828 744 apud

200 763 437 808 moniales
462 764 624 810 multis
649 765 795 810 etiam
820 764 928 809 aliis
952 764 1299 821 praesentibus
1318 764 1661 820 concionatur,
1685 763 1827 820 idque

200 841 553 887 monasterium
584 842 684 898 ipse
718 857 842 898 pene
874 842 1008 886 solus
1043 841 1172 897 quod
1206 841 1269 885 ad
1303 840 1494 885 animas
1518 849 1727 897 spectat,
1756 855 1827 885 re-

199 918 270 973 git
292 925 308 944 ³
336 928 485 975 atque
508 919 815 976 moderatur,
845 919 1070 975 adeoque
1094 918 1170 975 pie
1195 934 1254 963 ac
1279 919 1403 963 bene
1429 917 1555 962 illius
1590 917 1829 962 moniales

198 1010 323 1051 erga
343 1011 451 1041 eum
474 997 724 1042 animatae
744 1005 871 1051 sunt,
896 1005 948 1040 vt
973 1004 1214 1052 quotquot
1233 1004 1362 1052 sunt,
1386 995 1475 1051 ipsi
1495 1010 1616 1040 suae
1636 994 1830 1040 animae

202 1073 407 1118 vulnera
442 1074 684 1129 aperiant,
723 1089 781 1118 ac
822 1073 924 1129 ipse
962 1088 1052 1129 pro
1095 1072 1219 1117 virili
1261 1072 1344 1117 illa
1381 1087 1564 1117 curare
1599 1080 1826 1117 conatur.

200 1150 538 1206 Quamobrem
569 1150 685 1195 illud
719 1150 896 1195 mirum
932 1150 975 1194 in
1012 1150 1206 1194 modum
1242 1150 1339 1194 iam
1374 1148 1704 1194 reformatum
1738 1157 1828 1205 est,

199 1227 400 1284 eiusque
427 1229 554 1273 bona
578 1227 712 1273 fama
736 1243 824 1284 per
848 1236 1006 1272 totum
1031 1227 1124 1272 hoc
1149 1227 1379 1283 oppidum
1405 1227 1705 1283 percrebuit.

255 1304 297 1350 5.
366 1303 719 1362 Superioribus
743 1304 993 1350 mensibus
1017 1304 1335 1361 promulgata
1360 1303 1450 1348 fuit
1470 1303 1679 1360 quedam
1699 1304 1832 1348 bulla

199 1381 288 1427 Sti.
322 1381 620 1435 Sebastiam,
659 1383 734 1428 cui
770 1390 994 1427 nostrum
1031 1382 1268 1438 templum
1303 1381 1519 1426 dicatum
1554 1392 1643 1439 est,
1681 1390 1831 1426 statu-

198 1468 398 1516 tumque
422 1469 523 1505 tam
547 1476 576 1505 a
600 1461 948 1516 promulgante
973 1474 1120 1515 quarn
1156 1475 1185 1504 a
1220 1459 1429 1515 vicario,
1470 1467 1520 1503 vt
1555 1459 1832 1516 quicunque

199 1538 330 1582 illam
356 1547 609 1595 caperent,
637 1538 699 1583 ad
724 1547 947 1583 nostrum
973 1538 1206 1594 templum
1234 1546 1493 1594 precatum
1518 1537 1662 1593 irent,
1699 1537 1831 1581 vnde

199 1632 294 1661 non
320 1631 494 1673 parum
521 1616 798 1661 deuotionis
823 1620 976 1674 atque
999 1615 1304 1675 affectionis
1326 1624 1500 1660 nostro
1534 1615 1719 1660 sacello
1754 1629 1832 1660 ac-

199 1693 363 1751 cessit,
391 1708 504 1738 nam
528 1708 590 1738 ex
615 1693 799 1749 templo
824 1694 1094 1751 praecipuo
1119 1692 1312 1750 egressi
1343 1692 1575 1737 continuo
1608 1701 1832 1737 nostrum

198 1771 453 1816 turmatim
478 1771 714 1828 petebant
738 1779 785 1815 et
809 1771 970 1816 adhuc
991 1779 1178 1828 petunt.

257 1848 299 1894 6.
367 1848 533 1893 Primo
559 1857 826 1904 praeterea
861 1848 935 1893 die
972 1849 1214 1893 dominico
1250 1847 1365 1893 Maii
1401 1862 1531 1892 noua
1565 1847 1830 1893 celebritas

200 1926 242 1970 in
268 1934 440 1971 nostro
465 1926 647 1981 templo
672 1925 895 1971 instituta
919 1936 1008 1980 est,
1036 1925 1265 1970 nimirum
1289 1925 1349 1970 de
1373 1924 1688 1970 sanctissima
1712 1924 1825 1981 Xpi.

199 2018 416 2048 coronae
441 2003 596 2060 spina,
619 2019 766 2059 quam
792 2019 902 2048 cum
922 2003 1030 2048 aliis
1052 2002 1269 2058 reliquiis
1294 2003 1357 2047 ab
1384 2017 1542 2046 vxore
1567 2002 1704 2047 ducis
1729 2001 1832 2047 Bis-

201 2081 360 2125 bonae
385 2081 396 2103 ¹
425 2079 618 2125 donatis
651 2080 908 2135 habemus,
936 2079 1161 2124 similiter
1196 2088 1244 2124 et
1277 2078 1450 2123 eodem
1475 2078 1552 2123 die
1576 2078 1714 2135 spina
1748 2094 1834 2135 per

200 2147 368 2202 totam*
402 2157 575 2201 vrbem
614 2157 882 2202 comitante
923 2172 1106 2213 magna
1150 2155 1400 2201 hominum
1445 2155 1748 2200 multitudine
1787 2155 1831 2200 in

199 2234 640 2291 supplicationibus
665 2233 791 2278 mira
817 2249 925 2278 cum
952 2233 1135 2290 pietate
1170 2248 1230 2278 ac
1265 2232 1506 2289 religione
1537 2232 1832 2278 circumlata

201 2321 289 2357 est.
314 2312 496 2357 Postea
520 2327 643 2357 vero
668 2311 764 2356 Res
786 2321 953 2356 rector
987 2311 1276 2356 concionem
1310 2310 1496 2366 habuit,
1524 2310 1606 2355 via
1630 2310 1832 2356 homini-

202 2391 290 2436 bus
314 2389 557 2442 conferta,
586 2405 682 2434 non
706 2390 810 2435 sine
835 2389 1095 2446 applausu.

258 2468 300 2512 7.
369 2467 445 2512 Ad
476 2468 600 2512 haec
624 2476 768 2513 sexta
794 2482 987 2523 quaque
1011 2465 1139 2512 feria
1164 2466 1210 2511 in
1235 2467 1419 2512 sacello
1454 2466 1743 2512 declaratur
1768 2464 1832 2510 di-

199 2545 398 2601 scipulis
422 2544 647 2589 doctrina
672 2543 960 2599 christiana,
983 2543 1121 2588 cuius
1145 2543 1495 2600 intelligendae
1516 2558 1670 2588 causa
1690 2557 1829 2599 prae-

201 2631 277 2666 ter
301 2621 567 2684 discipulos
602 2621 739 2666 multi
764 2621 912 2666 etiam
938 2619 1036 2676 alii,
1064 2620 1333 2676 praecipue
1369 2620 1647 2676 presbiteri,
1686 2619 1831 2665 adue-

207 2708 345 2744 munt

248 2848 265 2868 ³
310 2842 359 2878 ad
382 2847 542 2889 tempus
560 2843 680 2889 regit.

251 2962 259 2980 ¹
313 2961 524 2998 Elisabeth
545 2963 593 2999 de
611 2963 746 3009 Vega,
763 2962 876 2998 Petri
895 2961 944 2998 de
964 2961 1096 3004 Luna,
1119 2961 1230 2997 ducis
1245 2960 1444 3004 Bivonae,
1462 2973 1574 2997 uxor.
1597 2959 1704 2996 Vide
1721 2970 1833 3004 supe·
1892 2955 1893 2958 ¹

202 3020 303 3066 rius,
328 3030 424 3068 pag.
446 3022 614 3058 555-556.
