1900 3380
540 214 887 252 186.—-GRANATA
912 215 958 251 29
984 215 1177 252 AUGUSTI
1206 213 1296 250 1558
1628 210 1696 248 767

129 347 131 350 ,
196 311 490 367 Inscriptio.
517 314 543 363 †
567 309 632 354 Al
654 325 769 366 muy
793 309 920 355 Rdo.
944 326 1004 355 en
1024 309 1226 356 Christo
1246 309 1343 365 Re,
1366 308 1411 353 el
1432 307 1509 353 Re
1530 307 1593 352 D.
1616 306 1745 363 Lay-

108 405 215 446 nez,
243 388 436 434 vicario
461 387 669 445 general
693 387 753 432 de
778 388 824 432 la
845 386 1125 445 Compafn'a
1149 387 1209 433 de
1233 385 1359 432 IHS.
1388 385 1463 431 En
1488 385 1666 430 Roma.

872 665 974 716 186

762 789 1087 836 FONSECA

596 914 799 940 GRANATA
825 903 873 939 29
899 913 1079 939 AUGUSTI
1110 903 1200 938 1558
1229 903 1254 939 ⁸.

109 1008 141 1045 1.
164 1006 330 1044 Nuntio
351 1006 569 1042 electionis
589 1005 693 1041 novi
712 1005 959 1050 praepositi
977 1004 1200 1049 generalis
1230 1007 1486 1040 recreantur
1510 1002 1747 1039 sodales.—

180 1065 221 1101 2.
257 1065 517 1102 Valetudine
538 1067 808 1110 recuperata,
830 1074 982 1100 omnes
1000 1066 1096 1099 tum
1122 1062 1297 1107 studiis,
1319 1066 1415 1099 tum
1441 1063 1638 1099 maxime
1662 1063 1748 1098 vir-

179 1127 266 1162 tati
281 1137 334 1162 ac
349 1125 607 1171 regularum
626 1123 931 1160 observantiae
957 1122 1324 1159 z‘nczmzhmzt.—3.
1357 1121 1416 1158 Ol)
1445 1121 1747 1167 consessorum

179 1187 379 1231 inopiam
398 1184 698 1230 necfia'eliztm
717 1185 879 1229 copiae,
901 1193 979 1219 nec
997 1184 1043 1219 in
1064 1193 1235 1219 carcere
1252 1183 1412 1218 vinctis
1426 1182 1617 1227 satisfit.
1638 1181 1748 1218 Plu-

182 1246 288 1282 rimi
300 1244 618 1281 eucharistiam
633 1244 871 1289 accipiant.
884 1242 963 1279 -4,
981 1242 1143 1279 Doctor
1158 1242 1370 1278 Ramirez
1386 1244 1482 1278 tum
1498 1241 1632 1284 domi.
1651 1244 1748 1277 tum

181 1307 304 1341 extra
324 1303 523 1346 domam,
544 1306 640 1339 tum
659 1305 706 1339 in
725 1303 810 1338 viis
829 1305 868 1338 et
881 1302 1044 1348 plateis
1064 1312 1165 1338 cam
1184 1302 1296 1337 socio
1322 1301 1604 1337 contionatur
1620 1303 1659 1336 et
1677 1300 1748 1336 do-

181 1365 373 1400 ctrinam
393 1363 686 1399 christianam
707 1361 859 1405 tradit,
878 1372 928 1398 ex
945 1372 1033 1408 qua
1052 1372 1096 1397 re
1111 1371 1303 1406 magnus
1312 1359 1495 1405 fructus
1511 1360 1745 1405 colligitur.

183 1424 219 1460 5.
240 1423 432 1460 Labores
453 1422 503 1458 P.
526 1421 736 1458 Alvotoclo
757 1431 857 1466 erga
879 1432 1011 1457 novos
1042 1418 1410 1458 christianos—6.
1432 1419 1748 1456 Benevolentia

181 1483 502 1529 archiepiscopi
515 1483 561 1518 in
577 1481 847 1518 nostros—7.
865 1480 1111 1527 Episcopus
1124 1479 1412 1526 guadicensis
1428 1482 1596 1515 nostros
1612 1479 1748 1515 etiam

184 1543 289 1579 bene
315 1543 462 1588 diligit
483 1539 805 1588 juvatque—8.
839 1540 907 1577 De
932 1543 1189 1586 tempestate
1215 1539 1430 1576 adversas
1458 1542 1627 1575 nostros
1644 1538 1748 1585 jam

182 1603 351 1640 sedata.

125 1737 128 1740 ⁴
175 1705 213 1750 1.
281 1710 309 1758 †
348 1703 443 1749 Ihs.
488 1704 767 1749 Admodum
808 1703 936 1749 Rdo.
974 1703 1021 1748 in
1055 1701 1208 1748 Chro.
1251 1701 1404 1747 Patri.
1440 1700 1546 1746 Pax
1586 1699 1744 1757 Chri„

112 1791 207 1828 etc.
235 1782 428 1827 Nuncio
453 1781 708 1827 electionis
740 1782 808 1827 tui
834 1782 849 1806 2
872 1780 1113 1838 singulari
1137 1779 1322 1836 gaudio
1356 1779 1642 1824 consolatus
1674 1787 1749 1824 est

113 1858 358 1905 Dominus
391 1859 480 1904 hos
514 1858 830 1915 paternitatis
863 1867 979 1903 tuae
1012 1856 1153 1912 filios,
1191 1856 1267 1901 cui
1304 1856 1377 1912 (vt
1411 1871 1622 1912 aequum
1654 1855 1747 1911 est)

113 1937 177 1982 ob
200 1945 392 1982 tantum
417 1934 710 1982 beneficium
734 1935 926 1992 gratias
951 1945 1177 1991 agentes,
1200 1934 1265 1979 ab
1288 1933 1394 1990 ipso
1414 1932 1607 1978 interim
1633 1947 1748 1989 gra-

114 2014 233 2059 tiam
258 2024 305 2059 et
337 2014 549 2059 salutem
585 2013 873 2070 paternitati
906 2022 1024 2058 tuae
1060 2011 1257 2069 precari
1292 2027 1388 2056 non
1424 2010 1746 2066 cessabimus⁷

118 2100 172 2136 vt
196 2090 372 2136 maiori
396 2106 509 2136 cum
534 2091 679 2136 laude
703 2105 764 2136 ac
787 2090 862 2135 sui
885 2089 1051 2147 gloria
1073 2097 1211 2134 tanto
1235 2087 1464 2145 fungaris
1489 2086 1669 2132 officio.

173 2168 215 2214 2.
283 2168 496 2214 Aestate
531 2168 626 2213 hac
659 2168 860 2213 fuerunt
894 2184 956 2214 ex
990 2167 1174 2213 nostris
1207 2166 1385 2212 infirmi
1420 2166 1623 2222 aliquot,
1651 2179 1748 2210 me-

115 2247 210 2292 lius
243 2257 411 2292 tamen
434 2245 541 2291 fere
572 2261 744 2291 omnes
778 2261 831 2291 se
866 2245 1066 2301 habent,
1094 2244 1233 2290 cuius
1267 2243 1459 2289 ratione
1484 2242 1617 2299 (licet
1651 2258 1749 2287 non

113 2333 167 2369 vt
191 2323 357 2380 antea)
382 2339 473 2380 pro
497 2323 737 2379 cuiusque
773 2332 940 2368 tamen
975 2321 1163 2367 viribus
1198 2320 1329 2365 domi
1364 2329 1567 2365 nostrae
1593 2334 1654 2365 ac
1678 2319 1748 2364 fo-

111 2401 181 2446 ris
205 2400 459 2446 exercitiis
492 2400 649 2446 solitis
684 2409 920 2446 vacatum
955 2409 1046 2446 est.
1073 2397 1429 2454 Vnusquisque
1469 2396 1597 2442 enim
1638 2412 1751 2453 pro-

115 2478 257 2524 bitati
290 2479 455 2523 studet
487 2477 604 2523 totis
638 2477 845 2535 viribus,
883 2492 945 2522 ac
977 2476 1179 2522 fauente
1212 2474 1444 2531 Domino,
1473 2473 1668 2519 maiora
1703 2474 1750 2518 in

114 2555 219 2601 dies
255 2555 403 2601 sumit
438 2554 635 2600 virtutis
667 2554 976 2600 incrementa
1011 2565 1058 2599 et
1093 2552 1302 2599 vlterius
1337 2561 1565 2607 conatur,
1593 2551 1662 2596 ita
1697 2564 1748 2597 vt

116 2632 364 2679 desideria
389 2631 586 2677 virtutis
610 2641 659 2677 et
682 2646 839 2688 opera
863 2647 975 2677 cum
1008 2630 1331 2676 affectionum
1366 2627 1750 2673 mortificatione

111 2711 398 2766 coniuncta,
426 2710 472 2755 in
497 2709 685 2755 cunctis
720 2708 938 2754 maxime
972 2708 1170 2753 elucere
1207 2705 1488 2751 videantur.
1515 2704 1594 2750 Ad
1624 2705 1751 2751 haec

165 2917 174 2935 ¹
226 2914 290 2951 Ex
308 2912 500 2961 originali
518 2912 559 2949 in
577 2911 713 2948 codice
733 2911 863 2958 Hisp.
888 2911 955 2956 96,
975 2910 998 2946 2
1016 2909 1073 2955 ff.,
1094 2922 1161 2946 nn.
1186 2909 1264 2954 165,
1294 2908 1373 2954 166;
1395 2908 1506 2955 prius
1525 2907 1607 2945 492.

164 2975 176 2994 “²
227 2974 273 3011 P.
296 2973 450 3011 Lainez
470 2974 625 3010 electus
651 2977 712 3010 est
738 2972 779 3008 in
804 2970 1079 3018 praepositum
1107 2968 1347 3016 generalem
1373 2967 1438 3004 die
1464 2966 1488 3004 2
1509 2967 1606 3014 Julii
1632 2967 1751 3016 hujus

116 3046 231 3070 anni.
