1909 3328
255 233 324 270 862
723 234 942 273 LITTERAE
969 237 1326 282 QUADRIMESTRES

1895 282 1902 356 l

208 351 413 392 prorsus
437 336 500 381 ab
525 336 617 381 hoc
641 337 785 382 studii
817 353 1004 394 genere
1038 338 1169 385 foret
1202 339 1406 397 alienus3
1433 341 1541 397 pios
1564 342 1750 399 aliquot
1773 344 1811 390 si

208 414 305 458 mul
336 421 383 458 et
413 413 585 459 doctos
618 413 755 460 viros
788 430 938 471 super
971 415 1065 461 hac
1100 431 1154 461 re
1188 417 1434 463 consuluit
1470 433 1757 478 eorumque,
1783 422 1829 467 ni

206 490 368 547 fallor,
397 491 616 547 consilio,
642 491 855 549 Vtrique,
882 492 975 538 hoc
1008 502 1098 550 est,
1126 502 1174 539 et
1207 509 1296 540 suo
1331 504 1379 540 et
1412 505 1675 552 parentum
1709 497 1829 544 desi-

207 567 342 613 derio
377 567 439 613 ad
473 576 667 625 tempus
690 569 984 615 satisfacere
1008 570 1245 628 decreuit,
1273 571 1453 628 partim
1486 572 1675 619 scilicet
1697 574 1827 621 theo-

206 645 379 701 logicis
402 646 582 702 partim
608 662 731 692 vero
754 645 1173 704 jurisprudentiae
1198 649 1444 696 vacando.
1465 648 1733 696 Societatis
1757 651 1822 697 in-

206 732 344 768 terea
368 723 642 769 institutum
666 723 755 780 ipsi
780 724 1002 782 innotuit,
1028 725 1159 783 quod
1193 734 1242 771 et
1275 734 1537 783 tantopere
1566 727 1751 784 placuit
1774 737 1827 775 vt
1898 723 1909 755 ¹<

205 800 490 857 parentibus
525 810 573 846 et
607 816 733 859 quae
756 802 921 847 mundi
953 802 1096 848 huius
1130 812 1243 849 sunt
1278 803 1464 850 relictis
1487 805 1728 863 omnibuS,
1754 805 1830 852 hic
1899 731 1909 868 Ε

206 876 405 923 Christo
429 878 518 924 sibi
542 879 856 925 seruiendum
891 895 1000 925 esse
1034 880 1310 926 certissime
1344 881 1586 928 definiret.
1613 882 1828 940 Perpau·

204 955 274 1001 cis
298 955 450 1012 igitur
473 965 521 1001 et
544 956 601 1002 iis
625 956 819 1013 quidem
856 972 967 1003 cum
1001 957 1257 1004 doctrinae
1282 967 1384 1004 tum
1411 959 1544 1005 vitae
1575 960 1828 1017 integrita-
1907 961 1909 1011 l

204 1042 252 1079 te
275 1033 649 1090 spectatissimis
674 1034 821 1080 animi
845 1035 919 1080 sui
942 1035 1158 1081 consiliis
1183 1034 1461 1094 patefactis,
1484 1037 1548 1082 ad
1571 1051 1827 1084 romanam

206 1126 259 1156 se
283 1110 503 1168 accingit
526 1111 903 1170 profectionem,
929 1112 1218 1169 parentibus
1252 1113 1446 1169 quidem
1481 1113 1630 1171 (quod
1655 1130 1825 1161 eorum
1902 1132 1906 1163 ι

203 1203 326 1245 pace
350 1197 398 1233 et
421 1187 669 1234 arbitratu
693 1203 781 1235 suo
805 1205 857 1235 se
881 1205 1024 1246 posse
1048 1188 1342 1235 satisfacere
1376 1189 1620 1237 desiderio
1644 1191 1825 1238 diffide·
1902 1164 1909 1255 l

206 1265 299 1322 ret)
324 1265 616 1312 insalutatis.

1906 1645 1909 1686 l

1904 567 1909 588 ι

1903 589 1909 636 1¹

1906 665 1909 695 Ι

267 1342 335 1388 13.
401 1342 594 1389 Romae
618 1351 782 1389 autem
809 1359 921 1389 eum
952 1359 1005 1389 se
1040 1343 1131 1390 Dei
1164 1344 1332 1401 gratia
1365 1345 1610 1404 praebuit,
1638 1355 1691 1392 vt
1715 1346 1823 1404 piae

205 1419 475 1465 memoriae
518 1419 698 1466 Rdum.
745 1420 799 1468 P.
846 1420 908 1466 D.
951 1420 1200 1479 Olauium‚
1242 1421 1438 1479 collegii
1483 1423 1674 1468 romani
1712 1423 1824 1469 olim

204 1496 531 1554 praefectum,
559 1501 607 1542 et
628 1497 789 1543 virum
812 1504 830 1525 ³
862 1498 908 1544 in
932 1498 1284 1555 perspiciendis
1307 1499 1370 1544 ad
1394 1499 1487 1545 Dei
1510 1500 1723 1557 gloriam
1746 1517 1826 1547 no-

203 1574 318 1619 stris
352 1574 625 1620 defectibus
658 1575 840 1632 alioqui
870 1576 1277 1633 oculatissimum,
1305 1575 1494 1634 {dixisse
1517 1577 1723 1624 subinde
1745 1594 1826 1624 au-

203 1651 393 1696 dierim:
422 1651 467 1697 in
492 1651 697 1709 singulis
720 1668 845 1708 pene
869 1651 1050 1709 aliquid
1085 1652 1330 1710 desidero;
1358 1662 1409 1699 at
1439 1653 1485 1699 in
1509 1653 1604 1700 hoc
1627 1670 1724 1700 vno
1748 1654 1825 1712 (de

203 1728 254 1774 P.
283 1728 599 1774 Theodorico
634 1729 949 1787 loquebatur)
986 1729 1100 1775 nihil
1135 1730 1264 1787 quod
1299 1730 1572 1789 displiceat,
1610 1731 1821 1788 reperio.

204 1805 606 1852 perfectissimae
645 1807 955 1853 obedientiae
991 1816 1039 1853 et
1072 1807 1360 1854 humilitatis
1394 1807 1499 1853 eius
1529 1817 1682 1855 testes
1720 1824 1827 1855 esse

201 1893 405 1940 possunt
429 1893 668 1941 quotquot
702 1884 782 1929 vel
815 1884 1152 1930 tenuissimam
1186 1884 1290 1931 eius
1324 1884 1544 1931 habuere
1578 1886 1822 1933 notitiam.

202 1960 313 2017 Ego
337 1960 533 2018 quidem
558 1961 724 2007 nescio
757 1962 797 2007 si
832 1961 977 2007 vllius
1010 1962 1216 2008 alterius
1250 1972 1485 2019 quantum
1516 1962 1659 2009 huius
1683 1962 1737 2010 P.
1764 1963 1830 2010 N..

200 2037 377 2083 fuerim
401 2038 596 2084 adiutus
621 2039 867 2096 exemplo.
897 2038 960 2085 Et
985 2055 1080 2096 quo
1112 2039 1268 2085 mirae
1292 2038 1311 2066 ¹³
1336 2039 1628 2096 prudentiae
1651 2041 1756 2086 eius
1779 2050 1826 2087 et

201 2115 246 2160 in
271 2115 365 2160 hac
388 2115 652 2161 vocatione
674 2130 917 2172 perrarae
940 2115 1228 2172 diligentiae
1247 2125 1601 2173 argumentum
1625 2117 1824 2164 euidens

200 2191 458 2242 habeatur.
485 2191 730 2249 quaedam
754 2192 827 2238 hic
850 2192 956 2238 eius
978 2192 1115 2238 facta
1140 2193 1300 2239 obiter
1323 2193 1612 2239 recensebo,
1641 2193 1704 2240 Et
1727 2194 1821 2251 pri-

200 2284 331 2314 mum
366 2269 561 2326 quidem
595 2278 697 2315 tam
730 2279 842 2316 erat
875 2270 1186 2326 superiorum
1216 2285 1419 2315 suorum
1443 2279 1491 2315 et
1509 2271 1823 2327 praesertim

201 2345 622 2392 confessariorum
656 2347 950 2404 obseruans,
976 2356 1030 2392 ut
1061 2347 1311 2393 minimum
1347 2346 1432 2392 vix
1465 2347 1727 2393 verbulum
1761 2364 1822 2394 ex

200 2438 373 2469 eorum
407 2439 495 2470 ore
529 2424 634 2481 ipso
668 2424 896 2470 audiente
931 2423 1351 2481 proficisceretur,
1378 2427 1506 2481 quod
1538 2424 1656 2470 data
1679 2440 1821 2471 occa-

199 2500 335 2546 sione
368 2500 522 2547 literis
554 2517 650 2547 non
684 2502 960 2548 mandaret.
997 2501 1189 2547 Deinde
1222 2501 1432 2547 notabat
1464 2500 1660 2558 singula
1695 2518 1821 2560 quae

200 2578 418 2634 quolibet
442 2579 517 2624 die
541 2580 621 2625 vel
643 2579 690 2625 in
713 2589 885 2626 nostro
910 2579 991 2625 vel
1013 2579 1306 2637 germanico
1330 2578 1544 2635 collegio
1569 2580 1646 2625 vel
1671 2579 1717 2625 in
1742 2596 1819 2626 ae-

200 2653 340 2700 dibus
364 2655 512 2701 etiam
547 2655 751 2702 Patrum
784 2665 898 2702 acta
932 2671 1043 2702 esse
1077 2655 1305 2702 sciuisset
1330 2656 1343 2679 ¹
1370 2655 1516 2701 modo
1546 2655 1711 2714 aliqua
1745 2672 1820 2703 ra-

251 2803 268 2824 a
327 2796 578 2844 praefectum
596 2810 643 2835 ac
663 2798 844 2835 eiusdem
863 2798 903 2835 in
921 2798 1128 2845 theologia
1147 2801 1467 2845 praeceptorem,
1495 2796 1626 2834 virum
1654 2799 1818 2847 alioqui.

199 2855 266 2883 —b
302 2855 438 2894 Prius
456 2858 696 2904 stupendae.

247 2998 257 3017 ¹
309 2996 502 3044 Eiusdem
520 2998 648 3036 diaria
666 3011 738 3036 seu
757 2999 1038 3046 ephemerides
1057 2999 1254 3037 edidimus
1273 3000 1314 3037 in
1340 3001 1531 3039 Polancz‘
1558 3001 1734 3049 Compl„
1763 2999 1813 3046 ΙΙ,

199 3055 270 3093 575
286 3068 373 3104 sqq.
