1900 3380
542 249 866 287 158.—COLON1A
893 250 939 287 22
965 251 1072 298 MAJI
1104 252 1192 288 15:38
1564 252 1634 288 667

48 358 143 394 tam
182 348 416 404 exiguum
453 347 743 404 principium
769 357 958 393 tantum
983 357 1083 393 tam
1111 349 1250 394 breui
1276 360 1500 406 tempore
1525 350 1676 395 incre-

47 435 261 472 mentum
287 434 523 481 sumeret,
551 424 789 481 perficiet.
818 442 981 482 spero,
1009 426 1137 482 quod
1169 426 1292 471 bene
1324 436 1549 484 coeptum
1586 437 1675 479 θεῖ,

47 503 240 561 quando
276 511 324 548 et
355 502 766 559 quemadmodum
800 504 1110 549 Vtilissimum
1136 520 1245 549 esse
1270 505 1422 550 nouit.
1452 505 1677 551 Perficiet

45 582 226 638 utique,
249 580 406 626 hocin
424 580 571 625 dubio
592 580 805 637 positum
826 597 920 626 non
940 592 1028 637 est;
1051 581 1137 626 sed
1155 583 1350 638 quando
1371 591 1418 628 et
1434 584 1678 639 quomodo

43 675 136 705 non
175 658 416 704 nouimus.
459 658 564 703 Nos
603 674 823 715 oramus,
867 668 918 704 ut
956 659 1068 717 quid
1104 658 1209 704 fieri
1244 660 1362 705 uelit
1395 660 1588 716 doceat,
1627 670 1675 706 et

0 773 1 792 ,
44 736 169 794 quod
190 735 538 792 cognoscimus
562 744 648 780 aut
674 751 760 792 per
784 736 1026 781 internam
1053 734 1268 793 Spiritus
1292 736 1462 782 Sancti
1487 738 1671 791 unctio-

0 796 1 802 *
43 829 150 859 nem
186 822 272 858 aut
306 828 395 868 per
430 812 496 857 V.
536 812 589 858 P.
628 812 814 869 literaS,
852 829 911 858 ea
946 829 1041 858 non
1076 814 1297 871 segniter
1322 815 1615 872 exequimur
1641 823 1673 861 ³.

43 890 305 938 Generalis
345 890 509 947 aliqua
546 891 722 947 regula
757 906 903 946 quam
940 907 1225 947 sequamur,
1264 892 1340 937 hie
1375 892 1546 938 haberi
1581 909 1674 938 non

42 978 218 1027 potest;
263 969 543 1025 exemplum
585 984 780 1025 quoque
820 969 949 1025 quod
988 968 1253 1023 imitemur,
1296 985 1391 1015 non
1436 971 1673 1023 occurrit,

41 1055 307 1104 propterea
328 1046 455 1103 quod
483 1046 501 1073 b
521 1046 619 1091 alia
638 1054 713 1091 est
732 1046 861 1091 ratio
882 1045 1138 1091 ciuitatum
1160 1047 1504 1104 imperialium,
1528 1064 1673 1105 quam

41 1139 213 1169 earum
249 1139 375 1180 quae
410 1123 491 1168 uni
527 1123 672 1168 alicui
706 1123 912 1180 principi
947 1132 1138 1179 parent.
1177 1124 1230 1169 P.
1267 1124 1566 1171 Leonardus
1605 1136 1676 1172 tot

39 1202 177 1247 annis
212 1216 323 1246 cum
360 1200 725 1246 coloniensibus
759 1210 1088 1246 conuersatus
1118 1210 1209 1255 est,
1237 1211 1285 1247 θῖ
1309 1202 1479 1248 uarios
1504 1203 1676 1249 modos

5 1334 8 1338 ¹
38 1279 345 1336 excogitauit
368 1279 604 1324 fundandi
630 1278 844 1336 collegii,
871 1294 968 1335 ego
993 1279 1069 1324 hic
1092 1288 1140 1324 et
1169 1288 1316 1325 natus
1346 1289 1395 1325 et
1430 1280 1671 1327 educatus

39 1373 160 1413 sum,
198 1366 247 1402 et
282 1356 396 1401 nihil
431 1356 627 1401 mallem
664 1371 810 1412 quam
845 1355 1162 1413 magnificum
1197 1356 1396 1413 aliquod
1430 1358 1475 1402 in
1510 1359 1672 1414 patria

38 1433 316 1491 relinquere
351 1433 633 1491 collegium;
662 1445 708 1479 et
734 1443 900 1479 tamen
926 1434 969 1479 in
996 1434 1089 1479 hac
1112 1449 1267 1480 causa
1291 1436 1508 1492 quotidie
1532 1437 1672 1482 disci-

37 1528 160 1565 mus,
189 1527 279 1557 nec
305 1512 474 1557 dubito
499 1511 611 1568 quin
638 1511 765 1556 idem
791 1511 937 1557 sociis
962 1511 1083 1556 meis
1117 1513 1331 1558 eueniat.
1371 1513 1674 1571 Experimur

35 1589 129 1635 hoc
162 1589 208 1634 in
245 1590 353 1635 loco
388 1588 592 1634 feruore
617 1598 665 1634 et
688 1588 1006 1635 festinatione
1031 1605 1237 1635 causam
1262 1590 1487 1647 impediri
1514 1592 1675 1649 potius

11 1684 181 1731 *quam
207 1667 510 1724 promoueri.
539 1666 763 1712 Feruore
790 1667 1059 1724 coepimus,
1092 1668 1176 1713 sed
1212 1668 1303 1714 nisi
1337 1669 1401 1713 ab
1435 1685 1494 1715 eo
1528 1670 1671 1715 desti-

35 1754 136 1790 tum
171 1755 318 1801 esset,
358 1745 519 1790 adhuc
549 1745 593 1789 in
619 1745 830 1801 collegio
855 1761 952 1790 non
978 1760 1201 1791 essemus
1224 1753 1260 1791 ⁰.
1288 1746 1562 1793 Tentamus
1586 1748 1671 1805 igi-

35 1831 115 1868 tur
138 1822 282 1867 uaria
308 1831 358 1868 ut
382 1831 626 1880 quatenus
650 1821 757 1867 fieri
781 1832 958 1879 potest,
987 1832 1035 1867 et
1060 1823 1327 1881 collegium
1352 1823 1589 1880 firmetur,
1623 1836 1670 1871 et

35 1897 297 1945 Societatis
337 1899 713 1945 constitutiones
752 1900 1100 1946 obseruentur.
1145 1900 1291 1957 Quod
1331 1901 1370 1946 si
1410 1917 1505 1947 uno
1541 1918 1670 1948 anno

35 1975 140 2022 fieri
159 1976 341 2034 nequit,
363 1977 519 2022 satius
539 1988 770 2034 putamus
790 1977 1028 2033 paulatim
1042 1978 1285 2035 ‘progredi
1306 1994 1452 2035 quam
1473 1980 1670 2025 omnino

33 2052 143 2099 hinc
167 2054 380 2111 explodi,
409 2054 825 2110 quemadmodum
858 2064 973 2099 ante
1004 2070 1159 2100 annos
1193 2056 1381 2112 aliquot
1413 2057 1565 2102 semel
1600 2057 1669 2102 fa-

34 2142 163 2177 ctum
200 2141 289 2177 est.
327 2131 437 2176 Hac
471 2132 598 2177 enim
635 2148 778 2177 mora
812 2141 861 2178 et
889 2141 1174 2177 nostrorum
1205 2133 1461 2190 diligentia
1486 2134 1669 2180 multae

33 2209 226 2254 animae
251 2209 359 2254 Deo
379 2208 642 2265 lucrifiunt3
665 2208 982 2254 festinatione
1001 2225 1124 2255 uero
1143 2220 1191 2256 et
1211 2211 1499 2267 explosione
1519 2228 1670 2268 quan-

33 2293 133 2330 tum
158 2286 271 2331 boni
295 2285 635 2343 impediretur,
664 2286 846 2342 optime
870 2286 992 2332 sciet
1021 2287 1060 2332 is
1095 2287 1173 2344 qui
1209 2288 1399 2344 cogitat
1434 2298 1670 2345 quantum

33 2361 144 2407 boni
169 2362 215 2407 in
240 2362 466 2408 omnibus
491 2363 640 2408 etiam
671 2363 1135 2410 circumiacentibus
1166 2365 1448 2421 prouinciis,
1486 2375 1535 2411 et
1569 2382 1667 2412 ma·

31 2439 159 2485 xime
194 2440 241 2484 in
280 2439 564 2486 ciuitatibus
604 2440 881 2497 maritimis,
919 2440 965 2485 in
1002 2442 1306 2488 Sarmatiam
1346 2458 1518 2499 usque,
1561 2442 1667 2489 fieri

32 2526 194 2574 queat,
221 2517 259 2562 si
284 2517 362 2562 hic
386 2517 647 2574 egregium
674 2518 938 2574 collegium
962 2517 1229 2564 Societatis
1253 2519 1497 2576 erigatur.
1521 2519 1667 2576 Quod

31 2609 204 2639 uerum
244 2609 352 2640 esse
393 2595 469 2640 uel
503 2594 614 2640 hinc
650 2595 817 2652 liquet,
854 2596 985 2652 quod
1018 2612 1149 2642 nunc
1183 2612 1294 2641 cum
1329 2597 1529 2643 uixdum
1570 2600 1665 2643 col-

29 2671 212 2727 legium
236 2681 325 2729 est,
364 2672 450 2718 sed
483 2672 777 2730 principium
811 2682 1002 2718 tantum
1037 2674 1234 2737 aliquod
1265 2674 1416 2720 futuri
1449 2676 1663 2733 collegii,

31 2755 220 2793 tantum
259 2749 451 2794 fructus
489 2749 535 2794 in
574 2749 721 2795 uinea
759 2750 956 2796 Domini
997 2751 1259 2796 collectum
1298 2760 1389 2804 est,
1426 2764 1664 2808 quantum

75 2952 92 2972 ³
135 2946 238 2983 Loc.
261 2947 479 2993 praeced„
502 2959 529 2984 a
548 2959 616 2985 vv.
637 2948 753 2985 Deus
772 2949 839 2996 qui
859 2960 946 2986 non
974 2953 1037 2986 est
1061 2950 1106 2985 in
1136 2949 1327 2986 HANSEN.
1382 2950 1447 2977 —b
1480 2951 1666 2988 Duobus

30 3015 97 3042 vv.
115 3006 320 3052 praeced.
343 3007 532 3053 explebis
552 3009 764 3045 lacunam
783 3009 908 3055 apud
933 3009 1122 3055 HANSEN,
1145 3010 1171 3046 l.
1195 3020 1243 3052 c.,
1266 3008 1365 3046 302.
1419 3018 1483 3039 -c
1527 3011 1561 3050 Α
1595 3023 1662 3049 vv.

33 3063 77 3101 P.
99 3064 341 3103 Leonardus
359 3067 521 3104 desunt
539 3069 584 3105 in
603 3067 796 3105 HANSEN.
