1900 3380
504 218 827 256 197.—C0L0N1A
853 218 899 254 28
929 218 1192 255 SEPTEMBRIS
1222 217 1313 254 1558
1606 216 1674 253 811

84 315 311 360 habenda
334 323 408 359 est
432 314 579 371 ratio,
605 315 695 370 qni
717 327 816 358 non
842 314 1024 358 leniter
1041 312 1368 357 estimandus
1386 316 1476 368 est,
1505 311 1723 367 reliquas

86 393 265 437 bursas
290 406 602 447 superamus.
645 390 697 436 Si
732 390 961 436 nobilitas
994 399 1262 446 spectetur,
1305 399 1392 434 aut
1427 404 1722 445 superamus

85 478 172 514 aut
195 480 331 513 certe
354 474 371 495 ὃ
413 483 705 524 aequamus,
732 466 784 512 Si
811 483 931 512 vero
957 468 1015 512 de
1036 482 1229 512 morum
1248 466 1575 523 ingenuitate,
1598 465 1722 510 litte—

86 562 256 592 rarum
291 556 340 591 et
374 546 572 602 pietatis
609 561 880 601 progressu
916 561 1080 590 sermo
1115 554 1205 601 est,
1244 543 1472 601 profecto
1509 544 1659 599 longo
1698 542 1718 569 b

85 623 208 669 alios
228 624 490 668 interuallo
513 635 621 679 post
642 630 656 650 0
680 634 827 679 terga
849 622 1183 678 relinquimus,
1207 622 1335 666 hunc
1355 619 1635 677 profectum
1656 635 1719 664 ex

84 701 329 756 frequenti
355 700 716 755 communione,
744 715 835 744 ceu
860 715 923 744 ex
948 699 1115 743 radice
1136 697 1447 743 ramusculos
1471 697 1719 753 suppullu-

85 779 191 823 lare
215 776 566 833 comperimus.
594 777 675 822 Ad
694 777 820 822 hanc
840 792 995 832 usque
1012 777 1137 821 adeo
1157 776 1392 820 anhelant
1410 774 1722 830 frequenter,

85 866 136 900 ut
161 854 205 899 in
241 854 370 899 festo
404 853 679 899 natiuitatis
712 852 762 899 S.
801 854 992 898 Mariae
1028 852 1253 908 proxime
1288 853 1457 908 elapso
1492 862 1722 897 caterua-

88 932 188 985 tim,
228 947 323 976 non
359 931 464 975 sine
499 931 823 986 plurimorum
865 929 1196 974 admiratione
1237 929 1584 985 confluxerint,
1624 945 1722 974 non

86 1009 240 1053 solum
266 1023 329 1053 ex
348 1008 617 1053 mediocris
642 1008 876 1053 fortunae
901 1007 1178 1061 iuuenibus,
1206 1007 1291 1051 sed
1316 1007 1465 1051 etiam
1501 1022 1563 1050 ex
1587 1007 1721 1051 nobi-

49 1084 51 1088 ’
93 1084 309 1130 lioribus.
333 1084 701 1130 Praeteralz‘os
716 1085 872 1129 etiam
890 1084 1107 1128 accessit
1120 1082 1431 1128 nobilissimi
1446 1084 1724 1128 cm'ztsa'am

88 1162 299 1207 baronis
308 1161 461 1219 filius
484 1176 635 1218 quem
660 1162 712 1206 in
733 1160 1006 1217 collegz'mn
1029 1160 1292 1205 sollicitati
1321 1161 1588 1216 snscipffl'e
1623 1175 1726 1205 mm

82 1241 351 1295 potuimus
373 1238 432 1283 ob
451 1238 549 1283 loci
570 1238 875 1295 angustiam
900 1236 918 1263 <¹
945 1275 951 1282 .
980 1236 1117 1281 Sunt
1138 1237 1413 1294 enimfere
1440 1237 1514 1282 70
1535 1238 1626 1294 qm?
1642 1252 1725 1282 710-

87 1316 283 1361 ln‘scam
306 1316 558 1360 victitant.

144 1393 185 1439 2.
253 1392 468 1450 Quidam
494 1393 901 1450 gymnasiarcha,
929 1408 1023 1436 non
1051 1392 1335 1437 admod‘zmz
1360 1392 1405 1437 in
1433 1391 1526 1437 fide
1551 1409 1724 1449 synce-

86 1486 186 1527 rus,
214 1471 352 1516 fouet
377 1471 421 1515 in
447 1470 618 1515 schola
644 1471 856 1526 quadam
888 1469 1071 1515 triuiali
1107 1470 1214 1525 plus
1238 1469 1398 1514 minus
1433 1470 1564 1515 mille
1589 1470 1723 1526 quin-

86 1557 264 1605 gentos
287 1547 633 1593 adolescentes
658 1550 687 1591 ¹.
717 1547 762 1592 ls
786 1555 1085 1603 conquestus
1109 1558 1182 1591 est
1217 1546 1275 1603 (si
1311 1547 1506 1592 cuidam
1542 1548 1721 1604 proba-

86 1635 167 1672 tae
192 1624 303 1670 fidei
339 1625 446 1670 uiro
480 1624 600 1670 fides
626 1624 903 1670 adhibenda
927 1624 1020 1680 est)
1045 1624 1135 1669 sibi
1162 1624 1433 1670 maximam
1460 1624 1634 1670 inferri
1656 1625 1720 1670 ia-

89 1713 302 1757 cturam,
336 1704 465 1760 quod
500 1702 829 1748 celeberrima
852 1701 1008 1747 nostri
1034 1702 1234 1758 collegii
1262 1702 1400 1746 fama
1425 1702 1723 1759 quampluri-

0 1789 3 1817 ³
35 1803 39 1807 ’
90 1796 196 1826 mos
235 1781 501 1837 discipulos
531 1780 595 1825 ab
631 1779 758 1825 illius
794 1780 964 1824 schola
999 1788 1177 1824 euocet
1212 1794 1272 1824 ac
1308 1779 1526 1825 abducat
1560 1779 1606 1824 in
1642 1796 1727 1825 no-

86 1870 241 1903 strum
273 1858 573 1914 conuictum,
601 1867 686 1902 aut
710 1858 886 1902 saltem
912 1858 1002 1902 sub
1034 1865 1257 1902 nostram
1293 1857 1619 1913 disciplinam.
1647 1857 1720 1902 In-

86 1936 321 1982 credibile
340 1937 474 1981 dictu
493 1945 730 1991 quantam
751 1951 879 1980 nunc
898 1934 977 1980 ille
997 1944 1148 1980 nauet
1167 1950 1374 1991 operam
1396 1944 1447 1980 ut
1465 1950 1583 1980 suos
1606 1950 1718 1980 con-

85 2023 268 2069 seruet,
297 2013 477 2070 partim
502 2027 592 2068 per
617 2022 972 2068 praeceptores
998 2026 1121 2068 quos
1144 2011 1236 2056 sibi
1266 2011 1592 2069 vndecunque
1617 2021 1722 2068 pot-

87 2099 162 2135 est
195 2089 411 2135 accersit
451 2088 781 2145 doctissimOS,
822 2088 1003 2145 partim
1044 2088 1190 2133 solito
1230 2088 1407 2133 maiori
1447 2088 1720 2146 diligentia,

87 2152 182 2223 qua
214 2173 229 2193 e
252 2165 750 2223 legesscholasticas
785 2175 1012 2220 renouat,
1043 2164 1328 2221 praefectos
1368 2165 1599 2210 iuuenum
1635 2181 1726 2222 per

88 2243 260 2289 domos
295 2244 478 2289 ciuium
513 2242 767 2288 constituit
801 2254 850 2288 ut
886 2243 1169 2300 perdendae
1209 2242 1451 2288 iuuentuti
1496 2252 1641 2288 vacet
1675 2253 1724 2289 et

87 2320 186 2365 suis
210 2321 462 2366 crumenis
480 2320 724 2365 consulat.
748 2319 1018 2366 Caeterum
1040 2330 1230 2365 tantum
1251 2320 1392 2365 abest
1411 2329 1463 2365 ut
1483 2334 1724 2377 sparsum

87 2397 146 2442 de
171 2398 312 2443 nobis
335 2411 601 2443 rumorem
633 2396 644 2423 f
668 2401 761 2442 aut
782 2398 1058 2443 obscurare
1091 2401 1184 2442 aut
1212 2397 1370 2442 etiam
1403 2397 1722 2453 labefactare

87 2484 251 2531 queat,
279 2484 331 2520 ut
361 2475 511 2520 etiam
546 2490 642 2519 non
667 2474 984 2519 mediocriter
1009 2475 1235 2519 illustret.
1275 2473 1402 2519 Nam
1427 2474 1554 2520 illius
1577 2489 1718 2531 prae-

84 2551 263 2608 stigiae
288 2566 348 2597 ac
380 2551 771 2611 sycophantiae,
798 2552 973 2608 quibus
992 2552 1222 2597 incautos
1246 2551 1595 2597 adolescentes
1618 2551 1724 2598 illa-

84 2644 271 2686 queare
295 2644 356 2674 ac
379 2628 577 2673 irretire
602 2628 869 2685 contendit,
897 2628 1024 2674 adeo
1058 2628 1379 2673 innotuerunt
1403 2637 1454 2673 ut
1489 2628 1722 2674 catholici

132 2778 150 2798 a
183 2776 295 2808 recte
315 2771 373 2808 H.
422 2771 488 2798 —b
522 2772 645 2817 longe
664 2770 718 2808 H.
775 2778 836 2798 -c
873 2771 922 2818 p9
954 2782 1034 2808 ms.
1096 2770 1155 2796 —d
1190 2771 1223 2806 Α
1255 2781 1322 2806 vv.
1358 2769 1426 2806 Ad
1456 2770 1561 2807 hanc
1588 2783 1721 2817 usque

85 2834 250 2873 desunt
267 2837 313 2873 in
332 2835 385 2873 H.
440 2843 503 2862 -e
523 2848 645 2882 quam
664 2834 721 2872 H.
780 2836 836 2862 -f
874 2848 1056 2883 sparsam
1141 2834 1303 2875 famam.

0 3009 5 3020 ἢ
133 2967 144 2986 ¹
194 2966 252 3004 Ut
270 2971 438 3003 annotat
457 2965 647 3010 HANSEN,
670 2966 744 3002 loc.
766 2966 848 3010 cit.,
878 2966 1015 3012 agitur
1042 2966 1090 3001 de
1121 2964 1343 3010 Monheim,
1374 2965 1602 3012 professore
1633 2967 1726 3003 dus-

0 3020 6 3078 :
57 3025 365 3073 .seldorpiensi.
