1910 3380
540 208 799 244 41.--PRA‹;A
828 207 874 243 20
900 207 1075 243 APRILIS
1106 207 1193 242 1557
1569 207 1634 242 1713

52 307 188 365 ptati.
215 306 347 351 Dum
373 306 575 362 Pragae
600 313 976 349 commorantur
1001 319 1090 348 rex
1116 318 1459 356 romanorum,
1482 318 1570 347 rex
1596 303 1681 346 130-

51 384 241 430 hemiae
266 385 277 407 ¹
305 392 352 428 et
377 398 466 428 rex
490 382 800 438 Hungariae,
828 380 1013 426 factum
1050 389 1139 431 est,
1178 389 1230 425 ut
1264 389 1311 424 et
1347 380 1448 435 ipse
1485 380 1680 434 legatus

52 471 257 507 venetus
281 461 296 484 2
321 460 398 505 hic
422 459 634 509 adesset:
662 468 810 515 atque
836 458 902 502 ita
928 457 1139 513 primum
1165 457 1390 512 gauisus,
1418 457 1542 513 quod
1571 473 1682 512 quo-

52 538 165 583 tidie
190 546 357 593 posset
382 536 529 581 etiam
555 535 756 591 Pragae
781 535 825 579 in
862 534 1021 579 medio
1057 534 1273 579 ciuitatis
1309 534 1494 578 habere
1531 533 1682 589 quoti-

53 615 127 660 die
152 623 364 670 quatuor
389 621 474 658 aut
498 613 665 668 plures
696 612 888 665 missaS,
926 620 973 656 et
1008 611 1250 656 ecclesiae
1284 618 1602 655 sacramenta
1637 618 1684 654 et

54 692 256 748 reliqua,
284 706 378 735 non
404 706 547 735 secus
574 705 719 745 quam
745 689 782 733 si
810 688 855 733 in
881 689 1001 733 orbe
1028 689 1171 745 plane
1196 688 1465 733 christiano
1491 687 1679 742 fuissem

53 769 249 815 tandem
274 783 386 813 cum
411 776 514 813 toto
539 782 628 812 suo
655 766 891 812 comitatu
918 775 1089 811 nostro
1115 765 1252 810 Patri
1273 766 1287 787 ³⁷²
1313 764 1571 810 confessus
1590 773 1679 818 est,

54 856 202 902 atque
227 845 409 891 Christi
435 860 618 901 corpus
642 844 1043 889 communicauit.

109 924 151 970 3.
218 922 410 979 Tertio,
432 922 559 967 idem
581 921 1112 978 perfecitsecretarius
1134 920 1269 977 regis
1287 922 1303 944 ⁴
1323 936 1434 965 cum
1455 936 1614 965 uxore
1635 929 1682 965 et

52 1000 248 1046 famulis
288 1011 333 1045 et
368 999 558 1056 reliqua
593 998 794 1044 familia.
834 997 970 1043 Multi
1006 997 1213 1054 denique
1247 998 1434 1043 nobiles
1469 1014 1531 1042 ex
1568 998 1683 1043 aula

54 1077 202 1134 regis,
240 1076 447 1134 hispani,
486 1075 604 1128 itali,
642 1075 776 1132 galli,
813 1074 1005 1131 flandri,
1043 1075 1287 1129 germani.
1325 1074 1459 1119 Inter
1483 1090 1680 1131 germa-

54 1171 142 1201 nos
165 1166 329 1200 autem
356 1153 599 1210 quaedam
626 1152 800 1197 nobilis
825 1161 1072 1208 matrona,
1100 1167 1245 1209 quae,
1273 1168 1384 1197 cum
1411 1151 1567 1197 tribus
1599 1167 1680 1197 an-

54 1232 126 1278 nis
150 1247 239 1277 usa
263 1241 393 1277 esset
416 1231 647 1277 conuictu
672 1230 917 1277 lutherani
948 1230 1124 1286 perditi
1159 1230 1413 1275 cuiusdam
1451 1229 1681 1275 conuictu

59 1308 179 1367 [sz'c],
206 1318 370 1354 tamen
395 1309 467 1354 his
492 1308 679 1365 diebus,
706 1308 903 1353 omnino
927 1306 1222 1352 confirmata
1248 1307 1293 1351 in
1320 1306 1412 1352 fide
1438 1307 1684 1352 catholica

55 1403 84 1433 a
106 1387 308 1432 doctore
333 1387 547 1443 quodam
573 1386 793 1442 hispano,
822 1385 1011 1430 decano
1037 1385 1291 1429 viennensi
1316 1385 1348 1442 Γ),
1376 1385 1437 1429 ad
1462 1400 1551 1429 nos
1571 1400 1683 1429 con-

56 1465 266 1517 fessura,
293 1474 442 1521 atque
467 1464 654 1519 melius,
682 1464 720 1508 si
745 1479 867 1520 opus
891 1472 1037 1521 esset,
1066 1463 1369 1518 instruenda,
1411 1462 1559 1507 missa
1590 1471 1682 1507 est:

58 1557 201 1599 quam
241 1551 288 1587 et
327 1541 633 1598 repperimus
673 1552 857 1598 aptam,
900 1556 1028 1597 quae
1068 1539 1235 1586 statim
1276 1539 1683 1596 communicaret3

58 1619 184 1677 quod
209 1629 256 1664 et
280 1618 396 1664 fecit
430 1634 541 1664 cum
576 1618 793 1663 maximo
829 1617 1061 1663 nobilium
1097 1618 1337 1673 uirorum,
1373 1617 1549 1674 quibus
1584 1617 1687 1662 eius

58 1697 189 1743 salus
212 1712 365 1742 curae
390 1705 515 1753 erat,
553 1696 752 1753 gaudio.
778 1695 943 1753 Atque
978 1695 1046 1740 sic
1082 1704 1156 1740 est
1192 1694 1450 1740 Ecclesiae
1485 1694 1687 1739 catholi-

60 1789 148 1820 cae
172 1774 284 1828 iam,
312 1783 360 1819 et
382 1773 783 1819 xianissimorum
811 1773 914 1829 [sic]
943 1771 1189 1818 conuictui
1224 1771 1474 1817 restituta.

114 1852 157 1897 4.
221 1851 554 1896 Bohemorum
580 1850 775 1907 quidem
799 1860 846 1895 et
870 1850 1146 1895 incolarum
1169 1849 1496 1906 pragensium
1522 1848 1685 1905 pauci,

60 1928 143 1974 sed
166 1928 293 1974 inter
317 1944 402 1974 eos
425 1928 658 1985 nonnulli,
687 1928 782 1985 qui,
809 1928 924 1973 dum
948 1928 1187 1973 hactenus
1211 1928 1302 1973 sub
1336 1936 1549 1983 utraque
1585 1942 1689 1983 spe-

59 2006 132 2051 cie
169 2005 419 2060 Christum
458 2006 656 2063 uellent,
699 2021 827 2050 nunc
867 2005 928 2050 ad
962 2005 1355 2050 communionem
1396 2004 1687 2050 christiano-

62 2098 184 2139 rum,
201 2083 396 2128 'scilicet
420 2084 509 2128 sub
534 2099 647 2139 una,
671 2082 940 2139 redierunt3
969 2098 1090 2138 quos
1115 2081 1268 2127 Pater
1292 2081 1542 2127 Henricus
1570 2082 1584 2104 ‘³
1610 2097 1691 2126 au-

62 2160 178 2205 diuit
200 2160 487 2217 germanice
511 2159 816 2206 confitentes.
856 2158 1043 2216 [Locus
1077 2160 1139 2204 de
1172 2159 1528 2216 poenitentia]
1565 2158 1691 2204 Con-

61 2237 176 2284 fessi
199 2238 243 2283 in
268 2254 461 2284 summa
484 2238 686 2284 [uerunt
708 2238 936 2294 trecenti,
964 2238 1071 2294 plus
1095 2237 1273 2282 minus.

118 2314 160 2360 5.
225 2315 443 2361 Fructus
473 2324 639 2362 autem
674 2315 780 2372 quis
814 2314 964 2361 fuerit
987 2314 1099 2360 hinc
1123 2315 1328 2371 intelligi
1354 2323 1534 2371 potest,
1563 2313 1691 2369 quod

62 2392 279 2449 plerique
312 2401 416 2438 tota
453 2393 557 2439 uita
590 2409 686 2438 non
726 2392 933 2438 fuissent
972 2392 1201 2446 confessi,
1240 2391 1467 2449 quamuis
1509 2390 1691 2435 iamdiu

64 2470 228 2528 adulti3
255 2471 335 2516 alii
360 2486 389 2516 a
413 2470 782 2528 septemdecim,
809 2470 889 2516 alii
914 2487 944 2516 a
968 2486 1072 2522 sex,
1102 2470 1182 2515 alii
1217 2486 1247 2515 a
1281 2480 1514 2526 quatuor,
1553 2469 1634 2513 alii
1665 2484 1694 2513 a

113 2609 121 2627 ¹
172 2608 476 2658 Maximilianus
495 2608 544 2646 H.

110 2667 122 2686 ²
171 2667 208 2705 Is
226 2669 347 2706 fuisse
366 2669 526 2705 videtur
545 2668 699 2705 Paulus
718 2668 901 2716 Tiepolo.
921 2667 985 2705 Cf.
1008 2668 1190 2713 Amznm,
1216 2669 1448 2705 Relazl'oni
1460 2667 1580 2712 degli
1594 2666 1694 2703 Am-

66 2727 299 2764 basciatori
314 2730 458 2765 veneti
473 2729 521 2766 al
537 2733 702 2772 senato,
723 2741 800 2765 ser.
826 2728 893 2770 La,
917 2728 984 2772 ΙΙΙ,
1011 2728 1078 2764 143
1095 2741 1182 2775 sqq.

110 2787 123 2806 ‘⁹’
171 2788 323 2824 Rector
348 2788 513 2835 collegii
540 2788 753 2835 pragensis
781 2794 874 2824 tunc
899 2788 1092 2835 temporis
1121 2793 1207 2823 erat
1239 2787 1282 2824 P.
1317 2787 1547 2824 Ursmarus
1578 2786 1695 2823 Gois-

66 2858 212 2884 somus.

110 2906 124 2925 ‘²
171 2906 281 2944 Idem
300 2906 402 2944 forte
420 2908 488 2955 qui
507 2908 547 2944 in
566 2908 738 2955 epistola
758 2907 1017 2954 praecedenti
1034 2907 1179 2943 dicitur
1197 2906 1370 2944 Gz'unez.

112 2965 125 2985 ⁵
174 2966 249 3004 Dr.
270 2966 496 3014 Nogueras.
520 2967 584 3005 Cf.
606 2967 920 3014 praecedentem
942 2968 1061 3014 epist.
1106 2983 1116 2989 ν

115 3025 128 3044 ⁶
176 3025 221 3064 P.
242 3026 444 3063 Henricus
463 3026 715 3064 Blissemius.
