1900 3380
449 283 525 320 104.
540 283 858 321 —INGOLSTADIO
884 284 906 321 S
933 284 1139 322 Oc'ronnts
1174 287 1261 323 1337
1557 290 1625 326 4033

102 379 144 425 6.
210 378 320 424 Dici
344 394 440 424 non
467 389 644 436 potest,
672 380 778 425 R.de
803 380 969 436 Pater,
1009 397 1153 437 quam
1190 384 1470 430 desiderent
1502 387 1669 432 rustici

46 457 295 513 antiquam
323 457 609 514 religionem
634 458 678 503 in
707 458 848 514 pagis
874 458 1063 504 uicinis.
1104 459 1191 504 His
1226 461 1396 506 diebus
1425 463 1522 506 ΜΝ
1547 464 1670 508 Her-

47 534 225 580 mando
249 544 296 579 et
315 534 498 579 Iodoco
520 536 550 591 ¹,
578 535 656 591 qui
684 551 810 580 nunc
834 535 997 580 factus
1022 545 1095 581 est
1120 537 1470 596 subdiaconus,
1496 549 1545 584 ut
1565 556 1670 597 pos<

47 614 107 658 sit
130 612 232 657 sine
256 611 466 657 aliorum
493 611 802 658 detractione
827 612 1130 669 concionari,
1159 630 1268 659 cum
1295 631 1389 660 non
1427 617 1486 661 sit
1521 618 1673 662 moris

47 690 122 736 hic
146 689 429 735 concionari
456 690 625 744 laicos
653 691 881 747 loquutus
905 699 979 736 est
1004 691 1049 735 in
1075 691 1250 737 itinere
1276 693 1472 748 quidam
1510 695 1671 750 deplo-

47 783 161 813 rans
186 767 436 812 miseriam
462 767 535 812 sui
561 767 694 824 pagi,
722 768 801 824 qui
827 776 901 812 est
925 767 1133 825 uicinus,
1160 769 1246 814 sed
1270 771 1361 815 sub
1396 771 1495 815 alio
1531 772 1670 829 duce,

45 845 231 891 scilicet
255 843 451 889 Othone
476 844 507 899 2,
546 843 591 888 in
626 860 722 900 quo
757 844 924 890 aiebat
959 845 1032 890 bis
1055 845 1403 892 concionatum
1432 848 1671 904 quendam

47 922 447 968 concionatorem
484 921 816 979 lutheranum,
860 922 937 978 qui
979 922 1094 967 nihil
1135 923 1267 968 aliud
1302 923 1511 969 haberet
1546 926 1672 981 quod

46 999 327 1046 concionari
353 1007 537 1056 posset,
565 985 711 1056 quain
737 998 953 1044 conuitia
977 999 1022 1044 in
1049 999 1329 1055 pontificem
1361 1010 1408 1046 et
1443 1004 1673 1048 sacerdo-

42 1088 131 1134 teS,
159 1076 350 1122 interim
372 1076 683 1122 cessantibus
708 1086 754 1121 et
779 1076 985 1122 sublatis
1009 1077 1168 1122 missis
1193 1092 1252 1122 ac
1277 1078 1674 1126 solemnitatibus

44 1164 346 1201 sanctorum.
373 1154 507 1200 Inter
531 1164 752 1208 caetera,
780 1154 933 1210 inquit
967 1170 1018 1199 se
1054 1154 1230 1199 timore
1266 1165 1494 1201 coactum
1522 1159 1673 1202 semel

44 1232 434 1278 communicasse
473 1233 564 1278 sub
603 1241 830 1288 ut1·aque;
874 1243 922 1277 at
962 1248 1059 1277 non
1093 1232 1345 1277 facturum
1380 1249 1432 1278 se
1466 1235 1675 1291 amplius

43 1309 287 1367 pollicitus
311 1319 401 1367 est,
428 1319 476 1355 et
500 1309 662 1366 potius
686 1325 739 1354 se
766 1309 889 1354 mori
914 1309 1040 1354 uelle
1065 1309 1203 1355 dixit.

101 1388 142 1432 7.
210 1387 484 1433 Praeterea
508 1388 588 1433 alii
614 1387 784 1433 rustici
810 1387 1160 1445 welsierkiani,
1199 1389 1267 1434 ita
1303 1389 1430 1434 enim
1462 1399 1674 1435 uocatur

44 1481 218 1523 pagus,
261 1466 324 1511 ad
363 1481 506 1522 quern
546 1465 756 1511 Iodocus
796 1466 1187 1511 concionaturus
1232 1467 1439 1523 accedit,
1489 1483 1672 1524 inagna

45 1543 304 1589 deuotione
329 1559 381 1589 se
405 1553 453 1589 et
477 1559 567 1588 sua
593 1543 657 1588 illi
681 1544 984 1599 obtulerunt,
1012 1553 1377 1599 conquerentes
1402 1544 1531 1600 quod
1556 1561 1671 1590 nun-

45 1636 189 1678 quam
217 1620 309 1665 sub
343 1621 514 1665 domos
548 1636 720 1665 eorum
756 1620 910 1665 nostri
946 1620 1138 1676 ingredi
1174 1620 1453 1677 dignentur.
1492 1620 1567 1665 De
1604 1621 1676 1666 his

0 1713 1 1756 ς
44 1713 162 1744 uere
186 1697 279 1743 dici
303 1707 481 1754 potest:
519 1698 715 1754 paruuli
750 1698 996 1754 petierunt
1031 1713 1226 1754 panem,
1265 1706 1313 1742 et
1347 1714 1441 1742 non
1482 1708 1557 1743 est
1596 1699 1674 1755 qui

46 1776 268 1832 porrigat
292 1776 361 1821 eis
385 1776 417 1821 3.

99 1852 143 1898 8.
211 1852 492 1899 Conciones
531 1853 679 1899 latine
718 1864 765 1898 et
804 1853 1142 1910 germanicae,
1181 1861 1282 1897 tam
1318 1861 1463 1897 extra
1499 1853 1672 1897 urbem

45 1947 188 1988 quam
228 1932 374 1988 intra,
417 1947 512 1976 non
552 1931 864 1988 omittuntur,
907 1939 955 1976 et
993 1930 1102 1976 Deo
1142 1930 1327 1987 gratia,
1370 1945 1467 1974 non
1501 1930 1675 1975 desunt

45 2009 311 2066 auditores,
358 2009 553 2066 quique,
596 2018 647 2054 ut
687 2017 912 2065 apparet,
957 2008 1117 2065 magis
1158 2008 1255 2053 iam
1298 2017 1671 2063 permouentur.

43 2085 250 2143 Agimus
275 2102 386 2132 cum
410 2086 503 2132 illis
526 2087 572 2132 in
597 2086 917 2132 concionibus
941 2085 1121 2141 mitius,
1161 2086 1228 2131 ita
1260 2085 1385 2130 enirn
1416 2095 1530 2130 sunt
1563 2102 1673 2142 ger-

45 2179 302 2210 manorum
328 2164 542 2221 ingenia:
570 2164 681 2209 duci
706 2163 892 2219 uolunt,
914 2178 1010 2208 non
1032 2163 1175 2208 trahi.
1200 2163 1296 2220 Qui
1317 2163 1675 2209 concionantur

0 2289 1 2294 ,
45 2240 190 2287 latine
214 2250 317 2288 tres
356 2251 482 2287 sunt:
514 2241 827 2291 Theodorus,
865 2240 1180 2286 Hermannus
1216 2250 1264 2287 et
1299 2240 1605 2286 Couillonius
1638 2242 1670 2285 ⁶².

0 2307 3 2361 Ῑ,
45 2318 139 2376 Qui
176 2320 482 2377 germanice,
509 2319 760 2365 Dionisius
783 2320 799 2342 ‘⁷‘
824 2319 954 2364 intra
989 2319 1179 2374 urbem,
1208 2328 1257 2364 et
1280 2318 1490 2364 Iodocus
1526 2328 1673 2364 extra

44 2412 167 2443 eam:
196 2397 315 2455 legit
339 2407 608 2454 praeterea
646 2397 692 2442 in
728 2396 940 2452 collegio
975 2412 1105 2441 nouo
1142 2396 1156 2419 ⁶
1191 2395 1502 2452 stipendiatis
1536 2395 1674 2440 ducis

0 2471 2 2505 Ᾰ
43 2474 95 2521 Ρ.
122 2475 388 2532 Dionisius‚
416 2490 544 2533 quae
569 2490 649 2520 res
674 2474 823 2520 etiam
844 2473 983 2519 nobis
1003 2473 1119 2518 illud
1139 2473 1403 2530 collegium
1425 2473 1671 2518 conciliat.

0 2540 5 2555 Ἰ
100 2553 141 2599 9.
208 2553 582 2611 Disputationes
606 2553 652 2598 in
677 2551 930 2609 theologia
954 2552 1034 2597 uel
1064 2552 1269 2608 singulis
1306 2551 1567 2601 mensibus¹
1597 2551 1674 2596 uel

0 2615 1 2641 ³
45 2630 235 2688 singulo
260 2647 454 2689 quoque
479 2630 700 2677 bimestri
719 2646 747 2675 a
767 2629 951 2674 nostris
969 2629 1302 2686 instituuntur,
1327 2629 1386 2673 ad
1408 2644 1531 2685 quas
1550 2644 1673 2673 sem-

91 2760 100 2778 ¹
147 2759 320 2806 Jodocus
339 2757 616 2796 Carcaeneus.
639 2757 1000 2801 BRAUNSBERGER‚
1022 2756 1097 2792 loc.
1116 2755 1199 2800 cit,
1220 2755 1303 2791 301.

0 2845 5 2868 ,-
89 2820 102 2839 ²
151 2819 328 2857 Videtur
356 2819 468 2856 innui
497 2817 592 2855 Otto
624 2817 842 2863 Henricus‚
875 2817 1029 2853 elector
1060 2815 1277 2863 palatinus,
1311 2813 1672 2857 BRAUNSRERGER‚

0 2876 5 2883 '
46 2878 255 2924 ibid.,18‡.

90 2939 104 2959 ³
154 2938 216 2977 Cf.
233 2938 401 2986 JEREM.,
430 2938 600 2983 Tmen„
624 2936 698 2984 IV,
718 2937 752 2974 4.

89 2999 103 3019 4
156 2999 347 3037 Peltanus
366 3004 406 3036 et
424 2998 652 3046 Thyraeus,
673 3002 713 3034 et
731 2997 777 3035 P.
794 2996 973 3043 Joannes
993 2994 1296 3033 CouvilloniuS.

91 3060 104 3079 ⁵
154 3060 374 3108 Dionysius
393 3058 649 3106 Feyrabend.
672 3057 1028 3099 BRAUNSBERGER‚
1051 3055 1160 3099 ibid„
1182 3053 1263 3091 392.

91 3121 104 3140 ὓ
153 3119 425 3159 Seminarium
445 3121 727 3167 georgianuni.
750 3118 821 3161 Ii„
845 3118 954 3160 ibid..
976 3119 1009 3153 Ξ).
1032 3115 1114 3151 002.
