1909 3328
212 232 282 269 990
678 225 896 260 er‘rERAE
923 222 1275 267 QUADRIMESTRES

168 325 404 364 Elissemius
446 321 663 368 (Blissem),
693 318 938 361 Henricus,

214 385 255 422 S.
273 384 322 431 J.,
344 382 594 420 sacerdotem
615 379 808 415 hussitam
837 381 942 412 cate-

216 444 358 485 chizat,
378 442 436 486 31;
459 440 725 483 contionatur,
746 436 828 479 265,
857 435 939 480 311;

216 516 348 539 coram
369 513 481 547 rege,
502 498 584 545 5253
601 498 641 534 in
657 509 751 533 arce
766 496 941 541 Pragae,

216 562 296 604 78&
313 573 447 597 coram
467 559 724 605 imperatore,
749 555 831 597 918,
859 554 942 596 919;

218 627 256 658 et
276 621 389 665 alias,
410 618 491 664 923,
512 617 594 663 9283
616 616 664 652 de
691 618 944 652 sacramento

217 677 531 718 confirmationis
552 675 727 717 disserit,
754 673 835 717 5263
858 685 945 720 pro-

217 739 405 776 nunciata
436 735 613 773 defendit
649 733 824 782 publice,
865 731 944 774 169;

217 799 343 833 lector
373 794 616 840 theologiae,
649 792 732 838 265;
772 791 946 838 explicat

218 856 461 903 Magistrum
503 852 822 891 Sententiarum,
855 850 944 896 311,

218 916 299 960 43³4
345 918 544 960 aegrotat,
588 912 669 957 431;
712 911 946 947 boemorum

218 974 489 1011 confessiones
516 972 639 1012 audit,
676 970 754 1015 173;
788 981 948 1006 sacrum

218 1034 313 1071 facit
332 1033 521 1070 audiente
542 1031 734 1078 principe,
763 1029 845 1074 43&
878 1028 948 1064 ali-

220 1093 314 1141 quid
343 1093 392 1129 ab
421 1105 467 1128 eo
495 1092 607 1138 petit,
637 1091 659 1126 4
684 1090 718 1135 6;
752 1089 802 1125 ad
832 1101 948 1135 pran-

218 1153 326 1189 dium
362 1155 529 1188 vocatur
559 1164 583 1186 a
617 1149 761 1196 polono
796 1149 946 1194 legato,

218 1212 317 1257 5283
355 1224 488 1249 sermo
523 1223 613 1246 cum
654 1208 945 1250 barbitonsore,

218 1273 300 1309 915.

173 1330 470 1378 Blitterswyck,
483 1343 570 1376 opp.
583 1327 869 1370 Neerlandiae,
886 1325 944 1362 62.

173 1391 400 1434 Bobadilla,
437 1388 631 1426 Nicolaus
666 1387 727 1427 de,
762 1385 803 1423 S.
839 1385 891 1432 J.,
926 1397 947 1420 e

221 1451 360 1498 primis
388 1448 431 1486 S.
453 1448 601 1494 Ignatii
621 1447 749 1491 sociis,
771 1445 851 1482 596.

175 1510 400 1550 Boccatius,
434 1507 639 1550 Andreas,
673 1506 714 1543 S.
749 1506 801 1553 J.,
832 1504 952 1541 Colo-

221 1571 328 1606 niam
357 1569 481 1610 venit,
514 1566 595 1612 4273
630 1565 835 1613 magistris
866 1564 951 1600 uni-

224 1629 428 1666 versitatis
465 1626 706 1664 coloniensis
737 1630 948 1672 aequatus,

221 1689 302 1734 5143
324 1689 363 1724 in
382 1687 555 1724 Frisiam
576 1687 732 1731 missus,
749 1685 831 1721 668.

175 1749 359 1792 Boemia,
396 1748 523 1794 regio,
559 1746 617 1790 21,
653 1746 712 1785 30,
748 1745 829 1787 167,
870 1743 950 1788 173,

222 1809 304 1852 330,
332 1808 415 1850 425,
447 1806 528 1850 602,
561 1806 643 1849 867,
675 1805 757 1851 9243
791 1817 882 1851 spes
912 1804 950 1840 in

222 1874 443 1916 posterum,
464 1867 522 1913 203
544 1880 567 1902 a
582 1866 672 1902 Deo
703 1878 781 1901 non
808 1863 953 1900 dereli—

224 1933 303 1970 cta,
324 1927 381 1972 24,
400 1926 586 1974 precibus
613 1925 802 1974 juvanda,
825 1923 882 1968 32;
904 1923 953 1959 de

225 2002 273 2025 ea
292 1988 550 2035 sperandum,
574 1986 652 2031 174;
691 1986 778 2032 ejus
810 1985 955 2020 miser

226 2052 368 2090 status,
388 2047 471 2092 9143
493 2046 640 2082 multos
672 2044 793 2080 habet
821 2044 950 2087 italos,

223 2107 282 2152 23,
321 2107 408 2154 ejus
443 2119 514 2142 rex
555 2104 825 2147 coronabitur,
873 2103 951 2145 170,-

224 2166 387 2202 claritas
403 2165 507 2201 circa
530 2168 782 2210 compactata
800 2161 954 2199 deside-

225 2230 350 2270 ratur,
374 2225 452 2270 1713
474 2224 580 2260 {ama
600 2223 762 2269 collegii
781 2234 954 2268 pragen-

225 2286 277 2322 sis
296 2284 338 2321 S.
356 2284 407 2331 J.,
428 2284 510 2330 7813
537 2283 668 2320 boemi
687 2283 890 2329 simplices
907 2294 955 2317 ex

226 2343 454 2391 ignorantia
480 2343 610 2390 potius
635 2355 755 2389 quam
777 2356 825 2378 ex
844 2342 955 2378 mali—

226 2404 281 2440 tia
298 2407 479 2450 peccant,
504 2402 582 2444 168ς
600 2401 770 2448 populus
785 2401 956 2448 simplex

228 2468 267 2499 et
290 2462 432 2507 bonus,
453 2460 535 2502 268;
558 2466 721 2507 paratus
741 2460 790 2497 ad
809 2461 956 2497 verita-

227 2527 307 2558 tem
335 2520 670 2567 amplectendam,
703 2519 802 2565 782;
839 2520 957 2567 pauci

227 2586 394 2628 peccata
434 2579 618 2623 confessi,
666 2579 744 2622 168;
787 2580 954 2625 seducti,

228 2652 386 2677 errores
397 2652 474 2675 non
485 2639 750 2681 dissimulant,
765 2639 843 2685 l7-l;
861 2640 956 2686 quid

230 2700 277 2735 de
311 2699 457 2735 nostris
491 2699 682 2744 sentiant,
714 2699 796 2745 3153
830 2700 954 2746 aliqui

229 2758 355 2795 socios
396 2758 511 2795 dictis
553 2759 815 2801 insectantur,
854 2759 954 2805 914;

229 2817 383 2854 nobiles
414 2818 631 2864 collegium
664 2831 865 2865 pragense
898 2831 957 2855 or-

228 2882 338 2922 nant,
358 2877 417 2920 27;
439 2877 599 2924 quidam
615 2890 815 2914 summum
831 2879 958 2925 ponti-

229 2935 356 2982 ficem,
394 2937 616 2984 praelatos,
659 2942 816 2974 nostros
849 2939 955 2975 calu-

230 2995 444 3039 mniantur,
474 2996 532 3040 2ss
559 2997 673 3043 pueri
692 2997 958 3044 prohibentur

1066 317 1224 352 scholas
1244 315 1290 352 S.
1313 315 1350 362 J.
1369 316 1493 359 adire,
1515 316 1596 359 310;
1620 315 1806 359 operarii

1065 375 1236 412 boemici
1265 376 1561 418 desiderantur,
1599 375 1676 418 169,
1712 375 1794 421 265,

1066 434 1148 481 267,
1169 435 1251 478 316,
1272 435 1354 481 685,
1375 435 1457 479 929,
1478 435 1559 481 9313
1581 435 1676 471 socii
1704 435 1795 471 boe-

1067 495 1120 531 mi
1164 495 1396 531 remittendi
1433 495 1471 530 in
1506 493 1714 531 Boemiam
1747 494 1796 530 ad

1070 554 1300 590 vocationes
1316 554 1522 595 fovendas,
1545 553 1627 598 2703
1649 554 1797 590 boemi-

1069 626 1156 650 cam
1176 614 1359 660 linguam
1387 613 1573 660 magistri
1605 613 1647 650 S.
1677 613 1712 660 J
1742 613 1794 649 di-

1068 678 1196 716 scunt,
1223 672 1306 719 9223
1334 673 1467 709 boemi
1494 673 1571 709 duo
1602 673 1798 719 Ingolsta-

1068 732 1132 768 dio
1148 731 1321 778 fugiunt,
1341 732 1423 778 602,
1441 732 1635 769 Boemiae
1654 745 1738 777 rex,
1759 746 1795 768 v.

1070 791 1385 836 Maximilianus3
1420 793 1576 839 regina,
1598 806 1634 828 v.
1666 792 1799 828 Maria

1070 850 1302 888 Austriaca.

1023 909 1240 953 Bohemus,
1263 910 1555 957 Wolfgangus,
1577 910 1618 948 S.
1648 910 1697 957 J.,
1722 910 1798 947 102.

1023 968 1221 1016 Bologna,
1244 984 1280 1006 v.
1304 969 1542 1007 Castellano
1560 971 1610 1007 da
1628 969 1674 1006 B.

1024 1043 1108 1066 —v.
1130 1029 1324 1066 Bononia.

1025 1089 1380 1136 Bolona,J0annes
1390 1089 1595 1126 Antonius
1610 1090 1671 1134 de,
1689 1089 1731 1127 S.
1746 1090 1799 1136 J.,

1072 1149 1378 1196 peregrinatum
1398 1150 1554 1193 missus,
1574 1149 1655 1186 272.

1025 1209 1244 1252 Bonacina,
1272 1209 1486 1253 Martinus,
1517 1210 1666 1256 script.,
1700 1220 1799 1246 XViI.

1025 1268 1281 1313 Bonaherba,
1303 1269 1559 1311 Vincentius,
1581 1268 1622 1305 S.
1640 1269 1692 1316 J.,
1723 1271 1802 1305 ele-

1071 1342 1173 1375 gans
1192 1334 1340 1374 orator,
1361 1328 1442 1366 732.

1026 1388 1278 1425 Bonilacium
1299 1388 1550 1434 (Bonifacio),
1569 1395 1674 1436 opp.
1706 1388 1802 1425 Cor-

1073 1448 1193 1494 sicae,
1215 1448 1296 1484 407.

1026 1506 1207 1544 Bononia
1227 1507 1457 1555 (Bolognai,
1489 1521 1577 1555 opp.
1599 1509 1634 1550 -l,
1662 1508 1722 1545 74.
1742 1507 1799 1551 76,

1072 1566 1152 1610 222,
1175 1567 1255 1604 409.

1025 1627 1350 1675 —Hieronymus
1370 1628 1432 1670 de,
1456 1627 1668 1674 episcopus
1695 1629 1804 1674 syra-

1073 1699 1261 1733 cusanus,
1291 1685 1507 1723 Societatis
1539 1687 1702 1729 amicus,
1741 1687 1800 1732 58,

1073 1747 1154 1790 508,
1176 1746 1258 1792 567,
1279 1747 1361 1792 889,
1383 1747 1535 1793 gaudet
1550 1746 1696 1783 litteris
1711 1760 1805 1794 qua-

1075 1806 1357 1842 drimestribus
1377 1807 1561 1852 legendis
1577 1811 1616 1842 et
1632 1819 1804 1843 commu-

1078 1866 1272 1902 nicandis.
1312 1866 1369 1911 593
1400 1866 1508 1912 cupit
1534 1866 1805 1903 commendari

1074 1926 1221 1962 nostris
1262 1926 1550 1962 monasterium
1591 1926 1804 1973 quoddam,

1074 1985 1156 2030 565;
1186 1987 1363 2032 postulat
1385 1991 1565 2022 oratores
1586 1986 1636 2022 ad
1656 1987 1804 2022 monia-

1076 2045 1173 2081 lium
1193 2046 1451 2090 monasteria,
1473 2045 1554 2090 741,
1576 2045 1717 2092 probat
1737 2045 1805 2082 mi-

1076 2118 1121 2141 ra
1140 2105 1179 2140 in
1200 2105 1365 2141 moniali
1385 2102 1572 2151 quadam,
1589 2105 1755 2142 649-650.

1028 2163 1276 2209 Bordenaro,
1299 2176 1388 2210 opp.
1410 2163 1568 2209 Italiae,
1590 2168 1707 2200 vetus
1725 2176 1806 2200 ma-

1076 2224 1196 2269 laque
1223 2223 1476 2260 consuetudo
1507 2224 1680 2266 sublata,
1713 2222 1798 2259 6‡3.

1028 2282 1202 2328 Bordon,
1225 2296 1262 2318 v.
1280 2281 1428 2329 Scipio,
1447 2281 1704 2319 Franciscus.

1028 2342 1193 2388 Borgia,
1215 2341 1256 2379 S.
1279 2342 1535 2385 Franciscus,
1562 2341 1604 2378 S.
1630 2342 1682 2389 J.,
1704 2355 1807 2379 com-

1076 2403 1284 2439 missarius
1322 2402 1559 2449 Hispaniae,
1600 2401 1682 2446 271,
1723 2402 1804 2449 799,

1075 2462 1157 2507 814,
1178 2462 1261 2505 817,
1279 2463 1328 2498 ab
1345 2463 1432 2510 ejus
1450 2466 1632 2508 tempore
1648 2475 1806 2499 annuae

1077 2521 1239 2558 litterae
1272 2522 1513 2567 scribuntur,
1540 2532 1596 2564 X1;
1621 2527 1808 2559 monetur

1077 2586 1120 2618 ut
1135 2582 1327 2628 quosdam
1343 2586 1505 2618 moneat
1520 2582 1568 2618 de
1584 2582 1701 2618 modo
1714 2583 1806 2618 scri-

1076 2641 1209 2682 bendi,
1247 2652 1346 2688 XV11;
1385 2641 1569 2678 Threnos
1601 2641 1807 2688 Jeremiae

1077 2699 1381 2747 interpretatur,
1401 2701 1459 2747 393
1487 2702 1590 2738 bene
1617 2714 1682 2737 res
1700 2702 1808 2748 gerit

1080 2759 1300 2807 Compluti,
1320 2760 1379 2806 78;
1400 2766 1597 2807 quantum
1625 2761 1716 2797 boni
1743 2761 1808 2797 do-

1078 2819 1207 2856 ctrina
1222 2824 1261 2856 et
1277 2820 1472 2867 exemplis
1488 2819 1718 2866 efficiat,78;
1729 2824 1819 2857 stu-.

1079 2879 1143 2916 dia
1179 2879 1455 2926 philosophiae
1497 2884 1536 2916 et
1576 2879 1807 2926 theologiae

1079 2938 1314 2975 Vallisoleti
1339 2939 1558 2981 constituit,
1588 2937 1667 2982 1254
1693 2939 1807 2976 Abu-

1078 2999 1143 3035 lae
1163 3002 1411 3044 expectatus,
1435 2997 1514 3041 l52;
1535 3010 1625 3035 cum
1640 3010 1687 3034 eo
1706 3011 1808 3035 com-
