1997 3400
320 188 387 225 112
777 191 996 227 LITTERAE
1023 191 1380 236 QUADRIMESTRES

342 285 609 322 christianae
635 287 943 332 explicationes
963 290 1002 323 et
1020 286 1188 331 dialogi
1205 289 1249 323 in
1271 291 1414 324 nostro
1434 289 1714 334 templa—ll.
1747 287 1915 324 Variae·

342 344 681 390 hz'hll'opolarmn
702 346 909 383 tabernae
928 347 1050 383 libris
1068 347 1386 383 haereticormn
1412 358 1437 383 a
1464 347 1731 384 nostratibus
1751 351 1903 392 expuls-

338 404 629 449 gausum-12.
647 406 850 451 ¹Quinque
869 417 980 443 nova
997 407 1197 442 cubicula
1218 408 1262 442 in
1279 406 1408 442 domo
1424 410 1572 443 nostra
1592 406 1899 452 aedificantzstr.

334 499 371 543 1.
439 502 466 550 †
501 498 681 545 Gratia
706 509 754 545 et
777 516 874 556 pax
899 500 1097 545 Domini
1128 500 1282 546 nostri
1313 500 1433 557 Jesu
1468 499 1651 545 Christi
1685 500 1747 545 sit
1780 515 1903 544 sem-

275 590 363 632 per
387 575 431 620 in
467 576 698 621 cordibus
732 576 931 622 nostris.
969 577 1145 621 Amen.
1187 576 1308 629 Etsi,
1345 576 1469 621 Rde.
1507 577 1552 621 in
1588 576 1678 621 X.0
1713 576 1814 631 Pr.,
1857 575 1903 620 in

273 652 547 697 scribendis
572 653 1015 709 quadrimestribus
1039 654 1285 698 tardiores
1309 652 1491 698 fuimus
1525 668 1673 708 quam
1708 662 1903 709 tempus

272 738 320 774 et
344 729 597 785 diligentia
624 730 926 786 requirebat,
953 746 1049 774 non
1075 731 1355 775 omittemus
1374 739 1538 775 tamen
1560 730 1671 786 quin
1692 730 1771 774 uel
1790 744 1903 774 sero

273 805 583 851 obedientiae
608 821 637 851 a
661 806 800 852 nobis
825 807 1053 852 satisfiat.
1082 807 1259 852 Paucis
1284 807 1437 864 igitur
1461 808 1749 861 recensebo,
1777 821 1902 864 quae

272 896 301 925 a
326 882 772 938 quadrimestribus
797 883 1021 939 proxime
1055 883 1213 928 missis
1248 883 1309 928 ad
1343 883 1651 939 spiritualem
1686 882 1902 928 fructum

272 958 541 1015 contigisse
567 959 850 1004 meminero.
880 959 1229 1005 Confitentium
1253 975 1489 1004 numerus
1522 959 1593 1004 his
1619 959 1903 1016 praeteritis

272 1034 523 1080 mensibus
546 1044 713 1080 tantus
737 1035 842 1089 fuit,
871 1045 924 1081 ut
947 1052 976 1081 a
1000 1037 1329 1093 quinquennio
1355 1052 1451 1092 quo
1476 1036 1552 1081 hic
1575 1051 1758 1091 sumus,
1786 1052 1902 1080 nun-

273 1126 421 1168 quam
444 1112 602 1157 maior
626 1112 790 1158 fuerit.
818 1112 990 1169 Itaque
1024 1114 1100 1158 hic
1133 1129 1272 1170 ager,
1312 1129 1406 1169 quo
1441 1113 1713 1158 excolendo
1747 1113 1903 1158 nostri

272 1188 450 1234 Patres
474 1198 676 1234 strenue
701 1205 752 1234 se
777 1199 1028 1244 exercent,
1056 1189 1107 1236 fit
1137 1190 1399 1246 quotannis
1432 1190 1653 1246 (fauente
1688 1190 1901 1234 Domino

273 1266 463 1318 messis,
491 1266 568 1322 qui
595 1264 937 1311 CHRISTVS
962 1267 1053 1320 est)
1079 1267 1279 1312 uberior
1303 1283 1362 1311 ac
1386 1267 1704 1312 fructuosior.

331 1343 372 1388 2.
441 1341 565 1388 Sunt
599 1343 679 1399 qui
719 1343 988 1388 eorundem
1029 1344 1233 1388 Patrum
1272 1344 1527 1388 solertiam
1568 1359 1627 1388 ac
1669 1343 1904 1399 pietatem

272 1420 598 1477 admirentur,
627 1421 755 1476 quod
780 1429 828 1465 et
850 1430 980 1466 totos
1016 1420 1119 1465 dies
1143 1437 1194 1465 se
1220 1420 1474 1466 audiendis
1508 1421 1905 1465 confessionibus

272 1506 478 1553 paratos
501 1497 783 1553 exhibeant,
811 1505 859 1542 et
884 1497 927 1541 in
953 1512 1012 1541 ea
1037 1513 1090 1541 re
1115 1497 1297 1541 nullam
1330 1512 1654 1553 personarum
1689 1497 1906 1542 habeant

272 1574 629 1630 acceptionem:
657 1574 742 1618 sed
766 1589 1013 1630 pauperes
1037 1588 1194 1630 aeque
1219 1589 1279 1619 ac
1304 1574 1479 1619 diuites
1503 1574 1636 1618 nullo
1667 1573 1904 1618 discrimi-

272 1667 333 1696 ne
358 1650 576 1696 audiant.
605 1651 763 1707 Egeni
787 1651 924 1697 multi
948 1660 996 1696 et
1020 1651 1188 1696 afflicti
1214 1652 1423 1697 libenter
1447 1652 1629 1696 adeunt
1647 1666 1752 1700 nos,
1776 1650 1904 1707 quod

273 1728 334 1774 ad
360 1743 451 1773 sua
469 1728 677 1772 uulnera
702 1727 905 1773 idoneos
930 1728 1146 1773 medicos
1171 1728 1417 1773 inuenisse
1441 1728 1531 1773 sibi
1557 1727 1834 1772 uideantur.

331 1806 372 1852 3.
442 1805 750 1861 Deprehensi
775 1814 886 1851 sunt
905 1805 1100 1861 plurimi
1124 1822 1153 1850 a
1177 1805 1343 1851 multis
1369 1805 1524 1861 anniS,
1552 1805 1631 1850 uel
1654 1820 1904 1861 nunquam

272 1882 503 1939 confessi,
530 1882 608 1927 uel
631 1897 753 1938 prae
778 1881 965 1938 pudore
989 1882 1231 1938 grauiora
1256 1882 1498 1938 quaedam
1518 1882 1800 1937 reticentes,
1823 1881 1903 1937 qui

272 1960 467 2005 demum
492 1974 551 2004 ac
575 1958 770 2015 integre
793 1974 934 2003 suam
959 1957 1313 2004 conscientiam
1338 1959 1519 2003 nostris
1540 1958 1901 2013 sacerdotibus,

272 2038 469 2094 plenam
493 2038 556 2082 ab
580 2036 649 2081 eis
673 2035 1033 2081 absolutionem
1058 2045 1434 2091 consequentes,
1462 2044 1780 2092 aperuerunt.

330 2115 374 2159 4.
441 2113 585 2159 Hanc
608 2122 774 2159 autem
798 2112 1162 2158 confessionum
1182 2113 1481 2158 auditionem
1505 2121 1678 2158 secuta
1703 2121 1778 2158 est
1801 2121 1902 2157 tam

273 2192 506 2247 frequens
530 2190 862 2236 eucharistiae
887 2189 1156 2246 perceptiO,
1184 2199 1236 2235 ut
1260 2190 1388 2235 inter
1411 2199 1514 2235 tam
1544 2190 1697 2234 multa
1720 2189 1915 2246 templa.

274 2283 401 2325 quae
425 2276 536 2312 sunt
558 2267 862 2323 Florentiae,
888 2267 972 2312 uix
995 2267 1108 2311 alibi
1133 2266 1441 2324 frequentior
1471 2267 1635 2324 fuerit;
1673 2281 1787 2311 nam
1811 2266 1904 2311 hoc

273 2354 498 2391 nostrum
535 2345 767 2401 templum
806 2345 837 2401 ²,
880 2353 1164 2400 angustum,
1212 2359 1272 2389 ac
1310 2345 1424 2389 olim
1469 2360 1593 2401 pene
1633 2344 1912 2401 desertum„

273 2437 403 2467 nunc
427 2421 494 2467 ita
517 2421 712 2479 colitur,
738 2429 791 2466 ut
815 2428 930 2466 ante
954 2420 1140 2477 aliquot
1162 2436 1355 2466 menses
1378 2420 1532 2466 Rdus.
1571 2420 1652 2466 Pr.
1690 2419 1903 2465 Ludoui-

274 2513 361 2543 cus
385 2498 417 2555 3,
444 2497 523 2554 qui
547 2497 802 2543 dominicis
833 2512 892 2542 ac
920 2496 1058 2542 festis
1092 2496 1264 2542 diebus
1299 2496 1509 2542 Cantica
1542 2495 1824 2542 Salomonis
1857 2496 1903 2541 in

274 2576 457 2632 templo
473 2584 645 2621 nostro
664 2575 1105 2631 interpretabatur,
1125 2575 1187 2619 ob
1207 2574 1510 2619 audientium
1526 2574 1900 2631 multitudinem,

275 2652 322 2697 in
346 2668 588 2697 summum
612 2652 846 2709 templum
872 2659 1077 2696 coactus
1100 2650 1372 2708 transierit,
1400 2650 1481 2696 ubi
1506 2660 1554 2696 et
1578 2666 1707 2696 nunc
1739 2665 1912 2696 susce-⁷

276 2737 410 2785 ptam
436 2729 698 2774 lectionem
738 2728 846 2773 Deo
885 2727 1150 2773 adiuuante
1184 2742 1245 2772 ac
1283 2727 1404 2772 satis
1438 2727 1682 2784 frequenti
1721 2727 1902 2784 populo

323 2870 335 2889 ²
387 2869 523 2906 Nostri
542 2882 659 2906 sacra
675 2869 902 2907 ministeria
920 2868 1165 2906 exercebant
1183 2868 1225 2905 in
1242 2869 1393 2915 templo
1411 2867 1486 2906 Sti.
1503 2868 1707 2916 joannini.
1738 2868 1799 2908 Cf.
1827 2869 1913 2906 Po»
1975 2895 1978 2898 -

274 2939 458 2974 LANCUM,
484 2929 650 2975 Clzron„
672 2929 746 2972 VI,
770 2929 849 2966 161.

321 2988 335 3008 ³
385 2987 430 3025 P.
453 2987 682 3024 Ludovicus
701 2989 750 3025 de
771 2988 988 3033 Coudreto,
1010 2993 1144 3024 rector
1161 2987 1338 3034 collegii.
1360 2986 1476 3031 Ibid.‚
1499 2987 1578 3024 141.
