1971 3369
312 196 383 233 214
782 197 1002 233 LITTERAE
1030 197 1385 242 QUADfflMEsrREs

270 292 409 337 metsi
436 308 612 349 parum
637 292 772 337 hisce
806 293 909 336 4012
940 293 1188 337 mensibus
1223 291 1402 348 elapsis
1437 292 1481 336 in
1518 292 1665 337 vinea
1700 292 1916 354 Dominil

268 368 584 425 profecerim,
628 368 953 424 nihilominus,
993 378 1045 413 vt
1080 368 1392 413 obedientiae
1426 368 1752 424 satisfaciam,
1791 369 1895 413 bre—

268 446 467 491 uissime
491 445 605 501 quid
641 454 805 490 actum
831 444 853 465 a
876 445 944 490 sit
965 445 1046 490 lu's
1081 445 1343 490 mensibus
1377 445 1727 501 perstringam.
1756 444 1901 489 Sciat

268 536 392 580 ergo
437 523 501 567 R.
553 525 596 567 V.
641 537 751 567 cum
786 522 939 567 solitis
974 538 1168 578 semper
1203 522 1453 567 exercitiis
1488 521 1812 566 confessionis
1851 531 1898 566 et

269 599 652 656 praedicationis
676 598 853 643 fuerim
878 598 1085 649 deditus,
1124 598 1270 643 etiam
1308 598 1480 643 diebus
1514 598 1711 643 veneris
1734 597 1898 643 lectio-

267 692 377 722 nem
414 675 672 721 doctrinae
707 675 904 720 xianae.
941 676 1352 733 haudquaquam
1387 674 1406 701 ¹³
1429 675 1723 731 pretermisi.
1757 674 1900 720 Unde

261 753 468 810 factum
494 752 728 809 estquod
747 758 763 778 ⁰
790 752 871 807 illi,
910 752 989 808 qui
1023 768 1200 808 parum
1236 761 1385 797 antea
1419 752 1478 796 de
1512 752 1752 808 religione
1776 751 1899 796 chri-

267 830 429 875 stiana
455 838 799 885 perceperant,
829 829 1002 874 melius
1027 829 1044 855 d
1080 829 1429 885 intelligerent,
1467 838 1615 885 atque
1651 830 1714 873 ob
1748 829 1841 873 hoc
1883 835 1899 854 θ
1969 815 1971 868 l

264 905 597 951 feruentiores
620 906 667 950 in
692 905 785 950 Dei
812 906 1015 951 seruitio
1051 921 1160 951 sese
1195 905 1500 951 exhiberent.
1538 904 1640 950 Imo
1682 920 1898 960 euange-

266 982 381 1027 lium
406 998 663 1039 graecum,
691 991 744 1026 vt
768 982 987 1038 petitioni
1022 983 1380 1027 monachorum
1415 980 1778 1038 satisfacerem,
1815 997 1896 1038 po-

266 1060 380 1114 pulo
416 1058 525 1104 huic
561 1058 668 1103 rudi
704 1074 973 1115 exponens,
1010 1059 1184 1104 melius
1220 1059 1277 1103 de
1311 1057 1570 1104 sacrificiis
1594 1069 1899 1113 graecorum

265 1136 448 1181 sentire
472 1145 757 1192 coeperunt.
787 1135 953 1181 Antea
978 1136 1123 1192 enim,
1151 1145 1204 1180 vt
1238 1136 1351 1180 mihi
1387 1145 1561 1192 postea
1597 1136 1892 1192 retulerunt,

264 1212 446 1257 friuola
471 1222 518 1257 et
543 1228 675 1257 vana
700 1228 825 1269 quae
850 1228 1151 1269 graecorum
1172 1222 1332 1269 erant,
1355 1213 1723 1258 existimabant.
1746 1212 1896 1258 Modo

266 1305 386 1335 vero
406 1305 518 1334 cum
543 1290 669 1334 idem
700 1288 1016 1347 sacrificium,
1044 1290 1315 1347 eademque
1350 1289 1569 1335 misteria
1605 1305 1910 1346 repraesens

264 1366 360 1411 tari
386 1375 711 1423 cognoscunt,
739 1371 788 1411 et
810 1367 1149 1423 diligentiores
1173 1367 1235 1412 ad
1260 1366 1424 1411 diuina
1448 1366 1708 1423 magisque
1732 1366 1911 1412 deuoti

265 1453 377 1487 sunt
401 1442 582 1488 effecti.
613 1443 785 1500 Quare
810 1453 857 1488 et
883 1444 928 1487 in
963 1444 1147 1500 templo
1187 1443 1570 1500 frequentiores,
1609 1453 1656 1488 et
1690 1443 1753 1488 ad
1787 1459 1892 1488 ver-

266 1520 381 1565 bum
406 1520 497 1565 Dei
524 1520 773 1565 auidiores
804 1520 1132 1565 inueniuntur.
1171 1520 1246 1566 Ita
1281 1530 1334 1566 vt
1369 1536 1462 1565 non
1498 1529 1689 1565 tantum
1725 1520 1897 1566 diebus

265 1596 519 1642 dominicis
560 1608 608 1642 et
646 1597 803 1653 festis,
842 1599 893 1642 ill
930 1598 1190 1642 azscdz'endo
1224 1612 1436 1643 sacrum
1470 1601 1518 1642 et
1548 1598 1760 1643 verbum
1795 1597 1913 1642 Dei*

265 1675 471 1719 assidui
490 1675 608 1731 siut,
636 1675 720 1719 sed
745 1684 793 1719 et
817 1674 995 1720 diebus
1018 1674 1268 1731 profestis,
1295 1675 1334 1719 si
1360 1674 1557 1730 quando
1576 1690 1651 1719 me
1671 1674 1890 1719 celebra-

265 1760 446 1803 turum,
486 1760 571 1795 aut
608 1752 813 1796 verbum
849 1751 1061 1808 aliquod
1091 1750 1386 1796 dz'ctnrzmzf
1416 1749 1709 1807 percipiant,
1737 1751 1909 1795 etiam·

262 1832 481 1885 propter
518 1835 536 1861 g
575 1843 815 1884 agrorum
860 1829 1110 1873 culturam
1152 1828 1300 1884 (quae
1340 1828 1418 1874 isti
1458 1828 1716 1884 exercent)
1751 1814 1938 1886 lzaudsf

262 1905 496 1959 faciliter
516 1904 533 1930 ¹¹
555 1920 607 1950 se
641 1905 954 1950 subtrahant.

325 1980 365 2026 2.
435 1980 787 2026 Confessiones
831 1982 1044 2037 plurium
1090 1982 1239 2027 etiam
1283 1986 1651 2027 extraneorum
1705 1981 1713 2008 ¹
1763 1981 1917 2041 hisce-¹

264 2058 516 2103 mensibus
540 2058 722 2115 audiui;
750 2058 878 2104 inter
903 2074 1025 2115 quos
1050 2059 1198 2115 aliqui
1223 2074 1407 2115 magno
1433 2069 1754 2115 peccatorum
1781 2073 1893 2114 pon·
1927 2084 1931 2107 ς

263 2134 381 2180 dere
405 2135 606 2191 grauati
631 2135 773 2180 citius
797 2150 849 2180 se
874 2151 970 2180 non
996 2151 1105 2180 esse
1130 2135 1396 2180 mundatos
1419 2134 1754 2192 affirmabant,
1782 2129 1926 2191 quia

263 2211 339 2256 cui
378 2226 430 2256 se
469 2220 576 2256 tuto
610 2212 945 2269 ostenderent,
984 2228 1078 2257 non
1115 2210 1447 2257 inueniebant.
1484 2211 1593 2256 Sed
1622 2211 1746 2269 quia
1780 2220 1925 2255 cum<

263 2288 476 2333 verbum
509 2288 612 2333 Dei
643 2302 675 2332 a
709 2302 789 2333 me
823 2288 1209 2345 intellexissent,
1246 2288 1393 2333 Deus
1426 2288 1633 2334 illorum
1667 2301 1753 2333 cor
1777 2282 1926 2344 ape-lv

263 2369 458 2421 ruerat,
501 2365 658 2410 etiam
695 2379 750 2410 se
788 2366 917 2410 mz'lzi
954 2366 1222 2410 ostendere
1259 2365 1548 2410 voluerunt.
1595 2364 1730 2410 Inter
1772 2378 1928 2420 quos-3

263 2442 460 2499 quidam
483 2457 535 2487 se
560 2457 589 2486 a
612 2442 788 2498 viginti
813 2441 951 2487 annis
977 2457 1074 2487 non
1100 2457 1208 2487 esse
1232 2441 1517 2487 confessum
1552 2441 1748 2497 publice
1782 2427 1934 2502 pro-2}

263 2518 391 2564 fiteri
415 2534 510 2563 non
538 2519 999 2564 vereczuzdabatur.
1915 2509 1927 2514 ⁶

354 2595 547 2653 [Aliam
571 2596 955 2640 conversionem
988 2595 1296 2653 subjungitl.

321 2673 363 2718 3.
431 2672 604 2717 Plures
628 2672 776 2717 etiam
802 2672 880 2728 qui
904 2671 1003 2717 sz'bz'
1025 2676 1180 2717 antea
1192 2672 1423 2730 fuerant
1445 2671 1644 2717 inimici
1672 2671 1697 2728 1',
1723 2659 1931 2737 recon-f„⁴

1900 2747 1907 2775 l

310 2814 330 2833 a
379 2813 474 2860 quid
500 2813 551 2849 sit
576 2817 724 2849 actum.
777 2812 844 2841 —b
888 2824 981 2848 non.
1047 2819 1106 2839 —C
1151 2812 1190 2848 id
1213 2818 1475 2848 consecutum
1501 2817 1574 2854 est,
1601 2816 1656 2849 vt.
1709 2811 1775 2838 —d
1813 2809 1917 2861 me-ssf.

259 2872 342 2912 ,lius
361 2885 466 2919 quae
486 2876 705 2919 oporteret.
757 2879 821 2899 —e
865 2871 972 2908 Hoc.
993 2882 1031 2907 v.
1049 2875 1188 2917 supra
1207 2882 1316 2908 vers.
1340 2871 1493 2908 eadem
1512 2880 1654 2907 manu
1669 2870 1888 2907 additum.
1898 2871 1945 2919 32³⁴.-

263 2930 320 2957 -f
370 2931 450 2968 Dei
469 2932 779 2979 explicaturum.
831 2939 897 2966 ——g
940 2931 1019 2967 sint
1039 2931 1201 2974 assidui,
1235 2930 1435 2977 quamuis.
1487 2930 1554 2957 —h
1597 2942 1677 2966 non
1707 2930 1792 2966 sine
1822 2923 1919 2970 ali-221

263 3003 341 3037 quo
359 2991 622 3028 incommodo.
675 2990 730 3017 -ῑ
784 2996 1061 3027 externorum.
1120 2989 1176 3024 ——i
1224 2990 1455 3027 inimicitias
1474 2994 1755 3026 exercuerant.

1889 3113 1911 3144 3

1885 3146 1916 3181 μ’

1891 3175 1916 3223 δὴ
