1909 3328
243 249 271 279 ψ
284 253 312 276 ιι»
711 243 926 278 [Α’[ΤΕΝΑΕ
952 241 1306 286 QUADffiMEsrREs

197 345 422 401 loquitur,
454 344 545 387 huc
571 340 729 392 mittit,
757 348 805 384 et
829 352 913 382 eos
936 337 1243 394 potissimum
1268 335 1426 381 sacris
1451 335 1607 380 initiat
1632 335 1712 390 qui
1746 334 1823 379 hic

196 423 509 475 studuerunt;
557 434 652 463 non
691 417 849 461 solum
888 415 1033 470 haec,
1075 414 1160 459 sed
1195 413 1487 469 quibusdam
1525 411 1823 468 pauperibus

197 509 441 555 sumptum
466 496 735 542 studiorum
762 493 896 549 iacit,
924 492 1030 537 aliis
1055 491 1206 536 libros
1230 490 1362 547 emit,
1384 500 1534 546 atque
1557 489 1822 545 collegium

200 576 443 633 quoddam
484 572 741 625 construit,
785 570 866 614 vbi
909 569 962 614 10
1000 567 1280 613 scholastici
1319 577 1433 612 sunt
1470 566 1722 612 constituti
1761 567 1824 611 ad

196 652 505 698 dialecticam
530 648 844 700 audiendam,
872 656 919 692 et
944 647 1011 691 ita
1036 645 1203 701 magni
1227 645 1376 690 habet
1401 653 1616 698 nostros,
1651 654 1702 688 vt
1731 643 1823 688 illis

197 730 431 775 librorum
455 725 815 772 correctionem
840 723 1131 778 committat,
1169 730 1218 767 et
1251 721 1365 766 nihil
1399 721 1519 766 facit
1553 736 1648 765 non
1689 721 1823 777 prius

196 805 430 852 consultis
465 803 713 857 Patribus,
752 801 915 846 omnia
942 799 1143 856 negotia
1167 798 1308 844 huius
1332 799 1595 843 comitatus
1621 798 1823 843 mandat

198 883 442 929 Patribus
466 880 727 937 Quendam
753 879 901 924 etiam
926 876 1275 922 consobrinum
1300 891 1441 921 suum
1466 875 1668 920 tradidit
1687 874 1825 920 Patri

198 959 380 1005 rectori
405 968 458 1003 vt
481 958 574 1002 hac
598 954 856 1001 academia
880 955 1102 1000 studeret
1127 969 1185 999 eo
1209 953 1354 998 modo
1379 967 1474 1008 quo
1510 952 1597 1008 ipsi
1635 951 1823 996 videre-

197 1048 293 1083 tur.
322 1036 582 1092 Efflagitat
607 1049 798 1079 summa
822 1031 1055 1078 instantia
1080 1041 1133 1076 vt
1157 1031 1250 1075 hoc
1278 1030 1382 1087 [sic]
1407 1029 1585 1086 oppido
1609 1029 1825 1074 auriensi

197 1123 401 1160 nostrae
425 1111 690 1158 Societatis
715 1109 978 1166 collegium
1003 1108 1245 1164 erigatur,
1273 1107 1403 1163 quod
1428 1116 1477 1151 et
1499 1106 1634 1151 ciues
1664 1121 1821 1150 sumo·-

197 1207 315 1249 pere
339 1200 507 1247 petunt
532 1199 580 1234 et
604 1188 907 1233 constituunt
941 1185 1115 1231 aedem
1151 1184 1397 1241 quandam
1430 1199 1631 1229 sacram
1666 1183 1822 1238 nobis,

198 1279 247 1315 et
270 1270 432 1314 locum
459 1282 554 1324 quo
579 1265 922 1311 inhabitemus.

255 1345 298 1391 3.
365 1344 542 1389 Adhuc
566 1352 756 1388 tantum
781 1350 890 1386 sunt
914 1350 1016 1386 tres
1040 1338 1396 1397 grammatices
1419 1338 1621 1390 classes,
1650 1338 1826 1393 quibus

197 1422 248 1468 fit
274 1437 483 1478 magnus
509 1419 779 1477 profectus,
807 1434 903 1464 nan
927 1416 1213 1462 scholastici
1248 1416 1361 1461 licet
1396 1414 1631 1460 indociles
1656 1424 1702 1460 et
1728 1427 1824 1460 tar-

198 1501 243 1546 di
283 1500 345 1545 ad
384 1498 768 1556 percipiendum,
806 1496 983 1541 mirum
1016 1505 1091 1541 est
1125 1510 1270 1551 quam
1305 1494 1445 1539 breui
1481 1502 1649 1538 uotum
1684 1508 1826 1539 suum

197 1587 618 1635 consequuantur;
646 1586 692 1619 et
718 1590 829 1619 cum
855 1584 1015 1618 antea-
1038 1572 1169 1617 vitiis
1195 1582 1242 1617 et
1266 1572 1415 1628 gulae
1440 1571 1587 1616 dediti
1611 1580 1756 1615 erant
1780 1581 1827 1615 et

198 1656 436 1711 rixantes,
464 1654 561 1699 iam
586 1652 735 1711 quieti
759 1661 807 1696 et
829 1650 1054 1706 modesti,
1083 1649 1211 1705 quod
1237 1649 1461 1694 omnibus
1483 1647 1715 1693 mirabile
1733 1657 1822 1693 est.

198 1733 577 1788 Fraequentant
600 1728 807 1785 singulis
838 1727 1085 1772 mensibus
1116 1725 1470 1779 confessiones,
1508 1725 1827 1769 instituuntur

200 1809 427 1855 doctrina
454 1806 739 1860 christiana,
768 1805 847 1861 qui
873 1820 982 1849 eam
1006 1804 1184 1849 docent
1222 1818 1338 1848 suos
1377 1802 1626 1858 conciues,
1653 1817 1826 1858 paren·
1866 1822 1893 1862 (ς

198 1899 272 1933 tes
296 1896 344 1932 et
366 1885 570 1942 fratres,
598 1893 646 1929 et
678 1883 748 1928 sic
783 1883 876 1927 iam
910 1890 1016 1926 tota
1050 1879 1256 1927 Galecia
1295 1880 1545 1936 (laudetur
1578 1878 1827 1936 Christus)

200 1973 583 2021 praeceptorum
617 1961 711 2006 Dei
745 1970 819 2006 est
853 1959 1018 2015 aliqua
1057 1958 1292 2015 cognitio.
1333 1956 1422 2002 Est
1458 1957 1487 2001 4
1524 1956 1696 2001 classis
1731 1970 1828 2012 qua
1860 1943 1898 2008 J,

201 2041 459 2087 dialectica
484 2039 748 2096 exponitur
772 2046 819 2082 et
844 2047 1137 2093 promouent
1162 2034 1458 2090 scholastici;
1482 2033 1566 2079 sed
1591 2033 1638 2078 in
1663 2033 1828 2079 lectio·

199 2135 260 2164 ne
283 2117 582 2175 theologica,
611 2130 756 2172 quam
793 2128 966 2159 cassus
1000 2112 1182 2167 dicunt,
1209 2111 1507 2157 conueniunt
1542 2125 1711 2155 omnes
1745 2109 1827 2154 ini·
1861 2093 1900 2169 >5¹

199 2196 306 2242 tiati
331 2194 504 2251 sacris,
533 2203 581 2239 et
605 2191 895 2238 sacerdotes
917 2189 1024 2235 fere
1059 2189 1116 2234 70
1148 2189 1228 2246 qui
1253 2204 1363 2233 cum
1388 2197 1552 2233 essent
1575 2186 1757 2232 indocti
1780 2195 1828 2232 et

199 2273 424 2319 ecclesiis
457 2269 717 2328 praefecti,
754 2269 850 2313 iam
885 2267 930 2312 in
963 2267 1033 2312 eis
1065 2266 1450 2311 emolumentum
1475 2274 1549 2310 est
1572 2263 1828 2309 incredibi-
1869 2267 1893 2314 ..5³

202 2352 262 2396 le.
290 2350 355 2396 Et
378 2350 513 2395 iussu
548 2347 763 2405 episcopi
799 2344 1043 2391 auriensis
1077 2342 1408 2400 explicabitur
1443 2341 1664 2398 sequenti
1699 2356 1828 2386 anno

201 2443 394 2473 summa
419 2424 649 2472 Caietani
677 2423 705 2469 ¹.

259 2506 302 2550 4.
368 2504 422 2550 In
447 2502 768 2550 concionibus
791 2499 985 2557 quidem
1015 2506 1118 2543 tum
1154 2497 1199 2541 in
1234 2496 1482 2552 Patribus,
1510 2505 1611 2541 tum
1636 2510 1758 2540 vero
1782 2494 1829 2539 in
1867 2507 1873 2546 a]
1899 2514 1905 2541 ,·

203 2583 318 2639 ipsis
351 2580 523 2627 incolis
556 2589 631 2625 est
664 2591 877 2635 magnus
911 2574 1080 2631 ardor,
1108 2573 1233 2619 adeo
1258 2581 1311 2618 vt
1336 2571 1499 2629 populi
1534 2571 1588 2617 10
1609 2580 1658 2617 et
1680 2570 1828 2616 vnde-

203 2660 298 2705 cim
322 2671 636 2715 parasangas
661 2656 898 2700 distantes
932 2652 1091 2697 solent
1121 2665 1337 2706 euocare
1367 2649 1561 2705 Patres;
1587 2656 1636 2693 et
1660 2647 1698 2692 si
1723 2647 1828 2704 quis
1857 2664 1859 2682 2
1892 2642 1905 2704 J

203 2745 427 2781 nostrum
458 2749 546 2790 per
576 2732 788 2789 aliquem
823 2730 985 2776 vicum
1022 2726 1352 2784 proficiscitur
1376 2725 1413 2782 a,
1440 2725 1657 2771 detinent
1696 2739 1825 2778 eum,

251 2911 269 2931 a
335 2901 607 2939 profiscicitur
635 2910 713 2936 ms.

255 3066 263 3085 ¹
316 3062 425 3099 Vide
446 3060 645 3108 superius,
667 3071 759 3106 pag.
780 3058 862 3103 901,
883 3061 1018 3094 annot.
1040 3054 1076 3091 2.
