1909 3328
257 288 327 324 606
725 288 943 325 LITTERAE
971 288 1323 333 QUADRIMESTRES

214 384 303 429 lior
329 393 460 429 esset
484 392 686 439 propter
706 398 1031 429 oeconomum
1052 395 1165 439 etc.;
1189 385 1266 429 vel
1288 385 1333 428 in
1354 385 1448 430 hac
1468 400 1522 429 re
1541 384 1694 429 Illust.
1719 384 1843 440 prin-

212 461 304 516 cipi
329 476 595 516 pareamus
615 460 673 506 de
698 461 990 518 recipiendis
1014 460 1269 506 monachis
1293 461 1398 506 siue
1418 461 1743 517 stipendiatus,
1766 461 1845 517 qui

213 537 302 582 sibi
327 537 386 582 de
420 553 596 594 coquo,
629 553 901 584 oeconomo
936 547 983 583 et
1018 538 1218 595 reliquis
1252 538 1548 584 necessariis
1583 537 1846 594 prouidere

213 614 300 670 ipsi
325 615 527 671 possint,
565 616 644 660 vel
678 631 767 672 pro
802 616 998 660 nouitiis
1033 615 1215 661 nostris
1250 631 1358 661 eam
1390 615 1720 676 instituamus.
1758 614 1845 660 Po-

213 701 453 737 stremum
492 692 608 738 illud
647 693 754 749 plus
788 693 928 739 nobis
959 693 1302 738 commodaret
1337 702 1384 738 et
1417 692 1641 738 instituto
1677 700 1846 738 nostro

217 769 421 814 vicinius
446 769 556 827 erit,
585 778 636 814 vt
660 770 774 815 mihi
798 779 988 815 tantum
1015 769 1226 815 videtur.
1257 769 1332 815 De
1364 769 1621 815 monachis
1654 778 1702 815 et
1735 783 1846 814 con-

215 848 486 892 uictoribus
509 863 604 892 non
631 848 909 894 dubitarem
933 848 1272 893 necessarium
1299 848 1449 893 etiam
1470 856 1518 893 et
1538 847 1846 892 Vtilissimum

214 939 335 980 opus
369 940 496 976 esse,
533 925 573 969 si
606 924 747 971 nobis
780 925 842 971 ad
876 926 1074 970 hortum
1108 924 1332 970 accessio
1365 925 1500 969 nulla
1534 932 1680 979 esset,
1715 924 1847 969 serui

214 1001 340 1046 enim
365 1017 586 1048 essemus
609 1012 657 1048 et
682 1018 777 1048 non
802 1003 985 1048 domini
1010 1002 1138 1047 horti
1164 1014 1211 1048 et
1236 1002 1409 1047 domus
1433 1012 1652 1059 nostrae;
1690 1016 1848 1058 neque

212 1080 256 1124 in
297 1080 508 1137 collegio
544 1081 696 1126 vllum
731 1081 973 1126 habemus
1007 1079 1084 1125 cui
1120 1081 1428 1138 periculosus
1467 1078 1548 1125 ille
1583 1080 1846 1125 thesaurus

213 1157 562 1203 conci-edatur.
592 1158 671 1204 Ab
695 1160 856 1205 altera
887 1168 1029 1215 parte
1069 1159 1247 1204 nollem
1288 1157 1544 1204 offendere
1579 1156 1846 1214 principem

214 1235 346 1280 serio
371 1235 465 1280 hoc
489 1237 837 1292 postulantem.

271 1315 313 1358 8.
380 1313 525 1359 Ionas
549 1313 808 1360 immemor
832 1315 1049 1360 omnium
1074 1313 1426 1360 beneficiorum
1450 1313 1545 1359 Dei
1569 1323 1617 1359 et
1646 1313 1846 1359 Patrum

215 1390 495 1449 Societatis,
521 1393 650 1438 male
675 1392 735 1438 de
758 1392 900 1438 nobis
919 1402 1154 1438 meretur.
1179 1392 1389 1438 Praeter
1409 1400 1614 1437 caetera
1632 1391 1847 1437 innume-

215 1485 271 1514 ra
295 1470 533 1515 scandala
558 1485 684 1527 quae
709 1485 771 1516 ex
795 1470 876 1516 illo
901 1471 1129 1516 oriuntur
1153 1469 1436 1527 transfuga,
1474 1470 1568 1515 hoc
1591 1469 1741 1515 etiam
1767 1470 1847 1515 ob-

213 1546 303 1592 fuit
326 1548 571 1604 profectui
596 1558 785 1605 nostro,
814 1549 1030 1594 maxime
1055 1549 1117 1594 ad
1143 1549 1342 1595 ordines
1365 1547 1846 1605 promouendisffira-

214 1624 388 1682 tribus,
415 1634 469 1670 vt
493 1625 640 1671 etiam
670 1625 1029 1683 suffraganeus
1062 1625 1376 1682 eistettensis,
1417 1625 1768 1682 integerrimus
1803 1633 1849 1669 et

214 1702 525 1749 fidelissimus
549 1714 792 1760 patronus
816 1713 865 1750 et
889 1704 1079 1750 amicus
1103 1714 1289 1760 noster,
1318 1704 1528 1761 posthac
1554 1711 1753 1748 recuset
1776 1717 1849 1747 or-

215 1781 386 1826 dinare
409 1780 597 1827 fratres
621 1790 819 1827 nostros
844 1783 873 1826 ¹.
904 1781 1043 1827 Vidit
1067 1782 1195 1827 enim
1217 1781 1392 1827 Ionam
1413 1781 1675 1826 diaconum
1696 1779 1742 1825 in
1762 1777 1848 1824 So-

214 1859 396 1904 cietate
418 1868 700 1916 promotum
723 1859 877 1905 libere
902 1859 966 1905 ab
990 1860 1072 1905 illa
1102 1859 1362 1906 decedere.
1401 1858 1548 1916 Quod
1581 1858 1621 1903 si
1655 1858 1849 1915 impune

215 1935 344 1993 licet,
370 1937 449 1982 vel
473 1937 649 1994 quauis
672 1937 821 1984 etiam
840 1937 938 1983 alia
958 1938 1153 1983 ratione
1171 1937 1391 1983 nonnulli
1416 1936 1761 1993 excludantur,
1783 1935 1849 1981 iu-

214 2014 347 2059 dicat
370 2013 666 2071 religionem
691 2024 777 2060 aut
799 2030 896 2060 non
921 2030 1031 2061 esse
1055 2016 1403 2073 approbatam,
1441 2024 1527 2060 aut
1561 2013 1849 2070 religionem

214 2107 310 2137 non
345 2107 454 2138 esse
489 2107 664 2138 veram
697 2108 854 2150 neque
888 2108 999 2138 cum
1039 2093 1146 2138 aliis
1181 2091 1556 2149 conferendam,
1594 2101 1679 2136 aut
1711 2099 1850 2136 certe

213 2170 346 2215 illam
370 2170 616 2216 immerito
641 2170 873 2228 decipere
897 2186 991 2216 non
1019 2171 1165 2216 modo
1190 2171 1298 2216 illos
1333 2170 1413 2228 qui
1448 2168 1751 2216 Societatem
1784 2168 1849 2214 in-

214 2247 511 2304 grediuntur
534 2257 582 2294 et
605 2249 669 2294 ad
693 2248 892 2294 ordines
915 2248 1270 2306 suscipiuntur,
1298 2248 1384 2293 sed
1418 2247 1566 2293 etiam
1593 2247 1723 2304 ipsos
1756 2245 1850 2303 epi-

214 2339 393 2382 scopos
417 2325 496 2383 qui
521 2326 631 2372 iure
649 2326 976 2383 prohibentur
1000 2326 1214 2384 aliquem
1235 2325 1469 2372 ordinare
1492 2324 1583 2370 nisi
1603 2325 1683 2371 vel
1701 2323 1851 2381 patri-

216 2403 378 2448 monio
401 2402 648 2449 sufficenti
672 2413 758 2449 aut
789 2402 1026 2449 beneficio
1061 2403 1326 2450 sacerdote
1362 2403 1514 2461 digno
1549 2417 1757 2449 securus
1789 2402 1850 2448 ad

215 2479 412 2525 ordines
451 2481 675 2527 accedat.
721 2479 847 2526 Cum
893 2495 1015 2526 vero
1058 2480 1105 2526 in
1149 2481 1437 2537 praesentia
1481 2479 1850 2537 apertissimum

216 2559 497 2614 exemplum
520 2558 568 2603 in
589 2558 711 2604 Iona
730 2558 1018 2616 conspiciat,
1041 2568 1090 2604 et
1112 2559 1292 2604 multos
1319 2559 1366 2604 in
1391 2556 1647 2604 Societate
1672 2571 1850 2615 paupe·

216 2650 296 2680 res
321 2636 605 2692 promoueri
627 2636 768 2690 sciat,
799 2635 1103 2682 conscientia
1127 2652 1219 2682 sua
1254 2645 1487 2694 vrgente,
1524 2635 1688 2682 renuit
1721 2634 1850 2682 dein-

216 2727 332 2769 ceps
355 2723 568 2771 nostros,
596 2713 687 2759 nisi
710 2713 843 2759 aliud
868 2713 1142 2759 euidentius
1166 2714 1501 2759 testimonium
1526 2714 1586 2759 de
1611 2713 1851 2770 religione

265 2865 274 2883 ¹
326 2862 481 2900 Eadem
500 2863 739 2901 difficultate
757 2863 1018 2901 detinebatur
1043 2863 1130 2910 ipse
1158 2864 1371 2911 episcopus
1397 2864 1660 2910 eistettensis,
1689 2869 1731 2900 ut
1758 2862 1852 2900 dicit

216 2923 262 2960 P.
285 2922 474 2961 Canisius
493 2924 533 2960 in
552 2924 675 2961 citata
693 2924 881 2972 epistola.
908 2922 1017 2960 Vide
1035 2935 1142 2970 quae
1162 2924 1319 2960 erudite
1341 2924 1552 2962 annotavit
1578 2923 1851 2960 BRAUNSBER-

216 2993 301 3019 GER
335 2983 385 3020 ad
418 2984 524 3020 hunc
554 2985 698 3022 locum.
729 2983 857 3021 Porro
888 2984 1099 3031 episcopus
1130 2983 1379 3021 eistettensis
1415 2989 1505 3021 erat
1535 2983 1772 3021 Everardus
1802 2981 1851 3020 ab

215 3042 446 3089 Hirnheim;
479 3043 767 3091 suffraganeus
798 3056 896 3081 vero
926 3055 999 3081 seu
1029 3043 1239 3080 auxiliaris
1270 3044 1433 3080 videtur
1458 3043 1584 3081 fuisse
1613 3042 1853 3081 Leonardus

215 3101 375 3140 Haller.
398 3101 462 3140 Cf.
484 3101 645 3149 EussaL,
667 3103 949 3150 Hierarchz'a‚
970 3103 1041 3150 III,
1061 3102 1128 3140 291
1152 3108 1192 3140 et
1210 3103 1293 3140 367.
