1960 3343
304 217 376 254 276
775 218 993 255 LITTERAE
1021 218 1378 264 QUADRIMESTREs

259 316 308 357 et
314 314 526 370 fratres
548 313 968 358 sacratissimaru
994 318 1183 369 corpus
1206 312 1424 357 Domini
1455 317 1779 369 acceperunt,
1818 314 1893 370 os-

242 389 378 446 ficia
404 390 562 434 etiam
586 389 648 434 de
673 392 892 435 mortuis
916 391 1217 434 recitarunt.

315 465 360 512 8.
429 465 575 522 Quod
601 466 663 511 ad
689 467 946 512 literarum
979 466 1141 511 studia
1177 466 1370 520 attinet,
1403 470 1772 522 praeceptores
1806 466 1894 512 ali-

257 543 464 599 quando
490 543 665 588 minus
689 542 959 587 commoda
982 546 1198 587 vtzuztur
1220 541 1532 602 valetudine,
1554 542 1648 587 sed
1665 556 1784 587 raro
1805 546 1900 587 aut

258 632 528 676 nunquam
553 619 605 663 in
631 618 884 663 classibus
907 618 1290 663 desiderantur.
1319 617 1376 662 In
1402 617 1564 662 literis
1592 618 1748 663 etiam
1773 618 1892 664 mul-

258 703 423 740 torum
449 695 705 751 profectus
730 705 956 751 apparet,
985 704 1033 740 et
1052 710 1224 739 eorum
1246 694 1393 739 animi
1414 694 1623 739 excitari
1644 694 1890 751 videntur,

257 772 555 828 praesertim
580 787 725 829 nune;
753 787 868 816 nam
895 772 1072 816 Patres
1095 772 1169 816 his
1194 771 1433 827 proximis
1452 771 1639 824 diebus
1662 787 1774 817 eum
1796 771 1893 817 vel-

257 848 357 893 lent
380 864 553 894 eorum
579 848 770 893 animos
794 848 857 893 ad
882 849 1139 893 literarum
1172 848 1335 893 studia
1371 848 1575 893 allicere
1596 854 1630 901 ³,
1670 848 1895 904 praemia

257 934 333 970 ter
357 925 403 969 in
428 941 557 969 anno
583 925 672 977 his,
701 925 781 981 qui
807 924 978 970 melius
1003 926 1168 969 soluta
1193 934 1241 969 et
1266 925 1423 980 ligata
1448 924 1677 970 oratione
1696 940 1893 982 compo-

257 1011 449 1054 nerent,
478 1001 586 1047 dari
611 1001 990 1047 constituerunt.
1018 1001 1085 1046 Et
1107 1002 1265 1046 luu'us
1288 1002 1366 1046 rei
1384 1002 1582 1059 gratia,
1621 1001 1892 1047 constituto

258 1083 504 1136 tempore,
532 1079 695 1123 tribus
719 1079 771 1123 in
796 1078 1048 1123 classibus
1081 1079 1256 1124 thema
1290 1079 1364 1123 eis
1392 1079 1723 1135 proponitur,
1761 1078 1900 1135 quod

259 1156 519 1212 componit
535 1155 888 1213 vnusquisque
908 1155 959 1199 in
987 1169 1086 1199 sua
1111 1155 1298 1210 classes
1322 1168 1437 1200 cum
1457 1168 1577 1200 vero
1603 1154 1896 1199 absolutum

258 1237 347 1289 est,
376 1233 614 1278 notarius
636 1232 850 1289 quidam
875 1246 939 1276 ex
964 1232 1155 1277 nostris
1189 1232 1261 1276 ad
1292 1231 1347 1276 id
1368 1246 1560 1277 nunnus
1591 1232 1896 1277 constitutus

257 1309 502 1367 singulas
538 1309 729 1354 classes
766 1309 960 1365 inuisit,
1000 1309 1085 1353 cui
1122 1309 1475 1366 vnusqzu'sque
1508 1309 1707 1353 traddit
1740 1321 1897 1354 suum

258 1386 448 1443 thema,
476 1399 577 1430 non
601 1385 890 1441 subscripto
921 1385 1149 1439 nominc,
1176 1385 1270 1429 sed
1301 1389 1504 1430 tantun!
1540 1385 1663 1430 dicit
1693 1384 1896 1430 notario

259 1477 357 1520 quo
384 1464 590 1508 nomine
612 1467 843 1514 vocetur:
867 1467 975 1507 tum
1011 1464 1248 1508 notarius
1272 1464 1323 1507 in
1349 1463 1573 1520 quodam
1598 1462 1724 1508 libro
1749 1462 1821 1507 ad
1841 1462 1897 1506 id

259 1540 531 1585 constituto
554 1540 885 1597 singulorum
921 1540 1134 1585 nomina
1167 1540 1357 1593 scriln't,
1385 1540 1695 1597 quibusdam
1720 1553 1894 1585 nume-

262 1618 334 1662 ris
357 1618 410 1662 in
431 1617 563 1673 ipsis
582 1617 878 1662 nominibus
895 1617 1146 1674 signatis:
1164 1617 1220 1661 lu‘
1242 1617 1397 1662 etiam
1421 1618 1707 1674 signantur
1724 1617 1777 1662 in
1796 1617 1898 1662 the-

260 1694 417 1739 matis
451 1694 722 1739 nominum
762 1693 995 1738 numeris
1035 1694 1422 1750 respondentes:
1456 1693 1682 1749 exempli
1713 1707 1900 1739 causa:

260 1770 452 1815 Petrus
475 1784 726 1816 numerus
752 1770 785 1815 7
790 1770 851 1825 5,·
884 1771 1011 1815 haec
1045 1771 1096 1815 in
1132 1770 1257 1815 libro
1283 1785 1314 1815 a
1339 1771 1566 1826 notarios
1589 1771 1641 1815 in
1677 1771 1899 1816 themate

261 1851 465 1893 tantum
502 1862 753 1893 numerus
789 1847 821 1892 7
827 1848 887 1892 5:
920 1848 1128 1905 quando
1162 1862 1282 1892 vero
1314 1848 1510 1892 iudices
1539 1848 1788 1904 iudicant,
1825 1861 1897 1892 se·
1949 1843 1953 1846 ⁴

262 1924 685 1981 ptuagessiinum
702 1924 938 1981 quintum
959 1938 1234 1969 numerum
1252 1925 1498 1969 uictorem
1515 1924 1763 1980 euasisse,
1780 1928 1899 1969 tunc

263 2002 534 2059 quaeritur
557 2002 609 2046 in
636 2001 762 2046 libro
787 2016 818 2046 a
843 2002 1044 2046 notario
1069 2002 1121 2045 iu
1147 2002 1371 2046 themate
1395 2015 1580 2046 nomen
1605 2001 1901 2047 scholastici

263 2077 354 2135 qui
385 2078 479 2124 tali
500 2092 716 2123 numero
741 2079 993 2133 signetur.
1022 2077 1239 2123 Inuento
1270 2079 1476 2123 nomine
1500 2082 1549 2123 et
1571 2092 1801 2135 nurnero,
1825 2077 1896 2123 ui-

261 2159 371 2200 ctor
387 2155 697 2200 declaratur.
717 2155 864 2200 Haec
883 2155 1231 2213 onzm'afinnt,
1254 2170 1316 2199 ne
1340 2155 1359 2182 b
1385 2156 1435 2200 in
1462 2155 1742 2201 iudicando
1753 2155 1898 2214 judi-
1939 2214 1943 2217 Δ

260 2247 378 2277 curn
417 2239 432 2259 ⁰
472 2233 728 2277 sententia
758 2232 960 2289 fauore
1001 2236 1093 2276 aut
1125 2233 1308 2289 gratia
1339 2232 1627 2278 inclinetur.
1668 2232 1899 2290 Cognitis
1943 2262 1946 2265 -

261 2309 505 2366 personis
520 2310 613 2355 hoc
628 2309 810 2354 ordine
826 2313 874 2353 et
883 2309 1366 2365 processudantur
1377 2310 1623 2365 praemia
1642 2310 1724 2354 his
1741 2309 1830 2367 qui
1847 2309 1898 2354 in

264 2386 549 2431 certamine
567 2385 787 2430 victores
805 2385 1040 2430 euadunt
1063 2386 1176 2440 (sed
1197 2386 1248 2429 in
1270 2386 1482 2443 collegio
1502 2389 1675 2431 nostro
1696 2389 1898 2431 tantum

266 2462 392 2507 data
415 2466 539 2507 sunt
559 2462 721 2507 semel
741 2462 833 2507 hoc
858 2476 1020 2517 armos
1052 2462 1147 2507 sed
1161 2462 1348 2518 paucis
1368 2467 1488 2518 post
1509 2462 1689 2507 diebus
1713 2463 1897 2507 iterum

263 2539 563 2595 dabuntur).

324 2614 367 2660 9.
434 2614 487 2659 In
522 2615 596 2660 his
635 2614 654 2641 ‘¹
694 2615 865 2660 dandis
899 2615 977 2660 hie
1010 2614 1184 2660 modus
1219 2624 1449 2660 seruatus
1484 2623 1574 2660 est.
1612 2615 1781 2660 Posita
1820 2622 1892 2660 est

266 2691 309 2735 in
336 2691 590 2747 peristylio
615 2700 785 2737 nostro
809 2691 1051 2737 cathedra
1075 2692 1325 2747 tapetibus
1348 2701 1544 2748 ornata,
1567 2692 1894 2748 sedilibusque

266 2768 570 2824 compositis,
597 2778 650 2813 vt
685 2778 994 2825 spectatores
1029 2769 1277 2826 sederent,
1310 2778 1359 2813 et
1393 2784 1565 2813 mensa
1588 2769 1737 2814 etiam
1761 2777 1892 2824 tape-

265 2844 394 2889 tibus
419 2853 598 2900 strata‚
625 2845 671 2889 in
692 2862 787 2901 qua
812 2846 998 2891 iudices
1022 2855 1070 2890 et
1093 2846 1319 2890 notarius
1342 2845 1598 2902 sedebant,
1620 2859 1890 2901 coramque
1935 2882 1944 2898 ,

313 3017 330 3038 a
377 3010 642 3047 inflammare.
701 3012 763 3038 —b
803 3022 977 3048 necnzs.
1033 3018 1094 3038 —c
1140 3006 1434 3059 judiciumins.
1485 3011 1554 3038 —d
1593 3016 1749 3049 autem.'
