1909 3328
256 297 326 333 788
724 294 775 330 LI
786 305 947 330 rTERAE
973 294 1331 339 QUADRIMESTRES

207 392 337 449 quod
356 390 634 435 hominibus
651 399 841 434 tantum
859 391 1061 446 patebat
1078 391 1255 444 aditus;
1272 391 1357 436 sed
1374 407 1485 436 cum
1499 407 1612 448 spes
1627 392 1846 438 obtinen-

207 471 299 514 dae
316 468 560 513 ecclesiae
577 468 620 511 in
640 468 842 523 longum
861 468 1259 524 protraheretur,
1279 469 1592 514 decreuimus
1609 469 1846 515 sacellum

206 548 298 591 hoc
315 546 383 590 ita
403 561 587 590 ornare
606 554 659 589 ut
678 545 794 589 nihil
813 545 878 589 illi
898 545 960 590 ad
980 546 1244 590 ecclesiam
1265 546 1439 591 deesse
1461 547 1732 604 videretur;
1752 563 1847 604 quo

207 640 268 669 ex
305 634 530 679 tempore
570 622 881 679 frequentior
916 623 1060 668 solito
1092 623 1153 668 ad
1185 639 1275 669 nos
1305 624 1555 669 hominurn
1588 625 1848 671 multitudo

207 700 462 746 confluxit.
490 699 618 745 Nam
644 709 1000 756 praeterquam
1020 701 1150 756 quod
1170 701 1265 746 loci
1290 703 1618 747 commoditas
1637 712 1686 748 et
1705 718 1845 748 orna-

207 787 286 822 tus
305 793 390 822 eos
409 777 578 827 allicit,
602 778 777 822 concio
797 777 946 823 etiam
967 777 1029 822 R.
1053 778 1103 822 P.
1123 779 1280 824 nostri
1301 779 1532 828 rectoris.
1556 780 1617 825 D.
1641 780 1846 834 Loarte‚

207 870 354 911 quam
390 864 500 911 post
535 855 716 900 missae
751 855 1071 900 offertorium
1107 856 1170 900 ad
1204 871 1290 901 eos
1324 856 1513 901 habere
1547 857 1722 903 solitus
1757 868 1846 912 est,
1907 871 1909 874 ⁴

207 933 385 978 mirum
413 933 457 977 in
483 932 682 977 modum
707 948 881 978 eorum
906 933 1098 977 animos
1123 943 1323 978 recreat
1344 945 1492 991 atque
1513 934 1687 980 reficit.
1712 934 1845 980 Sem-

206 1027 295 1067 per
319 1010 447 1056 enim
472 1010 642 1055 inserit
667 1019 817 1066 atque
841 1010 1016 1055 intexit
1041 1010 1206 1067 aliqua
1226 1011 1285 1056 de
1305 1011 1651 1057 sanctissimae
1671 1013 1848 1058 eucha-

208 1088 377 1133 ristiae
402 1098 740 1143 sacramento,
768 1087 831 1132 ad
856 1087 983 1143 quod
1011 1103 1191 1144 magna
1217 1104 1327 1132 cum
1364 1088 1514 1133 animi
1549 1089 1848 1134 summissio-

206 1183 267 1212 ne
292 1166 658 1222 suscipiendum
683 1166 933 1217 hortatur,
961 1166 1138 1222 quibus
1174 1167 1324 1210 rebus
1359 1166 1428 1210 ita
1463 1166 1846 1222 inflammantur,

207 1253 260 1289 ut
285 1245 435 1289 aliam
462 1243 635 1288 videre
660 1243 820 1299 possis
854 1244 1198 1299 apostolorum
1235 1244 1700 1300 congregationem,
1739 1260 1848 1290 cum

207 1338 378 1368 omnes
404 1320 590 1376 pariter
615 1321 660 1365 in
686 1320 859 1365 eodem
881 1322 992 1365 loco
1012 1320 1274 1376 constipati
1297 1321 1592 1376 promissum
1612 1321 1848 1378 Spiritum

209 1398 451 1445 Sanctum
476 1399 678 1444 summis
703 1397 832 1443 uotis
851 1398 1311 1455 praestolabantur:
1335 1409 1447 1444 sunt
1467 1400 1594 1444 enim
1615 1416 1725 1445 cum
1745 1415 1851 1446 cor-

208 1493 331 1534 pore
352 1477 488 1526 uniti,
512 1478 625 1533 quia
647 1492 769 1533 prae
789 1476 881 1521 loci
903 1476 1149 1533 angustiis
1169 1477 1336 1533 stipati
1357 1493 1561 1522 manere
1582 1487 1849 1534 coguntur,

208 1565 311 1600 tum
336 1571 459 1600 uero
483 1554 684 1610 spiritus
706 1554 1027 1611 colligatione
1052 1554 1454 1606 coniunctissimi,
1494 1564 1545 1600 ut
1579 1556 1757 1601 merito
1792 1555 1851 1601 de

208 1633 280 1678 eis
303 1642 420 1678 tunc
444 1632 683 1689 temporis
720 1632 811 1677 dici
848 1632 1019 1687 possit:
1062 1631 1191 1677 Ecce
1226 1648 1374 1688 quam
1407 1633 1589 1677 bonum
1624 1644 1669 1678 et
1705 1648 1850 1690 quam

209 1711 475 1756 iucundum
502 1710 732 1755 habitare
758 1709 945 1754 fratres
971 1710 1014 1753 in
1043 1725 1191 1753 vnum
1219 1712 1246 1753 1.
1273 1709 1446 1766 Quare
1482 1719 1532 1755 ut
1566 1711 1626 1755 ad
1664 1710 1852 1756 institu-

208 1798 313 1834 tum
348 1797 598 1841 reuertar,
636 1787 871 1844 frequens
907 1797 980 1832 est
1016 1786 1354 1832 confitentium
1391 1803 1643 1839 numerus,
1687 1788 1765 1844 qui
1805 1788 1849 1833 in

212 1867 313 1912 dies
338 1865 500 1922 magis
526 1865 786 1921 magisque
806 1874 1038 1921 augetur3
1061 1881 1123 1910 ex
1144 1881 1240 1922 quo
1261 1865 1551 1911 coniectura
1571 1864 1852 1911 firmissima

210 1944 388 1989 adduci
414 1959 691 1999 possumus,
721 1952 771 1987 ut
796 1942 1062 1987 credamus
1098 1943 1382 1988 uberiorem
1417 1944 1573 1987 multo
1608 1952 1656 1988 et
1690 1944 1851 2000 copio-

209 2021 393 2067 siorem
438 2020 653 2065 fructum
700 2028 990 2076 perceptum
1037 2020 1111 2072 iri,
1154 2020 1193 2064 si
1238 2020 1453 2065 ecclesia
1497 2035 1661 2076 capax
1704 2030 1853 2077 atque

210 2099 439 2144 omnibus
464 2107 639 2154 patens
664 2098 708 2141 in
734 2096 873 2142 urbis
897 2096 1168 2142 meditullio
1195 2097 1336 2142 nobis
1370 2107 1501 2143 esset
1537 2097 1599 2142 ad
1635 2113 1849 2153 manum,

211 2192 359 2233 quam
387 2176 516 2221 haud
542 2173 821 2228 diffidimus,
846 2174 955 2219 Deo
975 2174 1306 2232 dante,b1-eui
1326 2186 1701 2231 assequuturos.
1725 2175 1853 2220 Nam

211 2255 250 2300 si
275 2253 472 2311 quando
497 2252 624 2297 illius
649 2252 814 2308 aliqua
838 2267 928 2297 nos
952 2252 1110 2297 tenuit
1144 2267 1274 2308 spes3
1312 2268 1442 2297 nunc
1476 2268 1598 2297 uero
1638 2253 1853 2298 maxime
1898 2306 1899 2310 Ἰ

211 2333 472 2389 praelucet
495 2330 541 2375 in
566 2339 838 2386 posterum,
866 2330 1185 2374 senatoribus
1209 2330 1437 2375 omnibus
1461 2329 1603 2375 huius
1628 2329 1853 2386 reipubli-

212 2425 303 2455 cae
327 2425 439 2455 cum
466 2408 704 2454 uniuersa
729 2406 833 2452 fere
857 2406 1061 2452 ciuitate
1086 2407 1132 2451 id
1157 2407 1506 2464 expetentibus
1531 2417 1579 2452 et
1602 2423 1632 2452 a
1661 2421 1853 2452 summo

213 2485 461 2543 pontifice,
489 2484 742 2542 legatione
768 2484 826 2529 de
852 2499 911 2529 ea
937 2499 990 2528 re
1015 2485 1076 2528 ad
1102 2500 1215 2529 eum
1236 2484 1404 2533 missa,
1427 2484 1554 2529 idem
1576 2483 1852 2540 efflagitan-

212 2563 358 2617 tibus3
407 2562 495 2608 sed
539 2562 770 2620 quoniam
817 2576 982 2605 rerum
1030 2561 1249 2606 omnium
1290 2562 1454 2606 exitus
1504 2561 1681 2606 incerti
1725 2571 1850 2617 sunt,
1896 2616 1904 2620 „

214 2641 376 2686 adhuc
401 2640 669 2697 pendemus
694 2639 874 2692 animo,
902 2647 950 2684 et
973 2638 1020 2683 in
1045 2638 1136 2683 hac
1168 2654 1254 2695 spe
1289 2639 1664 2695 requiescimus,
1692 2638 1853 2683 Deum

214 2718 402 2764 scilicet
427 2733 579 2774 supra
604 2732 751 2773 quam
777 2731 867 2761 nos
901 2715 1192 2760 desiderare
1227 2716 1517 2772 poterimus,
1554 2716 1719 2760 omnia
1743 2730 1852 2770 sua·
1903 2755 1905 2757 .

214 2795 345 2840 uiter
369 2794 740 2851 dispositurum.

274 2871 316 2917 2.
385 2870 655 2916 Caeterum
681 2886 809 2928 quae
834 2870 1075 2915 hactenus
1099 2870 1313 2915 diximus
1337 2870 1396 2915 de
1421 2869 1643 2914 uirorum
1662 2872 1851 2914 tanturn

214 2948 446 3004 profectu
471 2948 723 2993 intellecta
748 2938 997 3003 volumus,
1024 2946 1085 2992 de
1110 2947 1397 2992 mulieribus
1422 2956 1589 2992 autem
1624 2939 1753 2991 idem
1788 2944 1852 2993 di,-
1906 2988 1907 2992 ,

266 3117 274 3135 ¹
328 3116 394 3151 Psi
418 3115 634 3158 CXXXII,
659 3117 690 3152 1.
