1909 3328
250 234 321 271 962
715 233 932 270 LITTERAE
957 232 1312 279 QUADRIMESTRES

262 330 303 374 3.
373 328 554 375 Comes
578 344 608 374 a
633 327 965 375 Castanheira
989 332 999 354 ¹
1028 330 1210 376 nostris
1236 331 1386 376 rebus
1410 330 1619 389 deditus,
1647 341 1700 377 vt
1723 333 1828 378 vul-

205 422 269 463 go
295 414 476 451 vocant
500 406 723 463 deuotus,
750 406 813 451 ad
846 422 936 452 nos
970 407 1235 464 aliquando
1267 407 1436 454 venire
1461 408 1648 465 solitus,
1675 409 1829 466 pridie

206 481 349 539 hujus
373 482 630 538 proximae
649 491 962 539 pentecostes
985 483 1030 528 in
1052 493 1223 530 nostro
1245 485 1457 541 collegio
1478 485 1615 531 Patri
1634 486 1827 532 cuidam

206 569 373 605 nostro
398 559 457 605 de
481 559 581 604 suis
605 560 820 616 peccatis
845 569 919 605 est
943 561 1215 607 confessus.
1240 561 1515 619 Episcopus
1553 563 1829 620 algarbien-

317 636 431 693 ‚qui
451 645 499 682 et
522 636 625 693 ipse
651 646 818 682 rector
842 646 917 682 est
941 638 1094 695 vrbis,
1123 638 1299 696 quippe
1324 639 1404 695 qui
1428 639 1474 684 in
1492 639 1697 696 publicis
1714 639 1830 685 iudi-

206 714 290 759 ciis
315 713 449 770 regis
473 729 736 770 personam
761 714 985 771 sustinet,
1013 715 1076 761 ad
1113 725 1337 762 nostrum
1371 717 1632 774 collegium
1667 717 1830 774 singu-

206 791 261 835 lis
287 790 392 836 fere
416 801 528 836 octo
554 791 725 836 diebus
749 791 936 849 venire,
963 801 1011 838 et
1035 793 1094 838 de
1118 794 1337 850 peccatis
1361 794 1633 853 confessus,
1669 796 1715 841 in
1739 795 1831 852 pri-

207 877 323 913 uato
347 868 531 914 sacello
556 883 660 913 rem
685 868 900 914 diuinam
925 869 1096 915 facere
1120 871 1261 924 solet,

262 946 304 990 4.
372 944 497 990 Cum
521 961 618 991 non
642 946 806 991 multis
839 955 954 992 ante
988 947 1159 993 diebus
1193 948 1251 994 de
1285 947 1475 1006 judaeis
1508 959 1556 996 et
1590 949 1636 995 id
1670 965 1828 1007 genus

207 1021 313 1067 aliis
337 1021 396 1066 de
420 1037 557 1067 more
581 1022 774 1079 publice
803 1023 1091 1080 supplicium
1128 1033 1257 1070 esset
1289 1026 1594 1084 sumendum,
1621 1027 1700 1084 qui
1733 1027 1831 1073 iam

207 1100 393 1156 pridem
419 1099 625 1144 vinculis
649 1100 1012 1155 detinebantur,
1048 1110 1217 1158 vtpote
1241 1103 1321 1159 qui
1345 1103 1600 1149 caecitatis
1630 1105 1831 1150 velami-

207 1177 347 1222 nibus
381 1176 563 1222 obtecti
587 1192 683 1222 non
717 1192 770 1223 se
803 1177 866 1223 ad
900 1178 1156 1224 meliorem
1180 1179 1378 1236 frugem
1405 1181 1630 1237 recipere
1654 1181 1832 1227 voluis·

208 1263 329 1309 sent,
356 1254 489 1299 multi
514 1270 576 1300 ex
598 1255 781 1300 nostris
805 1255 1036 1302 Patribus
1070 1272 1155 1302 eos
1187 1257 1215 1302 3
1248 1259 1328 1303 vel
1359 1258 1387 1303 A
1422 1258 1522 1304 dies
1547 1268 1662 1305 ante
1686 1275 1833 1316 quam

209 1332 602 1388 producerentur
632 1332 920 1390 inuiserunt,
948 1342 1177 1390 totosque
1208 1334 1339 1391 ipsos
1361 1335 1389 1380 3
1416 1335 1494 1381 vel
1526 1336 1555 1381 4
1588 1335 1689 1382 dies
1725 1337 1833 1382 toti-

210 1409 416 1464 demque
452 1417 624 1454 noctes
657 1408 743 1464 eis,
770 1425 899 1455 nunc
933 1410 1252 1466 consolando,
1280 1427 1408 1457 nunc
1441 1427 1667 1458 errorem
1700 1413 1834 1459 illum

209 1495 413 1542 propter
438 1501 582 1542 quem
606 1495 748 1531 erant
771 1486 1015 1543 puniendi,
1043 1488 1102 1532 de
1126 1502 1300 1534 eorum
1325 1489 1500 1534 animis
1519 1489 1832 1547 extirpando,

210 1572 258 1608 et
282 1563 339 1607 de
364 1563 581 1620 peccatis
605 1563 829 1609 omnibus
853 1563 1141 1610 confitentes
1171 1564 1431 1623 audiendo,
1459 1566 1835 1624 animarumque

210 1640 363 1687 vitam
388 1640 540 1696 (nulla
563 1640 691 1686 enim
710 1640 769 1686 de
788 1641 1011 1698 corporis
1030 1642 1191 1687 salute
1210 1657 1322 1699 spes
1340 1642 1573 1700 dabatur)
1593 1643 1833 1700 curando,

213 1716 499 1773 adfuerunt,
521 1716 676 1763 donec
694 1733 880 1774 poenas
898 1717 987 1774 ipsi
1007 1718 1170 1764 daturi
1189 1719 1235 1764 in
1255 1719 1502 1776 publicum
1528 1720 1834 1777 prodierunt,

212 1809 332 1851 quos
352 1809 511 1851 vsque
536 1794 598 1839 ad
621 1794 844 1852 supplicii
867 1795 1048 1851 locum,
1076 1796 1155 1852 qui
1181 1795 1291 1842 inde
1314 1812 1407 1842 non
1445 1797 1682 1843 mediocri
1707 1797 1835 1843 loco-

212 1887 320 1916 rum
345 1872 604 1917 interuallo
629 1872 859 1929 distabat,
887 1872 1064 1918 Patres
1088 1874 1244 1919 nostri
1268 1884 1379 1920 sunt
1403 1875 1640 1921 comitati.
1667 1875 1714 1920 A
1734 1874 1836 1931 qui-

214 1950 303 1994 bus
328 1964 422 2005 ego
446 1957 618 2005 postea
642 1950 813 2006 accepi
836 1950 1013 1995 illorun
1039 1950 1230 2007 quidem
1256 1967 1470 2008 corpora
1494 1952 1630 2009 vulgi
1650 1951 1830 2009 opinio-

212 2041 271 2071 ne
296 2026 473 2072 misere
497 2026 649 2072 fuisse
668 2037 1006 2082 concremata,
1028 2028 1218 2075 animas
1238 2045 1358 2075 vero
1378 2044 1643 2086 corporum
1667 2029 1831 2076 vincu-

214 2103 270 2147 lis
294 2104 480 2148 solutas
504 2103 566 2148 ad
586 2113 827 2161 perpetua
851 2120 1009 2162 regna
1028 2115 1076 2151 et
1094 2106 1364 2152 caelestem
1390 2106 1602 2163 patriam
1626 2107 1836 2164 migras·
1906 2118 1909 2123 '

215 2195 282 2237 se,
310 2190 545 2237 quantum
566 2196 628 2226 ex
646 2181 840 2227 illorum
860 2182 1159 2239 poenitentia
1179 2183 1461 2240 ingentique
1481 2184 1628 2230 animi
1649 2185 1847 2239 dolores
1908 2213 1909 2220 κ

215 2272 358 2313 quem
382 2258 444 2303 ob
468 2267 727 2314 peccatum
766 2258 1034 2304 admissum
1068 2259 1366 2317 indicabant,
1406 2260 1535 2306 licuit
1569 2261 1833 2307 coniicere.

215 2334 318 2380 Nec
343 2336 523 2380 multos
556 2344 667 2391 post
701 2335 804 2381 dies
837 2351 948 2382 cum
988 2336 1159 2382 decem
1199 2337 1448 2395 mulieres,
1491 2353 1618 2394 quae
1656 2338 1839 2396 striges
1903 2359 1909 2400 g

216 2426 324 2456 esse
348 2411 655 2469 dicebantur,
683 2413 727 2458 in
752 2428 1009 2459 carcerem
1045 2429 1153 2459 esse
1187 2414 1382 2473 ductae,
1408 2424 1456 2460 et
1480 2415 1619 2461 breui
1653 2431 1839 2472 poenas
1903 2435 1909 2475 2

219 2637 310 2661 ann.
336 2624 437 2668 1560,
459 2637 526 2662 nn.
546 2624 593 2661 23
610 2626 727 2672 sqq.),
748 2626 845 2663 illuc
864 2626 1025 2663 tandem
1045 2626 1154 2663 missi
1173 2632 1265 2664 sunt
1291 2627 1371 2665 PP.
1401 2627 1642 2665 Franciscus
1668 2627 1840 2665 Gouvea

219 2689 258 2720 et
279 2683 539 2730 Augustinus
559 2684 758 2729 Lacerda,
780 2691 820 2722 et
838 2685 985 2723 fratres
1004 2685 1246 2723 Emmanuel
1266 2686 1407 2724 Pintus
1427 2692 1466 2724 et
1493 2687 1697 2724 Antonius
1726 2687 1839 2724 Men-

219 2743 365 2779 desius.
395 2743 543 2780 Frater
570 2745 685 2781 Roxo
712 2745 752 2781 in
779 2744 933 2782 Indiam
960 2745 1171 2791 navigavit
1196 2746 1382 2792 sequenti
1409 2759 1531 2783 anno.
1556 2746 1602 2783 P.
1623 2746 1840 2784 Vernedus
1892 2786 1900 2794 Ἰ,

220 2802 352 2838 forsan
370 2803 440 2839 ille
461 2808 523 2840 est
537 2803 603 2850 qui
622 2817 645 2841 a
664 2802 744 2841 5.ῒο
764 2804 980 2841 Francisco
996 2804 1147 2852 Borgia
1162 2805 1201 2841 in
1217 2805 1457 2852 Hispaniam
1472 2811 1687 2843 revocatur
1702 2818 1839 2843 mense
1906 2825 1909 2837 ι

1895 2498 1909 2820 3

1895 2847 1909 3231 l

221 2861 443 2898 Februario
466 2862 566 2899 1559.
590 2862 652 2900 Cf.
674 2863 771 2901 stus
789 2864 1054 2901 Francz‘scus
1071 2864 1249 2910 Borgia,
1270 2864 1338 2910 III,
1361 2864 1441 2902 425.

270 2922 277 2939 ¹
330 2921 534 2958 Antonius
553 2922 601 2958 de
620 2922 812 2960 Athaide.
834 2923 940 2960 Vide
960 2923 1062 2960 Lz'tt.
1083 2923 1335 2970 Quadrima,
1355 2923 1425 2968 ΙΙΙ,
1444 2924 1615 2960 544-545.

268 2979 280 2998 ²
325 2979 503 3026 joannes
521 2981 570 3018 de
589 2981 699 3018 Melo
718 2988 758 3018 et
778 2981 937 3027 Castro,
958 2982 1168 3029 episcopus
1186 2983 1386 3020 silvensis.
1410 2982 1472 3020 Cf.
1491 2983 1708 3030 ALMEIDA,
1740 2984 1838 3021 His-

223 3039 333 3074 toria
352 3038 411 3076 da
433 3039 575 3086 Jgreja
595 3051 662 3077 em
681 3041 908 3087 Portugal,
929 3041 999 3085 III,
1021 3046 1122 3088 part.
1144 3041 1193 3087 ΙΙ,
1219 3042 1391 3078 888-889.
