1900 3380
471 327 858 364 209—V1x00130m
886 327 928 363 31
960 326 1165 363 Ocrossuss
1195 323 1284 362 1558
1576 323 1645 360 857

66 442 126 490 ad
143 457 319 487 verum
337 450 385 488 et
403 440 678 498 legitimum
693 440 786 487 Dei
803 441 987 486 cultum
1004 439 1160 486 sacris
1177 438 1604 485 exhortationibus
1619 454 1694 485 re-

66 521 247 566 ducere
271 527 422 576 atque
446 518 668 564 excitare
691 518 859 576 possit.
883 518 986 564 Nec
1005 517 1225 575 segniter
1244 532 1364 563 sane
1383 516 1480 562 huc
1498 525 1692 562 conten-

0 602 1 611 *
66 596 148 653 dit;
176 595 415 653 siquidem
443 595 627 641 omissa
646 584 984 653 philosophiae
1008 595 1204 652 publica
1223 594 1269 639 in
1289 593 1693 651 archigymnasio

66 672 317 719 viennensi
343 673 702 732 praelectione,
730 672 1023 729 theologicis
1046 671 1220 718 studiis
1238 671 1453 718 animum
1478 671 1694 717 adiicere

65 750 252 807 statuit,
279 758 328 796 et
352 750 450 795 iam
477 766 507 796 a
530 766 777 797 caesarea
796 750 1078 805 maiestate,
1105 750 1218 796 Rdi.
1254 749 1308 795 P.
1332 748 1593 796 Victoriae
1628 749 1692 795 in-

66 827 383 885 tercessione,
407 827 617 874 obtinuit
636 843 763 885 quae
783 828 845 874 ad
864 828 988 874 haec
1007 828 1112 873 eius
1134 828 1297 874 studia
1320 826 1537 873 fouenda
1562 826 1693 872 vide·

64 905 245 951 bantur
270 905 574 951 necessaria.

119 982 161 1028 6.
229 981 449 1028 Difficile
474 982 697 1039 equidem
733 981 865 1029 dictu
900 998 1047 1040 quam
1082 997 1269 1040 graues
1292 982 1370 1028 hic
1393 982 1692 1039 persecutio-

65 1075 146 1105 nes
170 1059 427 1117 patiantur
452 1060 531 1116 qui
556 1059 634 1117 pie
658 1059 830 1105 volunt
853 1059 1026 1106 viuere
1050 1060 1096 1106 in
1123 1059 1341 1106 Christo.
1368 1059 1693 1105 Nihilominus

63 1146 228 1183 tamen
262 1152 358 1182 non
394 1136 757 1195 infrequentem
792 1137 869 1182 hic
905 1137 1075 1183 videas
1108 1137 1302 1194 piorum
1335 1137 1587 1183 hominum
1611 1152 1693 1182 nu-

62 1230 268 1271 merum,
297 1214 378 1272 qui
403 1214 599 1271 quidem
624 1222 763 1261 tanto
798 1224 910 1260 sunt
944 1214 990 1260 in
1024 1214 1117 1260 fide
1150 1214 1482 1272 probatiores,
1509 1223 1693 1271 quanto

63 1292 333 1338 maioribus
367 1292 431 1337 ab
467 1292 775 1338 aduersariis
808 1303 1084 1338 onerantur
1118 1292 1393 1349 calumniis,
1420 1301 1469 1338 et
1490 1292 1692 1349 iniquio-

63 1370 198 1417 ribus
221 1369 570 1428 opprimuntur
594 1369 1010 1417 accusationibus
1032 1370 1136 1416 Nos
1160 1379 1297 1416 certe
1321 1385 1498 1427 parum
1525 1370 1604 1415 vel
1627 1369 1692 1415 ni-

63 1448 126 1494 hil
150 1447 379 1506 patimur‚
407 1458 460 1493 vt
485 1447 564 1505 qui
600 1448 729 1494 domi
763 1447 1021 1505 plurimum
1056 1447 1406 1494 delitescamus
1439 1456 1488 1493 et
1521 1447 1696 1493 diuinis

63 1535 233 1572 mutuo
257 1541 346 1571 nos
373 1526 594 1572 solemur
619 1525 947 1571 sermonibus.
970 1525 1116 1582 Quod
1140 1525 1179 1571 si
1203 1525 1344 1571 foras
1367 1524 1430 1571 sit
1452 1526 1694 1582 prodeun-

63 1604 192 1662 dum,
219 1613 395 1650 nostra
418 1603 486 1649 ita
512 1603 607 1650 Dei
631 1603 800 1661 gratia
833 1612 1110 1650 tractamus
1134 1602 1355 1660 negotia,
1384 1611 1438 1649 vt
1461 1603 1694 1649 cauillan-

62 1681 108 1727 di
141 1681 304 1727 locum
339 1681 525 1727 nullum
564 1679 917 1738 relinquamus.
945 1680 1077 1727 Tota
1110 1680 1277 1738 itaque
1302 1680 1378 1726 vis
1406 1679 1519 1726 belli
1543 1680 1590 1725 in
1613 1681 1694 1726 bo-

62 1774 151 1805 nos
185 1758 457 1804 catholicos
494 1757 825 1811 conuertitur,
854 1758 935 1815 qui
967 1757 1339 1804 haereticorum
1374 1757 1692 1814 commercia,

62 1836 254 1883 etiamsi
284 1836 453 1893 velint,
481 1836 660 1894 fugere
694 1851 791 1882 non
826 1845 1047 1894 possunt,
1075 1851 1285 1893 cumque
1309 1835 1441 1882 aliud
1465 1835 1694 1882 solatium

60 1930 156 1961 non
180 1915 449 1972 inueniant,
481 1914 544 1961 ad
569 1930 660 1960 nos
685 1914 960 1972 confugere
983 1915 1143 1961 solent
1176 1924 1224 1962 et
1258 1930 1350 1962 sua
1370 1915 1514 1961 nobis
1537 1914 1695 1972 aperi·

64 2007 119 2039 re
143 1991 445 2038 discrimina,

118 2069 161 2116 7.
229 2069 426 2115 Verum
451 2079 505 2115 vt
529 2070 628 2116 alia
652 2079 940 2117 nostrorum
976 2086 1250 2128 persequar
1273 2069 1529 2128 exercitia,
1556 2071 1694 2117 festis

61 2146 234 2193 diebus
274 2147 585 2193 xenodochia
618 2156 667 2193 et
701 2163 936 2194 carceres
968 2148 1184 2194 inuisere
1218 2148 1393 2205 solent,
1429 2158 1478 2193 et
1512 2148 1574 2193 ad
1609 2163 1692 2205 pa-

60 2223 298 2281 tientiam,
331 2223 699 2271 confessionem
723 2240 784 2271 ac
805 2225 983 2271 similia
1018 2225 1271 2271 christiani
1296 2223 1505 2270 hominis
1529 2224 1694 2271 officia

62 2302 338 2348 exhortari.
368 2301 474 2348 Nec
507 2301 699 2348 frustra
733 2303 811 2349 hic
844 2303 1122 2361 laboratur,
1150 2302 1363 2359 primum
1393 2301 1520 2348 enim
1546 2301 1692 2348 effici-

64 2388 143 2425 tur
165 2387 220 2425 vt
243 2379 380 2425 multi
405 2394 496 2424 sua
522 2388 730 2437 peccata
754 2380 1100 2438 confiteantur,
1129 2380 1209 2438 qui
1234 2380 1309 2426 vel
1336 2394 1433 2426 non
1457 2395 1518 2426 ea
1548 2380 1692 2426 confi-

62 2457 209 2503 tenda
233 2471 346 2503 esse
369 2471 663 2514 persuasum
686 2458 886 2517 habent,
912 2470 965 2504 vt
989 2458 1092 2516 ipse
1117 2474 1212 2515 ego
1245 2458 1553 2515 experientia
1576 2458 1692 2504 didi-

63 2534 121 2589 ci,
149 2534 229 2580 vel
251 2534 291 2579 si
315 2533 533 2580 maxime
557 2535 723 2593 velint,
751 2536 956 2582 alterius
990 2536 1182 2593 copiam
1208 2535 1511 2581 confessoris
1534 2551 1691 2593 aegre

62 2611 344 2668 impetrant.
388 2611 441 2656 In
480 2612 769 2658 carceribus
808 2614 932 2660 haec
971 2623 1046 2660 est
1084 2613 1364 2671 difficultas,
1407 2613 1537 2672 quod
1576 2623 1692 2661 ante

63 2688 236 2734 mortis
260 2688 558 2734 sententiam
583 2688 849 2737 difficulter
872 2691 963 2748 ipsi
987 2691 1058 2736 rei
1084 2689 1307 2736 confiteri
1330 2690 1573 2750 sinantur;
1596 2707 1692 2737 non

63 2765 415 2823 poenitendum
437 2774 605 2812 tamen
641 2767 719 2813 hic
751 2767 968 2814 fructum
1004 2768 1194 2814 faciunt
1217 2768 1389 2826 nostri,
1417 2767 1530 2814 dum
1554 2769 1692 2815 multi

64 2857 239 2888 eorum
269 2842 618 2889 monitionibus
652 2845 934 2904 confortati
965 2845 1365 2902 animaequiores
1397 2845 1689 2904 redduntur,

66 2919 145 2976 qui
168 2919 217 2965 in
241 2919 601 2978 desperationis
625 2920 807 2978 alioqui
830 2922 1124 2968 barathrum
1153 2937 1262 2968 sese
1285 2932 1430 2968 erant
1451 2922 1691 2981 praecipi-

65 2996 231 3042 taturi.
258 2996 559 3043 Praeclusus
582 3007 693 3044 erat
716 2998 851 3045 hisce
875 2999 1046 3045 diebus
1069 2999 1251 3045 nostris
1274 3000 1338 3046 ad
1359 3001 1692 3058 pauperculos

66 3071 185 3120 istos
204 3074 381 3132 aditus,
403 3083 673 3132 propterea
692 3076 822 3133 quod
846 3076 1043 3134 quidam
1067 3086 1177 3134 post
1200 3086 1452 3124 extortam
1475 3077 1691 3124 omniurn

67 3165 276 3207 quorum
315 3151 406 3197 sibi
444 3151 673 3199 conscius
712 3162 823 3199 erat
855 3154 1101 3199 scelerum
1140 3154 1549 3213 propalationem,
1596 3171 1692 3202 non
