1909 3328
261 236 329 270 874
730 235 948 272 LITTERAE
975 236 1330 281 QUADRIMESTRES

273 332 315 374 4.
384 329 569 385 Magno
594 330 840 375 desiderio
865 332 1086 388 plerique
1110 333 1170 377 R.
1199 332 1324 378 Pris.
1352 331 1606 378 Paschasii
1632 333 1841 378 reditum

215 414 565 462 expectarunt‚
596 416 647 451 vt
671 422 724 451 se
755 407 820 452 illi
845 408 888 453 in
916 407 1219 455 Societatem
1246 410 1551 466 cooptandos
1577 409 1836 455 offerrent.

216 483 425 538 Collegii
454 498 576 528 vero
602 499 663 529 ac
686 485 852 541 templi
876 487 1203 541 comparandi
1239 502 1268 532 a
1303 486 1362 531 R.
1396 486 1628 532 Patribus
1654 486 1837 532 nostris

214 560 469 604 consilium
507 559 657 605 initur
689 576 961 618 eorumque
996 564 1154 608 omnis
1193 579 1321 608 nunc
1356 563 1403 608 in
1437 578 1495 608 eo
1530 563 1840 619 potissimum

214 653 336 682 cura
360 638 683 684 consumitur.
707 639 940 695 Equidem
965 640 1003 685 si
1030 641 1158 697 quod
1183 641 1385 686 fauente
1410 641 1539 698 Xpo.
1564 641 1841 697 vestrisque

215 714 462 770 precibuS,
504 715 565 759 R.
608 715 681 770 R,
724 729 927 772 sperant
968 717 1286 774 (quamquam
1327 718 1373 762 id
1413 733 1510 762 non
1550 733 1726 774 parum
1760 718 1839 763 ha-

213 792 328 835 beat
362 790 701 848 difficultatis),
730 805 1116 851 consequantur,
1143 804 1243 840 tarn
1268 795 1662 840 confessionibus
1696 810 1841 851 quam

218 868 537 913 concionibus
572 884 631 914 ac
666 870 870 916 lecturis
909 872 1114 929 aliisque
1155 871 1418 917 Societatis
1457 872 1738 917 ministeriis
1777 872 1841 916 lu-

216 944 454 989 tetianam
497 945 749 1003 pietatem,
787 946 884 992 imo
925 963 1048 993 vero
1089 949 1321 1005 gallicam
1360 948 1504 994 fidem
1545 949 1707 994 multis
1746 949 1843 994 iam

213 1021 368 1066 ruinis
392 1021 699 1068 debilitatam
734 1033 782 1069 et
816 1040 1122 1081 oppressam,
1166 1026 1369 1082 pristine
1404 1026 1678 1083 integritati
1704 1026 1841 1071 resti-

215 1107 368 1155 tuent;
397 1113 456 1143 ac
480 1115 540 1144 ne
564 1099 658 1145 hoc
682 1111 783 1145 tam
810 1103 1059 1147 excellens
1094 1118 1272 1148 nomen
1308 1103 1381 1159 (vt
1415 1102 1525 1147 fidei
1559 1118 1737 1160 xpane.
1762 1117 1840 1147 ca-

216 1184 300 1232 put
326 1191 385 1220 ac
412 1176 561 1221 decus
587 1177 798 1234 dicatur)
818 1179 907 1224 sibi
933 1195 961 1224 a
986 1180 1166 1225 ceteris
1186 1180 1466 1226 nationibus
1486 1180 1838 1237 praeripiatur,

215 1262 404 1298 sartam
429 1269 489 1298 ac
512 1263 696 1300 tectam
724 1258 1109 1302 conseruabunt.
1139 1257 1335 1303 Verum
1368 1273 1463 1314 quo
1487 1259 1595 1314 plus
1620 1257 1664 1302 in
1690 1273 1744 1302 re
1768 1266 1842 1302 est

216 1328 537 1386 difficultatis,
560 1346 618 1375 eo
643 1332 881 1377 maiorem
905 1333 950 1378 in
976 1334 1174 1378 modum
1199 1334 1262 1379 ad
1285 1334 1331 1378 id
1357 1334 1496 1379 nobis
1520 1343 1651 1389 tuae,
1674 1333 1735 1378 R.
1763 1333 1836 1391 R,

214 1416 597 1463 ceterorumque
623 1408 828 1453 Patrum
853 1410 960 1465 pias
985 1410 1373 1467 supplicationes
1403 1411 1644 1456 accedere
1669 1419 1717 1455 et
1740 1410 1836 1455 suf-

212 1482 408 1539 fragari
442 1499 531 1540 pro
565 1495 650 1530 tuo
685 1484 729 1530 in
767 1486 990 1532 Ecclesie
1025 1487 1138 1544 Xpi.
1177 1488 1556 1533 exornationem
1590 1501 1839 1543 propaga·

213 1560 496 1618 tionemque
531 1578 701 1608 amore
736 1565 961 1620 petimus.
991 1565 1125 1610 Vale
1161 1565 1328 1622 igitur,
1356 1565 1417 1611 R.
1451 1564 1525 1621 R,
1557 1580 1745 1621 nosque
1780 1579 1840 1609 ea

213 1637 259 1682 in
284 1653 353 1694 re,
382 1639 723 1696 obsecramus,
750 1642 1263 1687 commendatissimos
1298 1642 1440 1687 habe.
1467 1641 1665 1687 Lutetie
1700 1641 1838 1686 Pari-

214 1715 400 1759 siorum
422 1714 451 1760 3
473 1715 549 1760 die
574 1715 888 1762 Nouembris.

438 1809 682 1856 CARoLus
715 1810 973 1858 SAGERms
999 1815 1030 1870 ¹,
1057 1813 1114 1857 R.
1139 1813 1192 1859 P.
1220 1813 1278 1877 T:
1306 1828 1482 1858 seruus
1506 1813 1704 1858 inutilis

300 1921 592 1977 Inscriptio.
632 1922 690 1967 R.
724 1923 824 1968 Pri.
862 1924 990 1969 Dno.
1017 1923 1210 1982 Jacobo
1236 1925 1454 1981 Laynez,
1482 1925 1732 1981 preposito
1756 1938 1839 1980 ge-

218 1997 378 2042 nerali
423 1997 688 2044 Societatis
730 2000 939 2046 nominis
982 2001 1101 2060 Jesu
1148 2001 1194 2046 in
1234 2002 1324 2046 ede
1362 2000 1470 2046 Bte.
1513 2001 1672 2046 Mai-ie
1711 2000 1843 2055 della¹

212 2072 415 2131 Strada,
443 2075 652 2121 Romae.

263 2254 272 2271 ¹
325 2252 432 2289 Vide
452 2254 650 2300 superius,
673 2268 766 2302 pag.
790 2254 870 2300 365,
892 2260 1026 2292 annot.
1044 2254 1077 2291 2.

1863 3151 1905 3328 'tffftszf
