<?xml version="1.0" encoding="UTF-8"?>
<!DOCTYPE html PUBLIC "-//W3C//DTD XHTML 1.0 Transitional//EN"
    "http://www.w3.org/TR/xhtml1/DTD/xhtml1-transitional.dtd">
<html xmlns="http://www.w3.org/1999/xhtml" xml:lang="en" lang="en">
 <head>
  <title>
</title>
<meta http-equiv="Content-Type" content="text/html;charset=utf-8" />
  <meta name='ocr-system' content='tesseract 3.04.00' />
  <meta name='ocr-capabilities' content='ocr_page ocr_carea ocr_par ocr_line ocrx_word'/>
</head>
<body>
  <div class='ocr_page' id='page_1' title='image "./litteraequadrime1705lain_0104.png"; bbox 0 0 2043 3467; ppageno 0'>
   <div class='ocr_carea' id='block_1_1' title="bbox 401 271 1471 315">
    <p class='ocr_par' dir='ltr' id='par_1_1' title="bbox 401 271 1471 315">
     <span class='ocr_line' id='line_1_1' title="bbox 401 271 1471 315; baseline -0.006 -3"><span class='ocrx_word' id='word_1_1' title='bbox 401 278 445 312; x_wconf 65' lang='lat'>74</span> <span class='ocrx_word' id='word_1_2' title='bbox 866 272 1086 308; x_wconf 61' lang='lat' dir='ltr'>LITTERAE</span> <span class='ocrx_word' id='word_1_3' title='bbox 1114 271 1205 315; x_wconf 51' lang='lat' dir='ltr'>Qua</span> <span class='ocrx_word' id='word_1_4' title='bbox 1215 281 1471 306; x_wconf 70' lang='lat' dir='ltr'>DRiMEs&#39;rREs</span> 
     </span>
    </p>
   </div>
   <div class='ocr_carea' id='block_1_2' title="bbox 354 364 2043 2886">
    <p class='ocr_par' dir='ltr' id='par_1_2' title="bbox 354 364 2000 1964">
     <span class='ocr_line' id='line_1_2' title="bbox 354 364 1981 426; baseline -0.005 -10"><span class='ocrx_word' id='word_1_5' title='bbox 354 386 408 416; x_wconf 87' lang='lat' dir='ltr'>re</span> <span class='ocrx_word' id='word_1_6' title='bbox 434 370 599 426; x_wconf 90' lang='lat' dir='ltr'>possit.</span> <span class='ocrx_word' id='word_1_7' title='bbox 631 368 805 423; x_wconf 63' lang='lat' dir='ltr'>Alteri,</span> <span class='ocrx_word' id='word_1_8' title='bbox 833 367 1178 421; x_wconf 82' lang='lat' dir='ltr'>Leonliardus,</span> <span class='ocrx_word' id='word_1_9' title='bbox 1208 367 1335 411; x_wconf 86' lang='lat' dir='ltr'>bona</span> <span class='ocrx_word' id='word_1_10' title='bbox 1361 366 1521 410; x_wconf 89' lang='lat' dir='ltr'>indole</span> <span class='ocrx_word' id='word_1_11' title='bbox 1547 381 1684 421; x_wconf 85' lang='lat' dir='ltr'>puer,</span> <span class='ocrx_word' id='word_1_12' title='bbox 1712 364 1796 409; x_wconf 87' lang='lat' dir='ltr'>sed</span> <span class='ocrx_word' id='word_1_13' title='bbox 1822 364 1981 409; x_wconf 90' lang='lat' dir='ltr'>rudio-</span> 
     </span>
     <span class='ocr_line' id='line_1_3' title="bbox 356 441 1982 502; baseline -0.005 -10"><span class='ocrx_word' id='word_1_14' title='bbox 356 448 422 492; x_wconf 86' lang='lat' dir='ltr'>ris</span> <span class='ocrx_word' id='word_1_15' title='bbox 448 446 647 502; x_wconf 80' lang='lat' dir='ltr'>ingenii,</span> <span class='ocrx_word' id='word_1_16' title='bbox 676 445 718 488; x_wconf 82' lang='lat' dir='ltr'>in</span> <span class='ocrx_word' id='word_1_17' title='bbox 747 443 910 488; x_wconf 70' lang='lat' dir='ltr'>officio</span> <span class='ocrx_word' id='word_1_18' title='bbox 938 458 1056 487; x_wconf 82' lang='lat' dir='ltr'>vero</span> <span class='ocrx_word' id='word_1_19' title='bbox 1082 442 1482 498; x_wconf 59' lang='lat' dir='ltr'>diligentissimus</span> <span class='ocrx_word' id='word_1_20' title='bbox 1508 451 1556 486; x_wconf 90' lang='lat' dir='ltr'>et</span> <span class='ocrx_word' id='word_1_21' title='bbox 1575 441 1820 486; x_wconf 84' lang='lat' dir='ltr'>adomnia</span> <span class='ocrx_word' id='word_1_22' title='bbox 1840 456 1982 496; x_wconf 86' lang='lat' dir='ltr'>para-</span> 
     </span>
     <span class='ocr_line' id='line_1_4' title="bbox 355 515 1982 578; baseline -0.004 -10"><span class='ocrx_word' id='word_1_23' title='bbox 355 533 448 568; x_wconf 85' lang='lat' dir='ltr'>tus.</span> <span class='ocrx_word' id='word_1_24' title='bbox 477 522 701 578; x_wconf 81' lang='lat' dir='ltr'>Quartus</span> <span class='ocrx_word' id='word_1_25' title='bbox 726 520 942 565; x_wconf 86' lang='lat' dir='ltr'>triduum</span> <span class='ocrx_word' id='word_1_26' title='bbox 979 519 1068 564; x_wconf 73' lang='lat' dir='ltr'>fuit</span> <span class='ocrx_word' id='word_1_27' title='bbox 1102 519 1146 563; x_wconf 93' lang='lat' dir='ltr'>in</span> <span class='ocrx_word' id='word_1_28' title='bbox 1183 519 1411 573; x_wconf 84' lang='lat' dir='ltr'>collegio,</span> <span class='ocrx_word' id='word_1_29' title='bbox 1449 519 1810 563; x_wconf 71' lang='lat' dir='ltr'>baccalaureus</span> <span class='ocrx_word' id='word_1_30' title='bbox 1843 515 1982 573; x_wconf 85' lang='lat' dir='ltr'>juris,</span> 
     </span>
     <span class='ocr_line' id='line_1_5' title="bbox 357 594 1984 657; baseline -0.004 -13"><span class='ocrx_word' id='word_1_31' title='bbox 357 600 519 657; x_wconf 87' lang='lat' dir='ltr'>patria</span> <span class='ocrx_word' id='word_1_32' title='bbox 544 596 1007 652; x_wconf 64' lang='lat' dir='ltr'>Middclburgensis,</span> <span class='ocrx_word' id='word_1_33' title='bbox 1036 596 1284 650; x_wconf 76' lang='lat' dir='ltr'>zelandus,</span> <span class='ocrx_word' id='word_1_34' title='bbox 1313 595 1492 650; x_wconf 82' lang='lat' dir='ltr'>optime</span> <span class='ocrx_word' id='word_1_35' title='bbox 1511 604 1654 639; x_wconf 87' lang='lat' dir='ltr'>notus</span> <span class='ocrx_word' id='word_1_36' title='bbox 1675 595 1737 638; x_wconf 81' lang='lat' dir='ltr'>M.</span> <span class='ocrx_word' id='word_1_37' title='bbox 1761 594 1984 639; x_wconf 84' lang='lat' dir='ltr'>Theodo-</span> 
     </span>
     <span class='ocr_line' id='line_1_6' title="bbox 358 671 1986 728; baseline -0.004 -7"><span class='ocrx_word' id='word_1_38' title='bbox 358 693 413 721; x_wconf 88' lang='lat' dir='ltr'>ro</span> <span class='ocrx_word' id='word_1_39' title='bbox 438 673 899 721; x_wconf 80' lang='lat' dir='ltr'>amstclredamensi</span> <span class='ocrx_word' id='word_1_40' title='bbox 935 675 965 723; x_wconf 81' lang='lat'>¹,</span> <span class='ocrx_word' id='word_1_41' title='bbox 1010 688 1218 728; x_wconf 76' lang='lat' dir='ltr'>quocum</span> <span class='ocrx_word' id='word_1_42' title='bbox 1257 688 1352 716; x_wconf 82' lang='lat' dir='ltr'>vna</span> <span class='ocrx_word' id='word_1_43' title='bbox 1388 671 1476 716; x_wconf 75' lang='lat' dir='ltr'>fuit</span> <span class='ocrx_word' id='word_1_44' title='bbox 1510 671 1733 716; x_wconf 91' lang='lat' dir='ltr'>Louanii.</span> <span class='ocrx_word' id='word_1_45' title='bbox 1772 671 1986 715; x_wconf 86' lang='lat' dir='ltr'>Romam</span> 
     </span>
     <span class='ocr_line' id='line_1_7' title="bbox 357 748 1986 805; baseline -0.004 -8"><span class='ocrx_word' id='word_1_46' title='bbox 357 753 507 798; x_wconf 88' lang='lat' dir='ltr'>etiam</span> <span class='ocrx_word' id='word_1_47' title='bbox 533 762 647 796; x_wconf 85' lang='lat' dir='ltr'>ante</span> <span class='ocrx_word' id='word_1_48' title='bbox 672 765 844 800; x_wconf 84' lang='lat' dir='ltr'>annos,</span> <span class='ocrx_word' id='word_1_49' title='bbox 874 749 1022 794; x_wconf 89' lang='lat' dir='ltr'>credo</span> <span class='ocrx_word' id='word_1_50' title='bbox 1047 758 1163 800; x_wconf 81' lang='lat' dir='ltr'>tres,</span> <span class='ocrx_word' id='word_1_51' title='bbox 1192 751 1432 805; x_wconf 86' lang='lat' dir='ltr'>peruenit,</span> <span class='ocrx_word' id='word_1_52' title='bbox 1462 748 1574 792; x_wconf 89' lang='lat' dir='ltr'>licet</span> <span class='ocrx_word' id='word_1_53' title='bbox 1603 748 1879 792; x_wconf 78' lang='lat' dir='ltr'>Bononiam</span> <span class='ocrx_word' id='word_1_54' title='bbox 1915 763 1986 792; x_wconf 92' lang='lat' dir='ltr'>re-</span> 
     </span>
     <span class='ocr_line' id='line_1_8' title="bbox 357 825 1988 879; baseline -0.003 -5"><span class='ocrx_word' id='word_1_55' title='bbox 357 830 511 879; x_wconf 79' lang='lat' dir='ltr'>diens,</span> <span class='ocrx_word' id='word_1_56' title='bbox 550 828 612 873; x_wconf 88' lang='lat' dir='ltr'>ibi</span> <span class='ocrx_word' id='word_1_57' title='bbox 645 836 986 872; x_wconf 75' lang='lat' dir='ltr'>commoratus</span> <span class='ocrx_word' id='word_1_58' title='bbox 1020 826 1080 871; x_wconf 90' lang='lat' dir='ltr'>sit</span> <span class='ocrx_word' id='word_1_59' title='bbox 1115 837 1216 871; x_wconf 90' lang='lat' dir='ltr'>tres</span> <span class='ocrx_word' id='word_1_60' title='bbox 1252 841 1422 871; x_wconf 87' lang='lat' dir='ltr'>annos.</span> <span class='ocrx_word' id='word_1_61' title='bbox 1462 825 1652 869; x_wconf 80' lang='lat' dir='ltr'>Deinde</span> <span class='ocrx_word' id='word_1_62' title='bbox 1683 841 1744 869; x_wconf 78' lang='lat' dir='ltr'>ex</span> <span class='ocrx_word' id='word_1_63' title='bbox 1768 825 1912 869; x_wconf 85' lang='lat' dir='ltr'>Italia</span> <span class='ocrx_word' id='word_1_64' title='bbox 1936 839 1988 869; x_wconf 91' lang='lat' dir='ltr'>se</span> 
     </span>
     <span class='ocr_line' id='line_1_9' title="bbox 358 902 1992 963; baseline -0.004 -12"><span class='ocrx_word' id='word_1_65' title='bbox 358 906 783 960; x_wconf 52' lang='lat' dir='ltr'>XYittembei-gam</span> <span class='ocrx_word' id='word_1_66' title='bbox 806 903 1008 959; x_wconf 85' lang='lat' dir='ltr'>recepit,</span> <span class='ocrx_word' id='word_1_67' title='bbox 1029 912 1201 959; x_wconf 91' lang='lat' dir='ltr'>postea</span> <span class='ocrx_word' id='word_1_68' title='bbox 1221 903 1541 958; x_wconf 83' lang='lat' dir='ltr'>Friburgam,</span> <span class='ocrx_word' id='word_1_69' title='bbox 1561 902 1641 946; x_wconf 83' lang='lat' dir='ltr'>vbi</span> <span class='ocrx_word' id='word_1_70' title='bbox 1660 917 1770 946; x_wconf 87' lang='lat' dir='ltr'>cum</span> <span class='ocrx_word' id='word_1_71' title='bbox 1786 911 1992 963; x_wconf 83' lang='lat' dir='ltr'>propter</span> 
     </span>
     <span class='ocr_line' id='line_1_10' title="bbox 360 977 1989 1035; baseline -0.004 -8"><span class='ocrx_word' id='word_1_72' title='bbox 360 981 740 1028; x_wconf 70' lang='lat' dir='ltr'>nefandissimas</span> <span class='ocrx_word' id='word_1_73' title='bbox 765 981 1028 1024; x_wconf 82' lang='lat' dir='ltr'>haeresum</span> <span class='ocrx_word' id='word_1_74' title='bbox 1060 990 1224 1035; x_wconf 89' lang='lat' dir='ltr'>pestes</span> <span class='ocrx_word' id='word_1_75' title='bbox 1258 979 1530 1024; x_wconf 86' lang='lat' dir='ltr'>consistere</span> <span class='ocrx_word' id='word_1_76' title='bbox 1563 978 1797 1034; x_wconf 76' lang='lat' dir='ltr'>nequiuit,</span> <span class='ocrx_word' id='word_1_77' title='bbox 1831 977 1989 1033; x_wconf 86' lang='lat' dir='ltr'>Ingol-</span> 
     </span>
     <span class='ocr_line' id='line_1_11' title="bbox 360 1054 1989 1113; baseline -0.004 -9"><span class='ocrx_word' id='word_1_78' title='bbox 360 1060 571 1105; x_wconf 87' lang='lat' dir='ltr'>stadium</span> <span class='ocrx_word' id='word_1_79' title='bbox 599 1069 835 1113; x_wconf 75' lang='lat' dir='ltr'>tanquam</span> <span class='ocrx_word' id='word_1_80' title='bbox 861 1057 922 1101; x_wconf 86' lang='lat' dir='ltr'>ad</span> <span class='ocrx_word' id='word_1_81' title='bbox 947 1057 1282 1101; x_wconf 71' lang='lat' dir='ltr'>honestiorum</span> <span class='ocrx_word' id='word_1_82' title='bbox 1309 1057 1583 1102; x_wconf 86' lang='lat' dir='ltr'>studiorum</span> <span class='ocrx_word' id='word_1_83' title='bbox 1609 1056 1799 1111; x_wconf 78' lang='lat' dir='ltr'>asylum</span> <span class='ocrx_word' id='word_1_84' title='bbox 1825 1054 1989 1099; x_wconf 70' lang='lat' dir='ltr'>confu-</span> 
     </span>
     <span class='ocr_line' id='line_1_12' title="bbox 362 1132 1992 1194; baseline -0.004 -11"><span class='ocrx_word' id='word_1_85' title='bbox 362 1138 453 1194; x_wconf 88' lang='lat' dir='ltr'>git.</span> <span class='ocrx_word' id='word_1_86' title='bbox 474 1135 670 1185; x_wconf 82' lang='lat' dir='ltr'>Statim,</span> <span class='ocrx_word' id='word_1_87' title='bbox 692 1135 772 1180; x_wconf 78' lang='lat' dir='ltr'>vbi</span> <span class='ocrx_word' id='word_1_88' title='bbox 790 1134 990 1178; x_wconf 81' lang='lat' dir='ltr'>resciuit</span> <span class='ocrx_word' id='word_1_89' title='bbox 1006 1134 1097 1178; x_wconf 90' lang='lat' dir='ltr'>huc</span> <span class='ocrx_word' id='word_1_90' title='bbox 1118 1134 1380 1189; x_wconf 71' lang='lat' dir='ltr'>collegium</span> <span class='ocrx_word' id='word_1_91' title='bbox 1402 1133 1597 1189; x_wconf 76' lang='lat' dir='ltr'>aliquod</span> <span class='ocrx_word' id='word_1_92' title='bbox 1619 1132 1813 1177; x_wconf 68' lang='lat' dir='ltr'>venisse</span> <span class='ocrx_word' id='word_1_93' title='bbox 1832 1132 1992 1176; x_wconf 81' lang='lat' dir='ltr'>Roma</span> 
     </span>
     <span class='ocr_line' id='line_1_13' title="bbox 363 1210 1989 1271; baseline -0.004 -11"><span class='ocrx_word' id='word_1_94' title='bbox 363 1231 425 1260; x_wconf 76' lang='lat' dir='ltr'>ex</span> <span class='ocrx_word' id='word_1_95' title='bbox 447 1213 701 1259; x_wconf 81' lang='lat' dir='ltr'>Societate</span> <span class='ocrx_word' id='word_1_96' title='bbox 718 1212 854 1271; x_wconf 83' lang='lat' dir='ltr'>Jesu,</span> <span class='ocrx_word' id='word_1_97' title='bbox 877 1221 1083 1267; x_wconf 87' lang='lat' dir='ltr'>accepta</span> <span class='ocrx_word' id='word_1_98' title='bbox 1104 1212 1365 1256; x_wconf 82' lang='lat' dir='ltr'>occasione</span> <span class='ocrx_word' id='word_1_99' title='bbox 1386 1210 1707 1255; x_wconf 84' lang='lat' dir='ltr'>conueniendi</span> <span class='ocrx_word' id='word_1_100' title='bbox 1729 1221 1989 1263; x_wconf 85' lang='lat' dir='ltr'>rectorem,</span> 
     </span>
     <span class='ocr_line' id='line_1_14' title="bbox 362 1287 1993 1348; baseline -0.003 -12"><span class='ocrx_word' id='word_1_101' title='bbox 362 1292 525 1348; x_wconf 82' lang='lat' dir='ltr'>querit</span> <span class='ocrx_word' id='word_1_102' title='bbox 549 1291 607 1335; x_wconf 90' lang='lat' dir='ltr'>de</span> <span class='ocrx_word' id='word_1_103' title='bbox 637 1290 697 1335; x_wconf 77' lang='lat' dir='ltr'>M.</span> <span class='ocrx_word' id='word_1_104' title='bbox 727 1289 1010 1341; x_wconf 84' lang='lat' dir='ltr'>Theodoro,</span> <span class='ocrx_word' id='word_1_105' title='bbox 1039 1304 1182 1345; x_wconf 81' lang='lat' dir='ltr'>quem</span> <span class='ocrx_word' id='word_1_106' title='bbox 1201 1304 1311 1333; x_wconf 90' lang='lat' dir='ltr'>cum</span> <span class='ocrx_word' id='word_1_107' title='bbox 1338 1289 1487 1345; x_wconf 86' lang='lat' dir='ltr'>longa</span> <span class='ocrx_word' id='word_1_108' title='bbox 1512 1287 1913 1332; x_wconf 76' lang='lat' dir='ltr'>confabulatione</span> <span class='ocrx_word' id='word_1_109' title='bbox 1948 1287 1993 1331; x_wconf 92' lang='lat' dir='ltr'>in</span> 
     </span>
     <span class='ocr_line' id='line_1_15' title="bbox 366 1363 1995 1421; baseline -0.003 -8"><span class='ocrx_word' id='word_1_110' title='bbox 366 1368 756 1413; x_wconf 71' lang='lat' dir='ltr'>familiaritatem</span> <span class='ocrx_word' id='word_1_111' title='bbox 783 1366 1099 1421; x_wconf 72' lang='lat' dir='ltr'>recepissem,</span> <span class='ocrx_word' id='word_1_112' title='bbox 1128 1365 1271 1410; x_wconf 88' lang='lat' dir='ltr'>rediit</span> <span class='ocrx_word' id='word_1_113' title='bbox 1296 1375 1403 1421; x_wconf 90' lang='lat' dir='ltr'>post</span> <span class='ocrx_word' id='word_1_114' title='bbox 1428 1375 1541 1409; x_wconf 90' lang='lat' dir='ltr'>octo</span> <span class='ocrx_word' id='word_1_115' title='bbox 1567 1365 1685 1417; x_wconf 87' lang='lat' dir='ltr'>dies,</span> <span class='ocrx_word' id='word_1_116' title='bbox 1713 1380 1772 1409; x_wconf 90' lang='lat' dir='ltr'>ac</span> <span class='ocrx_word' id='word_1_117' title='bbox 1807 1363 1995 1420; x_wconf 80' lang='lat' dir='ltr'>Spiritu</span> 
     </span>
     <span class='ocr_line' id='line_1_16' title="bbox 365 1441 1993 1499; baseline -0.002 -10"><span class='ocrx_word' id='word_1_118' title='bbox 365 1444 553 1489; x_wconf 78' lang='lat' dir='ltr'>Sancto</span> <span class='ocrx_word' id='word_1_119' title='bbox 578 1452 849 1499; x_wconf 48' lang='lat' dir='ltr'>permotus</span> <span class='ocrx_word' id='word_1_120' title='bbox 873 1442 1106 1487; x_wconf 89' lang='lat' dir='ltr'>continuo</span> <span class='ocrx_word' id='word_1_121' title='bbox 1131 1442 1362 1487; x_wconf 87' lang='lat' dir='ltr'>adhibitis</span> <span class='ocrx_word' id='word_1_122' title='bbox 1387 1442 1677 1498; x_wconf 81' lang='lat' dir='ltr'>opportunis</span> <span class='ocrx_word' id='word_1_123' title='bbox 1702 1441 1993 1497; x_wconf 80' lang='lat' dir='ltr'>rationibuS,</span> 
     </span>
     <span class='ocr_line' id='line_1_17' title="bbox 365 1518 1996 1576; baseline -0.003 -9"><span class='ocrx_word' id='word_1_124' title='bbox 365 1532 590 1567; x_wconf 85' lang='lat' dir='ltr'>nostram</span> <span class='ocrx_word' id='word_1_125' title='bbox 616 1520 920 1565; x_wconf 76' lang='lat' dir='ltr'>Societatem</span> <span class='ocrx_word' id='word_1_126' title='bbox 940 1519 1132 1576; x_wconf 76' lang='lat' dir='ltr'>ingredi</span> <span class='ocrx_word' id='word_1_127' title='bbox 1157 1519 1344 1571; x_wconf 79' lang='lat' dir='ltr'>statuit,</span> <span class='ocrx_word' id='word_1_128' title='bbox 1367 1519 1633 1575; x_wconf 81' lang='lat' dir='ltr'>statimque</span> <span class='ocrx_word' id='word_1_129' title='bbox 1653 1518 1996 1563; x_wconf 74' lang='lat' dir='ltr'>communione</span> 
     </span>
     <span class='ocr_line' id='line_1_18' title="bbox 365 1595 1997 1655; baseline -0.002 -12"><span class='ocrx_word' id='word_1_130' title='bbox 365 1599 591 1655; x_wconf 88' lang='lat' dir='ltr'>corporis</span> <span class='ocrx_word' id='word_1_131' title='bbox 631 1597 857 1642; x_wconf 88' lang='lat' dir='ltr'>dominici</span> <span class='ocrx_word' id='word_1_132' title='bbox 903 1595 1243 1651; x_wconf 83' lang='lat' dir='ltr'>confirmatus,</span> <span class='ocrx_word' id='word_1_133' title='bbox 1286 1596 1469 1641; x_wconf 86' lang='lat' dir='ltr'>relictis</span> <span class='ocrx_word' id='word_1_134' title='bbox 1509 1596 1755 1650; x_wconf 86' lang='lat' dir='ltr'>omnibus,</span> <span class='ocrx_word' id='word_1_135' title='bbox 1798 1605 1997 1640; x_wconf 87' lang='lat' dir='ltr'>secutus</span> 
     </span>
     <span class='ocr_line' id='line_1_19' title="bbox 365 1673 1997 1730; baseline -0.002 -9"><span class='ocrx_word' id='word_1_136' title='bbox 365 1686 441 1722; x_wconf 90' lang='lat' dir='ltr'>est</span> <span class='ocrx_word' id='word_1_137' title='bbox 466 1676 745 1721; x_wconf 88' lang='lat' dir='ltr'>Dominum.</span> <span class='ocrx_word' id='word_1_138' title='bbox 773 1674 939 1719; x_wconf 88' lang='lat' dir='ltr'>Habet</span> <span class='ocrx_word' id='word_1_139' title='bbox 963 1684 1220 1730; x_wconf 88' lang='lat' dir='ltr'>parentem</span> <span class='ocrx_word' id='word_1_140' title='bbox 1246 1674 1461 1728; x_wconf 89' lang='lat' dir='ltr'>diuitem,</span> <span class='ocrx_word' id='word_1_141' title='bbox 1490 1673 1568 1729; x_wconf 78' lang='lat' dir='ltr'>qui</span> <span class='ocrx_word' id='word_1_142' title='bbox 1592 1674 1861 1718; x_wconf 82' lang='lat' dir='ltr'>secundum</span> <span class='ocrx_word' id='word_1_143' title='bbox 1890 1687 1997 1717; x_wconf 87' lang='lat' dir='ltr'>car-</span> 
     </span>
     <span class='ocr_line' id='line_1_20' title="bbox 367 1749 1999 1808; baseline -0.002 -10"><span class='ocrx_word' id='word_1_144' title='bbox 367 1769 478 1798; x_wconf 90' lang='lat' dir='ltr'>nem</span> <span class='ocrx_word' id='word_1_145' title='bbox 504 1751 768 1808; x_wconf 81' lang='lat' dir='ltr'>magnifica</span> <span class='ocrx_word' id='word_1_146' title='bbox 793 1760 840 1795; x_wconf 89' lang='lat' dir='ltr'>et</span> <span class='ocrx_word' id='word_1_147' title='bbox 865 1751 1131 1807; x_wconf 86' lang='lat' dir='ltr'>praeclara</span> <span class='ocrx_word' id='word_1_148' title='bbox 1155 1765 1309 1806; x_wconf 88' lang='lat' dir='ltr'>opera</span> <span class='ocrx_word' id='word_1_149' title='bbox 1332 1752 1395 1795; x_wconf 88' lang='lat' dir='ltr'>ab</span> <span class='ocrx_word' id='word_1_150' title='bbox 1414 1751 1495 1795; x_wconf 90' lang='lat' dir='ltr'>illo</span> <span class='ocrx_word' id='word_1_151' title='bbox 1520 1751 1835 1807; x_wconf 76' lang='lat' dir='ltr'>expectabat,</span> <span class='ocrx_word' id='word_1_152' title='bbox 1859 1749 1999 1794; x_wconf 85' lang='lat' dir='ltr'>huius</span> 
     </span>
     <span class='ocr_line' id='line_1_21' title="bbox 368 1826 2000 1883; baseline -0.003 -8"><span class='ocrx_word' id='word_1_153' title='bbox 368 1830 440 1875; x_wconf 90' lang='lat' dir='ltr'>rei</span> <span class='ocrx_word' id='word_1_154' title='bbox 464 1829 685 1874; x_wconf 90' lang='lat' dir='ltr'>inscium.</span> <span class='ocrx_word' id='word_1_155' title='bbox 715 1828 942 1872; x_wconf 81' lang='lat' dir='ltr'>Maturus</span> <span class='ocrx_word' id='word_1_156' title='bbox 967 1838 1056 1883; x_wconf 91' lang='lat' dir='ltr'>est,</span> <span class='ocrx_word' id='word_1_157' title='bbox 1085 1828 1343 1880; x_wconf 89' lang='lat' dir='ltr'>humanus,</span> <span class='ocrx_word' id='word_1_158' title='bbox 1372 1843 1431 1872; x_wconf 91' lang='lat' dir='ltr'>ac</span> <span class='ocrx_word' id='word_1_159' title='bbox 1455 1827 1661 1883; x_wconf 83' lang='lat' dir='ltr'>egregie</span> <span class='ocrx_word' id='word_1_160' title='bbox 1697 1826 1819 1883; x_wconf 80' lang='lat' dir='ltr'>piUS,</span> <span class='ocrx_word' id='word_1_161' title='bbox 1857 1841 2000 1883; x_wconf 84' lang='lat' dir='ltr'>quem</span> 
     </span>
     <span class='ocr_line' id='line_1_22' title="bbox 369 1904 1996 1964; baseline -0.002 -13"><span class='ocrx_word' id='word_1_162' title='bbox 369 1906 609 1964; x_wconf 84' lang='lat' dir='ltr'>singulari</span> <span class='ocrx_word' id='word_1_163' title='bbox 633 1905 940 1962; x_wconf 86' lang='lat' dir='ltr'>praeuilegio</span> <span class='ocrx_word' id='word_1_164' title='bbox 965 1904 1206 1949; x_wconf 83' lang='lat' dir='ltr'>Dominus</span> <span class='ocrx_word' id='word_1_165' title='bbox 1232 1904 1368 1949; x_wconf 88' lang='lat' dir='ltr'>Deus</span> <span class='ocrx_word' id='word_1_166' title='bbox 1396 1905 1589 1949; x_wconf 84' lang='lat' dir='ltr'>videtur</span> <span class='ocrx_word' id='word_1_167' title='bbox 1625 1917 1996 1960; x_wconf 85' lang='lat' dir='ltr'>praeseruasse.</span> 
     </span>
    </p>

    <p class='ocr_par' dir='ltr' id='par_1_3' title="bbox 371 1980 2004 2500">
     <span class='ocr_line' id='line_1_23' title="bbox 459 1980 2000 2038; baseline -0.002 -11"><span class='ocrx_word' id='word_1_168' title='bbox 459 1983 635 2028; x_wconf 82' lang='lat' dir='ltr'>Plures</span> <span class='ocrx_word' id='word_1_169' title='bbox 659 1991 772 2027; x_wconf 89' lang='lat' dir='ltr'>sunt</span> <span class='ocrx_word' id='word_1_170' title='bbox 797 1991 844 2026; x_wconf 91' lang='lat' dir='ltr'>et</span> <span class='ocrx_word' id='word_1_171' title='bbox 868 1982 1083 2026; x_wconf 84' lang='lat' dir='ltr'>eiusdem</span> <span class='ocrx_word' id='word_1_172' title='bbox 1110 1981 1304 2026; x_wconf 76' lang='lat' dir='ltr'>farinae</span> <span class='ocrx_word' id='word_1_173' title='bbox 1328 1981 1565 2038; x_wconf 86' lang='lat' dir='ltr'>homines,</span> <span class='ocrx_word' id='word_1_174' title='bbox 1603 1982 1688 2026; x_wconf 88' lang='lat' dir='ltr'>sed</span> <span class='ocrx_word' id='word_1_175' title='bbox 1722 1980 1860 2025; x_wconf 90' lang='lat' dir='ltr'>locus</span> <span class='ocrx_word' id='word_1_176' title='bbox 1894 1995 2000 2036; x_wconf 89' lang='lat' dir='ltr'>per—</span> 
     </span>
     <span class='ocr_line' id='line_1_24' title="bbox 371 2057 2002 2117; baseline -0.002 -12"><span class='ocrx_word' id='word_1_177' title='bbox 371 2061 582 2117; x_wconf 79' lang='lat' dir='ltr'>exiguus</span> <span class='ocrx_word' id='word_1_178' title='bbox 617 2068 706 2116; x_wconf 83' lang='lat' dir='ltr'>est,</span> <span class='ocrx_word' id='word_1_179' title='bbox 744 2068 792 2103; x_wconf 91' lang='lat' dir='ltr'>et</span> <span class='ocrx_word' id='word_1_180' title='bbox 827 2057 1045 2104; x_wconf 83' lang='lat' dir='ltr'>redditus</span> <span class='ocrx_word' id='word_1_181' title='bbox 1078 2068 1267 2110; x_wconf 81' lang='lat' dir='ltr'>tenues,</span> <span class='ocrx_word' id='word_1_182' title='bbox 1310 2058 1399 2103; x_wconf 90' lang='lat' dir='ltr'>nisi</span> <span class='ocrx_word' id='word_1_183' title='bbox 1435 2059 1719 2103; x_wconf 87' lang='lat' dir='ltr'>misericors</span> <span class='ocrx_word' id='word_1_184' title='bbox 1754 2058 1907 2115; x_wconf 88' lang='lat' dir='ltr'>Deus,</span> <span class='ocrx_word' id='word_1_185' title='bbox 1950 2068 2002 2102; x_wconf 89' lang='lat' dir='ltr'>vt</span> 
     </span>
     <span class='ocr_line' id='line_1_25' title="bbox 371 2135 2000 2193; baseline -0.002 -11"><span class='ocrx_word' id='word_1_186' title='bbox 371 2152 523 2193; x_wconf 87' lang='lat' dir='ltr'>saepe</span> <span class='ocrx_word' id='word_1_187' title='bbox 567 2136 869 2192; x_wconf 76' lang='lat' dir='ltr'>experimur,</span> <span class='ocrx_word' id='word_1_188' title='bbox 918 2135 1057 2180; x_wconf 89' lang='lat' dir='ltr'>nobis</span> <span class='ocrx_word' id='word_1_189' title='bbox 1101 2136 1472 2181; x_wconf 85' lang='lat' dir='ltr'>misericordiae</span> <span class='ocrx_word' id='word_1_190' title='bbox 1511 2151 1710 2180; x_wconf 87' lang='lat' dir='ltr'>manum</span> <span class='ocrx_word' id='word_1_191' title='bbox 1755 2135 2000 2192; x_wconf 87' lang='lat' dir='ltr'>porrigat.</span> 
     </span>
     <span class='ocr_line' id='line_1_26' title="bbox 374 2212 2003 2269; baseline -0.002 -9"><span class='ocrx_word' id='word_1_192' title='bbox 374 2215 581 2260; x_wconf 75' lang='lat' dir='ltr'>Vtinam</span> <span class='ocrx_word' id='word_1_193' title='bbox 606 2215 712 2259; x_wconf 88' lang='lat' dir='ltr'>solo</span> <span class='ocrx_word' id='word_1_194' title='bbox 737 2228 863 2269; x_wconf 87' lang='lat' dir='ltr'>pane</span> <span class='ocrx_word' id='word_1_195' title='bbox 888 2213 1200 2257; x_wconf 78' lang='lat' dir='ltr'>continenter</span> <span class='ocrx_word' id='word_1_196' title='bbox 1224 2212 1319 2257; x_wconf 74' lang='lat' dir='ltr'>frui</span> <span class='ocrx_word' id='word_1_197' title='bbox 1344 2222 1392 2257; x_wconf 90' lang='lat' dir='ltr'>et</span> <span class='ocrx_word' id='word_1_198' title='bbox 1415 2213 1546 2258; x_wconf 90' lang='lat' dir='ltr'>humi</span> <span class='ocrx_word' id='word_1_199' title='bbox 1572 2212 1789 2258; x_wconf 88' lang='lat' dir='ltr'>dormire</span> <span class='ocrx_word' id='word_1_200' title='bbox 1823 2223 1870 2257; x_wconf 88' lang='lat' dir='ltr'>et</span> <span class='ocrx_word' id='word_1_201' title='bbox 1897 2212 2003 2260; x_wconf 71' lang='lat' dir='ltr'>,ani-</span> 
     </span>
     <span class='ocr_line' id='line_1_27' title="bbox 374 2288 2000 2347; baseline -0.001 -11"><span class='ocrx_word' id='word_1_202' title='bbox 374 2307 482 2337; x_wconf 89' lang='lat' dir='ltr'>mas</span> <span class='ocrx_word' id='word_1_203' title='bbox 505 2290 692 2336; x_wconf 90' lang='lat' dir='ltr'>lucrari</span> <span class='ocrx_word' id='word_1_204' title='bbox 717 2291 954 2347; x_wconf 87' lang='lat' dir='ltr'>plurimas</span> <span class='ocrx_word' id='word_1_205' title='bbox 979 2306 1129 2346; x_wconf 88' lang='lat' dir='ltr'>saepe</span> <span class='ocrx_word' id='word_1_206' title='bbox 1153 2290 1313 2335; x_wconf 88' lang='lat' dir='ltr'>liceat!</span> <span class='ocrx_word' id='word_1_207' title='bbox 1350 2288 1401 2335; x_wconf 78' lang='lat' dir='ltr'>Si</span> <span class='ocrx_word' id='word_1_208' title='bbox 1436 2291 1645 2346; x_wconf 85' lang='lat' dir='ltr'>pecunia</span> <span class='ocrx_word' id='word_1_209' title='bbox 1679 2290 2000 2345; x_wconf 84' lang='lat' dir='ltr'>abundarem,</span> 
     </span>
     <span class='ocr_line' id='line_1_28' title="bbox 374 2367 2004 2424; baseline -0.001 -10"><span class='ocrx_word' id='word_1_210' title='bbox 374 2368 623 2414; x_wconf 89' lang='lat' dir='ltr'>mitterem</span> <span class='ocrx_word' id='word_1_211' title='bbox 648 2368 938 2423; x_wconf 78' lang='lat' dir='ltr'>frequenter</span> <span class='ocrx_word' id='word_1_212' title='bbox 962 2367 1021 2411; x_wconf 89' lang='lat' dir='ltr'>de</span> <span class='ocrx_word' id='word_1_213' title='bbox 1047 2368 1269 2423; x_wconf 87' lang='lat' dir='ltr'>primitiis</span> <span class='ocrx_word' id='word_1_214' title='bbox 1303 2367 1486 2412; x_wconf 86' lang='lat' dir='ltr'>nostris</span> <span class='ocrx_word' id='word_1_215' title='bbox 1518 2367 1749 2424; x_wconf 77' lang='lat' dir='ltr'>Romam3</span> <span class='ocrx_word' id='word_1_216' title='bbox 1786 2367 1871 2412; x_wconf 88' lang='lat' dir='ltr'>sed</span> <span class='ocrx_word' id='word_1_217' title='bbox 1906 2367 2004 2412; x_wconf 90' lang='lat' dir='ltr'>Do-</span> 
     </span>
     <span class='ocr_line' id='line_1_29' title="bbox 376 2443 1640 2500; baseline -0.001 -10"><span class='ocrx_word' id='word_1_218' title='bbox 376 2445 535 2490; x_wconf 89' lang='lat' dir='ltr'>minus</span> <span class='ocrx_word' id='word_1_219' title='bbox 559 2444 696 2490; x_wconf 87' lang='lat' dir='ltr'>dabit</span> <span class='ocrx_word' id='word_1_220' title='bbox 719 2445 983 2500; x_wconf 85' lang='lat' dir='ltr'>aliquando</span> <span class='ocrx_word' id='word_1_221' title='bbox 1008 2460 1119 2488; x_wconf 92' lang='lat' dir='ltr'>cum</span> <span class='ocrx_word' id='word_1_222' title='bbox 1142 2443 1307 2489; x_wconf 72' lang='lat' dir='ltr'>fructu</span> <span class='ocrx_word' id='word_1_223' title='bbox 1332 2454 1640 2500; x_wconf 88' lang='lat' dir='ltr'>prouentum.</span> 
     </span>
    </p>

    <p class='ocr_par' dir='ltr' id='par_1_4' title="bbox 378 2521 2043 2886">
     <span class='ocr_line' id='line_1_30' title="bbox 466 2521 2005 2580; baseline -0.001 -13"><span class='ocrx_word' id='word_1_224' title='bbox 466 2522 561 2567; x_wconf 90' lang='lat' dir='ltr'>Hic</span> <span class='ocrx_word' id='word_1_225' title='bbox 584 2522 649 2567; x_wconf 84' lang='lat' dir='ltr'>M.</span> <span class='ocrx_word' id='word_1_226' title='bbox 676 2521 895 2580; x_wconf 87' lang='lat' dir='ltr'>Jacobus</span> <span class='ocrx_word' id='word_1_227' title='bbox 920 2521 1370 2578; x_wconf 83' lang='lat' dir='ltr'>Middelburgensis</span> <span class='ocrx_word' id='word_1_228' title='bbox 1394 2522 1491 2566; x_wconf 87' lang='lat' dir='ltr'>iam</span> <span class='ocrx_word' id='word_1_229' title='bbox 1517 2522 1708 2566; x_wconf 87' lang='lat' dir='ltr'>accedit</span> <span class='ocrx_word' id='word_1_230' title='bbox 1733 2521 1794 2566; x_wconf 85' lang='lat' dir='ltr'>ad</span> <span class='ocrx_word' id='word_1_231' title='bbox 1819 2521 2005 2566; x_wconf 82' lang='lat' dir='ltr'>exerci-</span> 
     </span>
     <span class='ocr_line' id='line_1_31' title="bbox 378 2598 1540 2656; baseline 0 -12"><span class='ocrx_word' id='word_1_232' title='bbox 378 2599 462 2656; x_wconf 68' lang='lat' dir='ltr'>tia,</span> <span class='ocrx_word' id='word_1_233' title='bbox 490 2600 570 2655; x_wconf 88' lang='lat' dir='ltr'>qui</span> <span class='ocrx_word' id='word_1_234' title='bbox 594 2615 705 2644; x_wconf 89' lang='lat' dir='ltr'>eum</span> <span class='ocrx_word' id='word_1_235' title='bbox 730 2598 1020 2656; x_wconf 86' lang='lat' dir='ltr'>praecessit,</span> <span class='ocrx_word' id='word_1_236' title='bbox 1048 2598 1145 2643; x_wconf 91' lang='lat' dir='ltr'>iam</span> <span class='ocrx_word' id='word_1_237' title='bbox 1170 2600 1426 2644; x_wconf 88' lang='lat' dir='ltr'>absolutus</span> <span class='ocrx_word' id='word_1_238' title='bbox 1451 2608 1540 2644; x_wconf 89' lang='lat' dir='ltr'>est.</span> 
     </span>
     <span class='ocr_line' id='line_1_32' title="bbox 438 2675 2005 2732; baseline 0 -12"><span class='ocrx_word' id='word_1_239' title='bbox 438 2676 479 2720; x_wconf 83' lang='lat'>7.</span> <span class='ocrx_word' id='word_1_240' title='bbox 547 2675 600 2720; x_wconf 89' lang='lat' dir='ltr'>In</span> <span class='ocrx_word' id='word_1_241' title='bbox 625 2675 907 2721; x_wconf 85' lang='lat' dir='ltr'>Februario</span> <span class='ocrx_word' id='word_1_242' title='bbox 930 2676 1016 2720; x_wconf 68' lang='grc' dir='ltr'>4.οῐ</span> <span class='ocrx_word' id='word_1_243' title='bbox 1043 2691 1107 2720; x_wconf 81' lang='lat' dir='ltr'>ex</span> <span class='ocrx_word' id='word_1_244' title='bbox 1129 2675 1312 2720; x_wconf 90' lang='lat' dir='ltr'>nostris</span> <span class='ocrx_word' id='word_1_245' title='bbox 1336 2675 1558 2732; x_wconf 86' lang='lat' dir='ltr'>Pragam</span> <span class='ocrx_word' id='word_1_246' title='bbox 1582 2676 1773 2720; x_wconf 86' lang='lat' dir='ltr'>mittam</span> <span class='ocrx_word' id='word_1_247' title='bbox 1802 2675 2005 2721; x_wconf 90' lang='lat' dir='ltr'>consilio</span> 
     </span>
     <span class='ocr_line' id='line_1_33' title="bbox 379 2751 2043 2818; baseline 0.001 -22"><span class='ocrx_word' id='word_1_248' title='bbox 379 2751 489 2797; x_wconf 89' lang='lat' dir='ltr'>Rdi.</span> <span class='ocrx_word' id='word_1_249' title='bbox 519 2751 682 2797; x_wconf 85' lang='lat' dir='ltr'>Patris</span> <span class='ocrx_word' id='word_1_250' title='bbox 709 2752 912 2818; x_wconf 74' lang='lat' dir='ltr'>Canisii,</span> <span class='ocrx_word' id='word_1_251' title='bbox 940 2752 1121 2809; x_wconf 85' lang='lat' dir='ltr'>partim</span> <span class='ocrx_word' id='word_1_252' title='bbox 1150 2761 1199 2797; x_wconf 87' lang='lat' dir='ltr'>vt</span> <span class='ocrx_word' id='word_1_253' title='bbox 1222 2767 1311 2797; x_wconf 92' lang='lat' dir='ltr'>nos</span> <span class='ocrx_word' id='word_1_254' title='bbox 1336 2751 1610 2808; x_wconf 40' lang='lat' dir='ltr'>superfluis,</span> <span class='ocrx_word' id='word_1_255' title='bbox 1632 2753 1813 2808; x_wconf 84' lang='lat' dir='ltr'>partim</span> <span class='ocrx_word' id='word_1_256' title='bbox 1838 2753 2043 2812; x_wconf 15' lang='lat' dir='ltr'>laborem</span> 
     </span>
     <span class='ocr_line' id='line_1_34' title="bbox 382 2819 2036 2886; baseline 0.002 -13"><span class='ocrx_word' id='word_1_257' title='bbox 382 2828 658 2885; x_wconf 79' lang='lat' dir='ltr'>perdifficili</span> <span class='ocrx_word' id='word_1_258' title='bbox 682 2845 959 2886; x_wconf 85' lang='lat' dir='ltr'>pragenses</span> <span class='ocrx_word' id='word_1_259' title='bbox 982 2830 1129 2874; x_wconf 88' lang='lat' dir='ltr'>leuet.</span> <span class='ocrx_word' id='word_1_260' title='bbox 2034 2819 2036 2822; x_wconf 69' lang='lat'>‚</span> 
     </span>
    </p>
   </div>
   <div class='ocr_carea' id='block_1_3' title="bbox 384 3003 2029 3107">
    <p class='ocr_par' dir='ltr' id='par_1_5' title="bbox 384 3003 2029 3107">
     <span class='ocr_line' id='line_1_35' title="bbox 432 3003 2029 3058; baseline 0.001 -11"><span class='ocrx_word' id='word_1_261' title='bbox 432 3013 442 3031; x_wconf 82' lang='lat'>¹</span> <span class='ocrx_word' id='word_1_262' title='bbox 495 3011 671 3048; x_wconf 78' lang='lat' dir='ltr'>Videtur</span> <span class='ocrx_word' id='word_1_263' title='bbox 689 3011 756 3058; x_wconf 81' lang='lat' dir='ltr'>agi</span> <span class='ocrx_word' id='word_1_264' title='bbox 776 3012 824 3048; x_wconf 90' lang='lat' dir='ltr'>de</span> <span class='ocrx_word' id='word_1_265' title='bbox 844 3011 1094 3048; x_wconf 83' lang='lat' dir='ltr'>Theodorico</span> <span class='ocrx_word' id='word_1_266' title='bbox 1114 3010 1290 3048; x_wconf 85' lang='lat' dir='ltr'>Gerardi</span> <span class='ocrx_word' id='word_1_267' title='bbox 1317 3011 1689 3055; x_wconf 85' lang='lat' dir='ltr'>amsterodamensi,</span> <span class='ocrx_word' id='word_1_268' title='bbox 1719 3010 1786 3057; x_wconf 89' lang='lat' dir='ltr'>qui</span> <span class='ocrx_word' id='word_1_269' title='bbox 1813 3016 1907 3047; x_wconf 86' lang='lat' dir='ltr'>tunc</span> <span class='ocrx_word' id='word_1_270' title='bbox 1932 3013 2010 3048; x_wconf 87' lang='lat' dir='ltr'>Ro·</span> <span class='ocrx_word' id='word_1_271' title='bbox 2028 3003 2029 3006; x_wconf 12' lang='grc' dir='ltr'><strong>Ἴ</strong></span> 
     </span>
     <span class='ocr_line' id='line_1_36' title="bbox 384 3071 746 3107; baseline 0 -1"><span class='ocrx_word' id='word_1_272' title='bbox 384 3082 474 3106; x_wconf 85' lang='lat' dir='ltr'>mae</span> <span class='ocrx_word' id='word_1_273' title='bbox 495 3071 746 3107; x_wconf 82' lang='lat' dir='ltr'>versabatur.</span> 
     </span>
    </p>
   </div>
  </div>
 </body>
</html>
