1909 3328
268 256 338 292 :314
733 254 953 290 LITTERAE
980 251 1334 297 QUADRIMESTRES

226 353 418 410 utrique
444 352 654 396 donatus
684 350 1008 395 canonicatus
1040 350 1069 393 ¹.
1113 347 1270 392 Vnius
1303 355 1377 392 est
1410 345 1764 391 sententiarum
1798 344 1846 389 li-

225 431 341 475 bros
374 429 647 485 explicare,
683 427 888 472 alterius
917 442 1038 471 uero
1073 425 1298 481 paulinas
1332 423 1582 480 epistolas.
1620 422 1847 478 Vterque

225 516 390 551 autem
412 506 487 551 uir
507 506 680 550 doctus
704 514 778 549 est
797 514 845 549 et
869 505 991 549 bene
1019 503 1063 547 in
1087 501 1265 558 linguis
1284 510 1532 546 uersatus.
1560 498 1685 544 Sunt
1708 514 1847 555 prae-

225 594 364 628 terea
390 583 640 628 institutae
664 581 1022 637 disputationes
1046 577 1431 624 hebdomadales
1455 577 1499 621 in
1533 576 1706 632 quibus
1738 576 1847 620 bac-

225 661 471 706 calaureis
507 659 678 704 ordine
714 657 1109 714 respondendum
1144 665 1234 701 est.
1262 654 1451 710 Quibus
1477 653 1700 698 omnibus
1726 651 1775 697 fit
1799 661 1850 697 ut

228 739 362 784 multi
383 753 492 783 sese
511 737 573 782 ad
593 736 893 792 theologiam
914 734 1175 780 conferant
1193 742 1340 789 atque
1364 731 1411 776 in
1431 747 1490 776 ea
1515 730 1850 787 promotiones

226 825 436 861 sumant.
467 813 732 870 Superiori
750 829 879 858 anno
904 823 1004 857 tam
1041 810 1176 856 multi
1213 808 1533 855 baccalaurei
1568 807 1685 852 facti
1720 814 1870 864 sunt‚‘

229 905 276 938 ut
303 892 473 937 mirari
498 891 619 936 satis
643 906 901 947 nequeam.
931 888 1117 934 Omnes
1137 887 1266 932 docti
1291 887 1631 931 adolescentes
1656 895 1781 940 sunt,
1805 894 1851 930 et
1873 887 1876 890 ’

227 970 352 1014 bene
386 969 428 1014 in
467 967 620 1014 literis
653 967 1026 1012 humanioribus
1061 964 1261 1010 uersati.
1300 963 1462 1020 Atque
1494 963 1587 1007 hac
1611 962 1850 1007 instaura-

228 1048 358 1092 tione
382 1046 526 1092 studii
552 1045 832 1101 theologici,
861 1044 990 1101 quod
1015 1043 1214 1087 nimium
1239 1042 1509 1097 collapsum
1540 1049 1664 1096 erat,
1702 1055 1852 1096 supra

229 1125 426 1169 modum
452 1125 751 1169 roboramur
776 1122 1019 1167 aduersus
1044 1120 1338 1165 haereticos.

288 1202 328 1246 2.
398 1199 574 1246 Studia
608 1200 788 1245 artium
823 1208 869 1243 et
904 1199 1186 1254 linguarum
1226 1195 1421 1241 tametsi
1457 1195 1695 1239 hactenus
1731 1195 1852 1239 bene

232 1279 517 1335 floruerant,
545 1277 791 1322 florebunt
816 1286 980 1321 tamen
1001 1275 1249 1331 deinceps,
1275 1289 1438 1330 spero,
1467 1272 1642 1329 magis.
1671 1270 1855 1317 Omnes

229 1356 357 1401 enim
381 1355 695 1413 professores
719 1353 1059 1411 diligentiores
1095 1351 1329 1409 paulatim
1367 1349 1664 1402 efficiuntur,
1703 1358 1749 1394 et
1784 1363 1873 1400 <Ver

230 1448 348 1478 cens
374 1440 391 1460 a
416 1449 596 1489 regens
631 1432 824 1488 collegii
855 1431 1073 1476 montani
1105 1431 1119 1454 '²
1152 1430 1260 1486 (pro
1285 1429 1486 1484 antiquo
1511 1431 1685 1472 (tutem
1707 1432 1853 1483 supe-

231 1511 452 1556 rioribus
474 1511 786 1567 septimanis
804 1509 906 1554 uita
927 1508 1159 1553 defuncto
1180 1519 1225 1553 et
1246 1508 1369 1551 bene
1389 1506 1448 1550 tle
1468 1505 1608 1550 nobis
1626 1504 1801 1549 merito
1821 1505 1863 1562 ³‚=

233 1599 466 1645 tanquam
501 1604 591 1645 pro
622 1587 960 1642 benefactore,
996 1601 1137 1642 rogo,
1169 1585 1328 1630 Deum
1353 1584 1514 1639 orate)
1539 1598 1775 1640 magnam
1800 1582 1864 1628 de*

232 1682 283 1712 se
309 1682 445 1723 spem
465 1666 673 1723 praebet
693 1665 949 1710 cuiusdam
972 1662 1345 1709 instaurationis
1360 1664 1577 1718 propter
1599 1660 1858 1717 insignem

232 1745 589 1790 eruditimzem.
629 1743 775 1800 Apud
810 1743 897 1787 hos
937 1751 985 1786 et
1020 1750 1175 1786 totam
1216 1740 1397 1785 artium
1432 1738 1725 1783 facultatem
1763 1751 1856 1781 non

233 1837 408 1878 parum
434 1820 662 1866 Societas
686 1829 865 1876 potest.
894 1819 1032 1863 Duos
1058 1818 1185 1863 enim
1210 1825 1496 1862 nostrorum
1522 1815 1583 1860 ad
1607 1813 1869 1860 consiliumz

233 1915 374 1944 suum
401 1898 723 1950 admiserunt,
753 1897 920 1953 eisque
939 1896 1238 1941 decanatum
1265 1903 1312 1939 et
1337 1894 1485 1938 alium
1510 1891 1857 1948 magistratum

234 1977 515 2021 detulerunt
545 1977 576 2032 ἡ
610 1974 809 2020 eosdem
840 1973 1209 2019 examinatores
1234 1971 1612 2028 constituerunt;
1641 1965 1879 2027 quinque

234 2053 609 2109 dis(·z'pul0mmz
643 2051 715 2096 ad
741 2064 960 2095 examen
988 2054 1035 2094 et
1056 2049 1514 2094 baccalam‘ecztzmz
1539 2046 1862 2091 acmu'sermzt

235 2135 281 2175 et
304 2131 378 2175 eis
397 2129 775 2186 pron‘zotionem
799 2127 1088 2185 [Plfactanz
1116 2126 1177 2183 [Ρ]
1203 2126 1542 2171 contulerunt.
1570 2123 1635 2168 M.
1670 2120 1858 2168 Baldui-

235 2224 349 2253 num
370 2206 388 2235 b
414 2216 461 2252 et
484 2207 546 2251 M.
571 2205 827 2251 Andream
847 2206 862 2228 ⁵
883 2205 1135 2260 magistris
1161 2204 1301 2249 huius
1321 2201 1595 2248 vniuersita
1605 2200 1665 2245 tis
1685 2214 1858 2256 aequa-

237 2294 365 2337 runt,
394 2295 440 2329 et
464 2283 529 2328 M.
556 2282 791 2328 Ioannem
818 2281 1101 2326 Berkelium
1135 2290 1183 2325 et
1215 2279 1279 2324 M.
1314 2278 1619 2335 Gregorium
1655 2276 1857 2322 Fabium

237 2363 410 2427 laurea
435 2359 719 2417 magistrati
744 2358 849 2416 [Sic]
877 2368 1137 2403 ornarunt.
1165 2357 1361 2402 Verum
1387 2372 1482 2402 non
1502 2370 1677 2412 parum
1697 2366 1860 2399 omnes

284 2520 301 2540 ³
350 2525 492 2549 nouus.
552 2511 613 2538 —b
653 2509 821 2547 Nostros
841 2508 897 2545 M.
920 2507 1211 2544 Balduinum...

287 2659 294 2676 ¹
347 2654 600 2701 Theologiae
620 2653 869 2700 professores
888 2656 1004 2688 erant
1019 2650 1199 2697 joannes
1219 2649 1370 2687 Geffen
1390 2648 1664 2692 Schffittanus,
1684 2652 1723 2684 et
1738 2644 1869 2684 Gotti·‘

239 2716 373 2752 fredus
394 2715 626 2752 Rhedanus.
649 2713 712 2750 Cf.
734 2712 923 2756 HANSEN‚
947 2698 1209 2747 Rlzeim‘sclze
1227 2709 1425 2751 Aktetz...‚
1446 2708 1528 2745 309.

286 2777 297 2795 ²
349 2775 560 2813 Gerardus
580 2773 807 2810 Mathisius.
829 2772 928 2808 Ibid.

286 2837 297 2855 ⁸
350 2835 527 2871 Mathias
547 2833 736 2870 Kremer.
757 2832 872 2877 Ibid.,
892 2830 974 2868 275.

286 2896 299 2914 ⁴
350 2895 418 2931 Ad
437 2894 647 2930 consilium
667 2892 829 2929 admissi
848 2896 941 2928 sunt
968 2890 1011 2928 P.
1041 2890 1222 2937 joannes
1253 2888 1441 2934 Rethius‚
1477 2892 1516 2924 et
1547 2887 1593 2923 P.
1627 2885 1861 2929 Franciscus
1908 2898 1909 2914 1

240 2956 447 2992 Costerus.
468 2954 513 2990 P.
531 2953 709 3000 Joannes
728 2952 902 2989 Rethius
920 2951 993 2987 fuit
1014 2951 1191 2987 decanus
1208 2949 1412 2986 facultatis
1427 2948 1576 2984 artium
1592 2947 1641 2984 ab
1657 2957 1761 2982 anno
1777 2941 1862 2980 1557

240 3015 289 3051 ad
311 3014 412 3051 1558.
434 3014 532 3050 Ibid.
550 3012 633 3056 287,
653 3012 736 3049 788.

287 3074 299 3093 ⁵
356 3073 542 3110 Andreas
563 3073 788 3119 Boccatius,
810 3072 959 3109 frisius.
