1925 3509
454 288 842 325 17.*IN<;01„s1*Amo
867 288 913 325 25
933 288 1136 335 JANUARII
1165 289 1254 325 1557
1575 288 1616 324 71

821 526 880 575 17

406 647 763 695 THOMAS
819 646 1290 694 LENTULUS

483 778 756 805 INGOLSTADIO
782 767 829 804 25
853 777 1050 814 JANUARII
1079 767 1169 803 1557
1197 767 1220 802 ¹.

34 873 66 908 1.
98 871 323 908 Societatis
341 871 464 915 apud
484 872 595 907 cives
614 871 879 907 existimatio
898 871 944 906 in
963 869 1058 905 dies
1076 868 1364 914 augeam—2.
1396 869 1502 914 Spes
1528 880 1667 908 novae

103 932 276 968 scholae
305 930 624 974 aedificandae.
642 932 728 966 —3.
763 929 902 966 Pueri
932 931 1104 965 nostras
1134 929 1306 965 scholas
1327 928 1664 975 frequentantes

104 992 299 1037 exemplo
317 992 494 1028 virtutis
513 1001 564 1027 ac
581 1001 710 1027 verae
725 990 904 1035 pietatis
927 999 1029 1025 suos
1052 992 1258 1034 parentes
1284 989 1345 1026 ad
1372 989 1664 1026 christianam

106 1052 356 1097 religionem
377 1051 535 1087 n'zelz'us
554 1049 877 1087 observandam
893 1051 1145 1095 provocant.
1158 1049 1291 1086 —4-5.
1321 1049 1593 1085 Litterarum
1613 1060 1665 1086 ac

101 1112 388 1147 scientiarum
408 1111 733 1148 exercitationes
748 1109 925 1155 aliquae
940 1113 1228 1145 recensentur.
1238 1108 1319 1145 -—6.
1352 1108 1555 1154 Optimae
1571 1111 1668 1155 spei

102 1170 396 1207 adolescentes
421 1170 482 1207 ad
510 1170 766 1206 Societatem
794 1169 1085 1206 adnzz·ssz'.—7.
1115 1168 1318 1214 Quatnor
1339 1170 1448 1204 socii
1463 1168 1663 1214 Pragam

101 1230 450 1267 mittendi—89.
479 1230 606 1267 Aliae
624 1231 889 1266 mutationes
909 1228 1283 1265 nostratum—10.
1314 1228 1660 1265 Tabellariorum

100 1291 146 1327 in
183 1291 336 1327 litteris
366 1289 642 1337 perferendis
677 1289 884 1326 tarditas.
915 1310 929 1312 —
950 1289 1009 1325 11.
1049 1287 1220 1325 Domus
1255 1288 1359 1324 hene
1390 1288 1661 1334 procedit.-

100 1350 159 1387 12.
193 1350 395 1388 Canisius
414 1351 459 1386 in
485 1350 674 1386 comitiis
702 1348 1076 1386 ratisbonensibus
1099 1349 1301 1394 primum
1330 1348 1474 1384 locum
1502 1348 1666 1385 obtinet

101 1412 216 1448 inter
231 1411 457 1456 theologos.

93 1496 131 1541 1.
199 1495 302 1540 Pax
335 1493 520 1540 Christi
558 1493 678 1551 Jesu
717 1492 989 1538 nobiscum.
1026 1490 1132 1537 R.de
1172 1491 1218 1536 in
1254 1490 1455 1537 Christo
1489 1491 1658 1537 Pater.

24 1572 256 1618 'Daturus
279 1587 483 1629 operam
506 1580 561 1617 vt
584 1586 644 1616 ea
669 1586 795 1627 quae
819 1570 899 1615 vel
923 1570 1138 1615 maxime
1158 1577 1376 1627 optares,
1399 1578 1484 1615 aut
1503 1570 1662 1615 minus

32 1651 362 1707 displicerent,
404 1649 575 1706 paucis
608 1648 669 1693 R.
708 1648 768 1693 T.
811 1656 859 1692 et
892 1647 1102 1692 iucunde
1141 1647 1520 1703 perscriberem,
1557 1656 1661 1692 tum

25 1745 155 1786 -quae
179 1730 269 1774 sub
303 1727 446 1772 finem
481 1725 776 1772 Decembris
810 1741 965 1782 vsque
1000 1725 1161 1770 adhuc
1195 1725 1331 1770 circa
1370 1725 1660 1770 vberrimun

32 1816 327 1863 prouentum
352 1820 413 1850 ac
436 1805 584 1862 longe
607 1803 976 1849 foelicissimum
1000 1817 1323 1860 progressum
1347 1803 1559 1860 collegio
1594 1803 1659 1848 in-

30 1884 351 1941 golstadiensi
390 1883 695 1935 acciderunt,
737 1881 868 1926 haud
913 1881 1209 1937 poenitenda
1247 1881 1656 1938 perstringerem,

29 1962 240 2019 primum
274 1961 404 2018 quod
438 1961 497 2005 de
531 1975 799 2016 puerorum
832 1958 1153 2015 institutione,
1191 1973 1318 2014 quae
1352 1974 1660 2015 magnopere

29 2039 204 2085 horum
248 2039 426 2084 ciuium
465 2038 655 2083 animos
694 2037 741 2082 in
780 2035 936 2081 nostri
976 2035 1356 2081 admirationem
1395 2035 1655 2092 pertrahit.

29 2133 138 2163 cum
162 2116 412 2163 inmortali
436 2114 620 2173 gaudio
644 2114 962 2169 occurrebat,
990 2122 1038 2158 et
1062 2112 1155 2158 hoc
1178 2112 1305 2158 inter
1329 2121 1534 2158 caetera
1559 2127 1657 2157 ma-

23 2193 340 2252 gnificentius
362 2193 617 2250 obtigisse,
645 2190 999 2237 declarandum
1024 2190 1174 2235 venit:
1202 2199 1303 2235 tam
1334 2205 1422 2235 nos
1448 2190 1493 2234 in
1517 2205 1657 2246 prae-

29 2272 186 2318 sentia
209 2272 272 2317 ab
296 2271 522 2317 omnibus
552 2268 951 2315 beneuolentiam
987 2277 1232 2324 captasse,
1266 2267 1394 2312 hanc
1428 2282 1598 2312 omnes
1628 2277 1673 2312 a·

28 2350 166 2396 nobis
190 2349 466 2406 opinionem
492 2347 792 2403 concepisse,
819 2354 873 2390 vt
897 2345 1135 2401 quosdam
1154 2345 1219 2390 -de
1244 2344 1384 2390 caelo
1419 2344 1557 2400 quasi
1591 2344 1656 2389 di-

29 2427 167 2473 uinos
190 2427 407 2472 homines
431 2426 476 2471 in
502 2424 823 2472 Germaniam
848 2424 1076 2480 delapsos
1101 2432 1287 2479 putent,
1315 2431 1369 2467 vt
1387 2422 1536 2466 etiam
1556 2421 1655 2466 dili-

29 2505 196 2561 gentia
218 2514 389 2550 nostra
414 2504 512 2549 alia
545 2503 687 2548 huius
720 2501 935 2547 ciuitatis
969 2500 1232 2557 gymnasia
1266 2499 1361 2544 iam
1395 2514 1654 2555 propemo-

29 2582 141 2627 dum
166 2582 383 2638 expilata
406 2596 515 2626 esse
545 2579 777 2626 nonnulli.
816 2579 928 2624 licet
963 2577 1241 2634 pauciores,
1279 2576 1358 2632 qui
1394 2584 1654 2632 quaestum

31 2668 245 2715 sperant,
272 2657 510 2703 inuidiose
534 2664 822 2713 querantur.

87 2734 128 2780 2.
193 2735 374 2791 Locus,
401 2734 481 2791 qui
505 2733 670 2790 pueris
694 2733 788 2778 hoc
811 2740 1035 2788 tempore
1067 2729 1346 2775 erudiendis
1380 2729 1525 2774 datus
1559 2737 1649 2786 est,

31 2827 114 2858 eos
136 2812 392 2858 commode
416 2827 513 2856 non
531 2811 679 2868 capit,
700 2810 937 2867 insygnes
955 2824 1015 2853 ac
1040 2806 1203 2853 multis
1225 2815 1437 2851 naturae
1457 2806 1653 2852 dotibus

26 2889 234 2946 egregie
258 2897 543 2934 exornatos.
570 2888 646 2933 De
669 2886 885 2933 subsidio
910 2885 1005 2930 loci
1028 2883 1442 2930 conuenientioris
1475 2893 1524 2929 et
1551 2899 1652 2929 am-

78 3043 87 3061 ¹
139 3041 201 3078 Ex
219 3042 469 3089 autographo
487 3041 528 3078 in
547 3040 682 3077 codice
703 3040 844 3077 Germ.
867 3039 960 3082 185,
980 3038 1004 3073 2
1021 3037 1079 3080 ff„
1100 3050 1166 3073 nn.
1188 3037 1247 3079 29,
1267 3036 1325 3082 30;
1344 3037 1453 3083 prius
1471 3036 1549 3079 429,
1567 3037 1648 3074 430.

27 3098 321 3148 compendium
339 3102 458 3149 hujus
477 3101 671 3148 epistolae
691 3100 896 3136 invenitur
914 3099 954 3134 in
973 3097 1013 3135 ff.
1035 3097 1144 3134 31-32
1163 3097 1343 3146 ejusdem
1363 3096 1521 3133 codicis.
