1909 3328
206 312 276 347 550
676 310 894 346 LITTERAE
922 310 1014 354 Qua
1024 318 1278 344 11>1Q1MESTRES

159 407 267 450 dem
284 421 411 450 nunc
429 414 565 450 recte
581 420 633 449 se
649 405 848 449 habent.
868 403 1128 460 Magister.
1150 401 1401 448 Oliuerius
1418 404 1431 426 ¹
1449 401 1626 447 febrim
1643 417 1788 458 quar-

158 493 327 527 tanam
362 482 459 526 iam
494 496 646 537 supra
671 496 759 526 sex
783 496 978 526 menses
1004 479 1203 535 patitur,
1231 494 1322 523 nec
1347 493 1605 535 speramus
1630 477 1787 522 morbi

159 558 432 603 remedium
457 569 572 603 ante
598 573 805 602 vernum
830 568 1037 613 tempus.
1066 555 1224 600 Nemo
1255 565 1479 600 nostrum
1514 554 1675 599 extitit
1709 554 1795 610 qui.

158 635 317 680 morbi
343 634 573 680 nuncium
599 650 695 679 non
722 634 915 689 viderit,
944 633 1148 688 aliisque
1180 641 1363 676 metum
1387 647 1483 676 non
1509 630 1785 675 incusserit.

158 713 412 769 Quantum
439 726 562 757 vero
587 712 649 756 ad
674 712 949 756 animorum
984 709 1315 755 conditionem
1350 708 1541 762 attinet,
1568 707 1788 752 Vniuersi

158 790 416 835 fraternae
460 789 719 834 charitatis
754 804 814 834 ac
848 788 983 844 pacis
1016 785 1285 831 inuiolabili
1320 786 1558 830 societate
1592 785 1790 829 coniun-

157 867 238 923 cti,
278 866 472 911 humilis
511 865 823 910 obedientiae
862 864 1083 909 studioso
1125 863 1360 919 obsequio
1395 862 1634 906 talentum
1669 876 1789 906 suae

158 943 267 988 fidei
295 942 635 988 concreditum
670 958 779 987 cum
817 941 1069 987 vberrimo
1094 934 1302 984 foenore
1332 938 1546 983 Domino
1581 937 1791 983 reddere

159 1021 390 1066 laborant
415 1019 610 1063 obnixe.

220 1097 286 1142 lO.
354 1096 405 1142 Si
430 1095 626 1152 collegii
652 1095 876 1151 erigendi
902 1093 1202 1149 dotandique
1227 1108 1361 1148 spem
1386 1107 1483 1137 non
1507 1091 1651 1136 modo
1676 1107 1789 1136 con-

157 1183 368 1230 ceptam,
393 1189 567 1218 verum
593 1181 640 1217 et
666 1188 819 1228 prope
843 1180 1041 1216 enatam
1067 1180 1362 1226 spectemus,
1385 1179 1460 1214 est
1483 1169 1612 1225 quod
1637 1169 1789 1214 abun-

157 1251 215 1297 de
239 1251 645 1307 benignissimum
682 1249 867 1294 Christi
902 1248 1129 1293 fauorem
1157 1263 1245 1303 per
1274 1247 1333 1291 D.
1360 1246 1576 1303 episcopi
1612 1244 1791 1291 benefi-

157 1328 369 1374 centiam
411 1328 598 1384 coeptis
638 1327 820 1372 nostris
865 1326 1169 1382 aspirantem
1214 1325 1541 1381 gratulemur.
1587 1324 1788 1368 Postea-

157 1421 303 1462 quam
335 1406 493 1450 solum
529 1405 740 1461 collegio
777 1403 1054 1449 extruendo
1090 1402 1389 1448 destinatum
1426 1401 1658 1457 impensis
1693 1400 1790 1457 epi-

157 1484 293 1540 scopi
319 1483 644 1539 redemptum,
673 1482 718 1526 in
744 1490 967 1527 nostram
993 1490 1290 1536 potestatem
1315 1479 1477 1533 cessit,
1506 1479 1786 1524 cumulatis-

157 1561 263 1606 simi
304 1560 520 1617 lapidum
557 1559 780 1604 iaciendo
821 1558 1143 1603 fundamento
1185 1557 1357 1602 acerui
1397 1555 1621 1612 congesti
1661 1566 1799 1612 sunt,

157 1638 269 1694 quin
310 1638 459 1682 etiam
498 1636 841 1693 quamplurimi
884 1635 1071 1691 lapides
1111 1635 1239 1679 mole
1280 1634 1523 1690 ingenteS,
1566 1648 1625 1678 ac
1664 1648 1790 1677 saxa

155 1715 366 1759 molaria
392 1713 676 1771 permagnis
700 1712 957 1769 impendiis
982 1712 1197 1768 quotidie
1222 1711 1536 1756 aduehuntur
1571 1718 1782 1755 structu-

157 1807 245 1836 rae
271 1790 479 1836 aedificii
505 1790 841 1846 perpolienda.
871 1787 921 1833 Si
959 1788 1162 1834 Patrum
1197 1797 1483 1833 nostrorum
1511 1787 1696 1833 reditus
1720 1786 1787 1832 fo-

157 1878 233 1914 ret
271 1868 529 1921 maturior,
566 1876 757 1913 tantum
796 1867 1051 1924 negotium
1085 1866 1370 1911 inchoatum
1405 1873 1790 1921 promoueretur

157 1962 303 2002 quam
344 1945 606 2001 ocyssime:
650 1959 773 2000 quos
817 1944 1008 2000 quidem
1054 1943 1324 1988 incolumes
1370 1942 1597 1999 proximo
1638 1941 1789 1998 Mayo

156 2023 334 2067 anhelo
369 2021 543 2078 spiritu
578 2021 960 2077 praestolamur.
991 2019 1141 2065 ReluS.
1180 2019 1302 2065 Dns.
1331 2019 1592 2076 episcopus
1627 2033 1787 2075 aequo

157 2100 319 2144 animo
354 2098 460 2144 tulit
494 2098 715 2154 ipsorum
756 2097 882 2142 adeo
923 2098 1206 2142 diuturnam
1247 2096 1541 2151 absentiam,
1579 2110 1800 2151 quorum--

156 2186 323 2221 tamen
349 2174 479 2220 haud
504 2174 740 2220 mediocri
774 2173 998 2230 tangitur
1033 2173 1296 2218 desiderio.
1324 2173 1486 2218 Morbi
1510 2171 1791 2217 discrimine

155 2252 404 2298 laborauit
428 2250 849 2308 periculosissimo
870 2266 981 2295 cum
1002 2250 1187 2307 exigua
1207 2249 1491 2312 prolixioris
1516 2249 1650 2294 vitae
1674 2247 1791 2293 fidu-

156 2330 248 2379 cia:
271 2329 350 2386 qui
370 2329 569 2374 tandem
588 2327 651 2372 ad
670 2327 927 2384 pristinam
951 2327 1283 2372 valetudinem
1304 2326 1571 2372 conualuit.
1596 2324 1674 2370 Ex
1692 2324 1790 2369 fra-

154 2407 245 2452 tris
269 2406 382 2452 Dni.
410 2407 469 2452 de
494 2406 766 2452 Nantoillet
790 2414 950 2450 morte
970 2406 1100 2450 haud
1122 2407 1281 2450 leuem
1303 2403 1664 2461 aegritudinem
1691 2403 1803 2448 ani-⁷

156 2485 221 2530 mi
245 2485 570 2542 corporisque
595 2492 913 2539 conceperat,
942 2498 1086 2539 quam
1112 2483 1349 2539 paulatim
1375 2482 1564 2527 remisit
1588 2496 1648 2526 ac
1673 2480 1790 2525 miti-

157 2561 315 2617 gauit.
346 2560 658 2618 Expectatur
691 2575 721 2605 a
755 2559 895 2605 nobis
929 2559 1158 2616 proximo
1185 2574 1322 2614 vere,
1349 2558 1430 2603 diu
1461 2557 1792 2603 desideratus„

157 2638 455 2694 Nuperrime
479 2653 568 2694 per
591 2636 765 2683 literas
794 2636 1038 2693 insignem
1063 2651 1189 2693 erga
1213 2635 1518 2681 Societatem
1553 2634 1803 2680 affectum..

157 2714 466 2771 exhibentes,
509 2713 623 2759 mihi
662 2713 886 2770 iniunxit,
936 2722 988 2758 vt
1031 2712 1308 2769 proximam
1354 2711 1802 2769 quadragesimam·

157 2791 285 2847 apud
330 2807 621 2847 ryomenses
664 2791 1023 2847 transigerem,
1072 2790 1229 2835 verbo
1280 2789 1373 2835 Dei
1429 2788 1786 2846 praedicando:

157 2868 297 2913 cuius
321 2869 624 2915 auctoritate
659 2869 840 2913 ciuium
874 2867 979 2913 eius
1014 2867 1151 2912 vrbis
1185 2867 1407 2923 petitioni
1442 2867 1792 2922 obtemperare

157 2946 313 2992 debeo
337 2961 399 2992 ac
423 2946 553 2991 volo.
580 2945 692 2991 Non
716 2946 893 2991 desunt
923 2945 969 2990 in
1004 2960 1064 2990 ea
1099 2945 1222 2989 vrbe
1247 2943 1327 3000 qui
1351 2943 1545 3000 collegii
1570 2941 1804 2988 Societa--

207 3116 215 3133 ¹
270 3113 315 3150 P.
339 3112 545 3150 Oliverius
564 3113 632 3149 Du
650 3112 815 3150 Hamel.
