<?xml version="1.0" encoding="UTF-8"?>
<!DOCTYPE html PUBLIC "-//W3C//DTD XHTML 1.0 Transitional//EN"
    "http://www.w3.org/TR/xhtml1/DTD/xhtml1-transitional.dtd">
<html xmlns="http://www.w3.org/1999/xhtml" xml:lang="en" lang="en">
 <head>
  <title>
</title>
<meta http-equiv="Content-Type" content="text/html;charset=utf-8" />
  <meta name='ocr-system' content='tesseract 3.04.00' />
  <meta name='ocr-capabilities' content='ocr_page ocr_carea ocr_par ocr_line ocrx_word'/>
</head>
<body>
  <div class='ocr_page' id='page_1' title='image "./litteraequadrime1705lain_0731.png"; bbox 0 0 1900 3380; ppageno 0'>
   <div class='ocr_carea' id='block_1_1' title="bbox 473 226 1656 276">
    <p class='ocr_par' dir='ltr' id='par_1_1' title="bbox 473 226 1656 276">
     <span class='ocr_line' id='line_1_1' title="bbox 473 226 1656 276; baseline -0.005 -7"><span class='ocrx_word' id='word_1_1' title='bbox 473 231 880 269; x_wconf 69' lang='lat' dir='ltr'>173.-SALMANT1&lt;:A</span> <span class='ocrx_word' id='word_1_2' title='bbox 907 241 1043 267; x_wconf 80' lang='lat' dir='ltr'>MENSE</span> <span class='ocrx_word' id='word_1_3' title='bbox 1070 229 1191 276; x_wconf 87' lang='lat' dir='ltr'>MAJo</span> <span class='ocrx_word' id='word_1_4' title='bbox 1220 228 1310 266; x_wconf 72' lang='lat'>1558</span> <span class='ocrx_word' id='word_1_5' title='bbox 1587 226 1656 263; x_wconf 76' lang='lat'>099</span> 
     </span>
    </p>
   </div>
   <div class='ocr_carea' id='block_1_2' title="bbox 19 324 1709 2868">
    <p class='ocr_par' dir='ltr' id='par_1_2' title="bbox 72 324 1705 996">
     <span class='ocr_line' id='line_1_2' title="bbox 132 324 1702 384; baseline -0.004 -9"><span class='ocrx_word' id='word_1_6' title='bbox 132 330 176 375; x_wconf 81' lang='lat'>6.</span> <span class='ocrx_word' id='word_1_7' title='bbox 242 328 437 374; x_wconf 82' lang='lat' dir='ltr'>Famuli</span> <span class='ocrx_word' id='word_1_8' title='bbox 466 343 585 373; x_wconf 90' lang='lat' dir='ltr'>vero</span> <span class='ocrx_word' id='word_1_9' title='bbox 610 327 808 384; x_wconf 88' lang='lat' dir='ltr'>quidam</span> <span class='ocrx_word' id='word_1_10' title='bbox 834 327 984 384; x_wconf 91' lang='lat' dir='ltr'>ipsius</span> <span class='ocrx_word' id='word_1_11' title='bbox 1009 325 1227 383; x_wconf 77' lang='lat' dir='ltr'>episcopi</span> <span class='ocrx_word' id='word_1_12' title='bbox 1257 341 1319 370; x_wconf 89' lang='lat' dir='ltr'>ex</span> <span class='ocrx_word' id='word_1_13' title='bbox 1353 324 1518 370; x_wconf 84' lang='lat' dir='ltr'>Patris</span> <span class='ocrx_word' id='word_1_14' title='bbox 1552 324 1702 369; x_wconf 91' lang='lat' dir='ltr'>conti-</span> 
     </span>
     <span class='ocr_line' id='line_1_3' title="bbox 75 402 1704 461; baseline -0.004 -9"><span class='ocrx_word' id='word_1_15' title='bbox 75 408 183 452; x_wconf 91' lang='lat' dir='ltr'>nuis</span> <span class='ocrx_word' id='word_1_16' title='bbox 206 406 634 452; x_wconf 78' lang='lat' dir='ltr'>adhortationibus</span> <span class='ocrx_word' id='word_1_17' title='bbox 659 405 883 461; x_wconf 76' lang='lat' dir='ltr'>persuasi</span> <span class='ocrx_word' id='word_1_18' title='bbox 908 414 1021 450; x_wconf 88' lang='lat' dir='ltr'>sunt</span> <span class='ocrx_word' id='word_1_19' title='bbox 1049 413 1223 449; x_wconf 87' lang='lat' dir='ltr'>nostra</span> <span class='ocrx_word' id='word_1_20' title='bbox 1257 402 1499 449; x_wconf 82' lang='lat' dir='ltr'>exercitia</span> <span class='ocrx_word' id='word_1_21' title='bbox 1534 417 1704 458; x_wconf 92' lang='lat' dir='ltr'>capes-</span> 
     </span>
     <span class='ocr_line' id='line_1_4' title="bbox 74 478 1704 539; baseline -0.004 -9"><span class='ocrx_word' id='word_1_22' title='bbox 74 500 202 530; x_wconf 90' lang='lat' dir='ltr'>sere.</span> <span class='ocrx_word' id='word_1_23' title='bbox 230 483 489 538; x_wconf 83' lang='lat' dir='ltr'>Dominus,</span> <span class='ocrx_word' id='word_1_24' title='bbox 523 498 733 539; x_wconf 88' lang='lat' dir='ltr'>quorum</span> <span class='ocrx_word' id='word_1_25' title='bbox 769 483 921 528; x_wconf 86' lang='lat' dir='ltr'>corda</span> <span class='ocrx_word' id='word_1_26' title='bbox 957 480 1126 537; x_wconf 89' lang='lat' dir='ltr'>mouit,</span> <span class='ocrx_word' id='word_1_27' title='bbox 1164 480 1245 525; x_wconf 90' lang='lat' dir='ltr'>det</span> <span class='ocrx_word' id='word_1_28' title='bbox 1279 480 1428 526; x_wconf 82' lang='lat' dir='ltr'>etiam</span> <span class='ocrx_word' id='word_1_29' title='bbox 1462 478 1704 536; x_wconf 88' lang='lat' dir='ltr'>perficere</span> 
     </span>
     <span class='ocr_line' id='line_1_5' title="bbox 75 558 1703 620; baseline -0.004 -13"><span class='ocrx_word' id='word_1_30' title='bbox 75 562 205 620; x_wconf 90' lang='lat' dir='ltr'>quod</span> <span class='ocrx_word' id='word_1_31' title='bbox 240 561 402 606; x_wconf 88' lang='lat' dir='ltr'>animo</span> <span class='ocrx_word' id='word_1_32' title='bbox 436 570 792 617; x_wconf 87' lang='lat' dir='ltr'>conceperunt.</span> <span class='ocrx_word' id='word_1_33' title='bbox 829 559 938 605; x_wconf 90' lang='lat' dir='ltr'>Non</span> <span class='ocrx_word' id='word_1_34' title='bbox 974 558 1238 604; x_wconf 77' lang='lat' dir='ltr'>defuerunt</span> <span class='ocrx_word' id='word_1_35' title='bbox 1271 558 1369 614; x_wconf 87' lang='lat' dir='ltr'>alii,</span> <span class='ocrx_word' id='word_1_36' title='bbox 1412 558 1491 614; x_wconf 91' lang='lat' dir='ltr'>qui</span> <span class='ocrx_word' id='word_1_37' title='bbox 1531 558 1703 602; x_wconf 88' lang='lat' dir='ltr'>eadem</span> 
     </span>
     <span class='ocr_line' id='line_1_6' title="bbox 75 635 1705 696; baseline -0.004 -11"><span class='ocrx_word' id='word_1_38' title='bbox 75 648 394 696; x_wconf 84' lang='lat' dir='ltr'>acceperunt;</span> <span class='ocrx_word' id='word_1_39' title='bbox 421 654 535 684; x_wconf 91' lang='lat' dir='ltr'>nam</span> <span class='ocrx_word' id='word_1_40' title='bbox 561 638 787 695; x_wconf 89' lang='lat' dir='ltr'>quamuis</span> <span class='ocrx_word' id='word_1_41' title='bbox 813 637 986 683; x_wconf 90' lang='lat' dir='ltr'>domus</span> <span class='ocrx_word' id='word_1_42' title='bbox 1019 645 1191 682; x_wconf 88' lang='lat' dir='ltr'>nostra</span> <span class='ocrx_word' id='word_1_43' title='bbox 1222 646 1529 692; x_wconf 85' lang='lat' dir='ltr'>perangusta</span> <span class='ocrx_word' id='word_1_44' title='bbox 1562 635 1623 680; x_wconf 91' lang='lat' dir='ltr'>sit</span> <span class='ocrx_word' id='word_1_45' title='bbox 1657 644 1705 680; x_wconf 90' lang='lat' dir='ltr'>et</span> 
     </span>
     <span class='ocr_line' id='line_1_7' title="bbox 73 713 1702 774; baseline -0.003 -11"><span class='ocrx_word' id='word_1_46' title='bbox 73 718 273 774; x_wconf 83' lang='lat' dir='ltr'>exigua,</span> <span class='ocrx_word' id='word_1_47' title='bbox 297 717 506 763; x_wconf 79' lang='lat' dir='ltr'>adfuere</span> <span class='ocrx_word' id='word_1_48' title='bbox 530 726 695 762; x_wconf 90' lang='lat' dir='ltr'>tamen</span> <span class='ocrx_word' id='word_1_49' title='bbox 720 716 986 772; x_wconf 83' lang='lat' dir='ltr'>aliquando</span> <span class='ocrx_word' id='word_1_50' title='bbox 1010 715 1153 760; x_wconf 91' lang='lat' dir='ltr'>simul</span> <span class='ocrx_word' id='word_1_51' title='bbox 1171 723 1377 770; x_wconf 80' lang='lat' dir='ltr'>septem3</span> <span class='ocrx_word' id='word_1_52' title='bbox 1405 713 1486 770; x_wconf 90' lang='lat' dir='ltr'>qui</span> <span class='ocrx_word' id='word_1_53' title='bbox 1510 713 1702 770; x_wconf 88' lang='lat' dir='ltr'>quidem</span> 
     </span>
     <span class='ocr_line' id='line_1_8' title="bbox 74 791 1704 852; baseline -0.003 -12"><span class='ocrx_word' id='word_1_54' title='bbox 74 811 246 840; x_wconf 87' lang='lat' dir='ltr'>omnes</span> <span class='ocrx_word' id='word_1_55' title='bbox 269 811 365 840; x_wconf 92' lang='lat' dir='ltr'>non</span> <span class='ocrx_word' id='word_1_56' title='bbox 391 810 569 852; x_wconf 89' lang='lat' dir='ltr'>parum</span> <span class='ocrx_word' id='word_1_57' title='bbox 595 794 818 839; x_wconf 81' lang='lat' dir='ltr'>Vtilitatis</span> <span class='ocrx_word' id='word_1_58' title='bbox 844 793 954 838; x_wconf 92' lang='lat' dir='ltr'>inde</span> <span class='ocrx_word' id='word_1_59' title='bbox 979 801 1320 849; x_wconf 89' lang='lat' dir='ltr'>reportarunt.</span> <span class='ocrx_word' id='word_1_60' title='bbox 1358 791 1546 837; x_wconf 91' lang='lat' dir='ltr'>Decem</span> <span class='ocrx_word' id='word_1_61' title='bbox 1585 806 1704 836; x_wconf 87' lang='lat' dir='ltr'>vero</span> 
     </span>
     <span class='ocr_line' id='line_1_9' title="bbox 72 867 1704 928; baseline -0.004 -9"><span class='ocrx_word' id='word_1_62' title='bbox 72 882 175 918; x_wconf 90' lang='lat' dir='ltr'>tum</span> <span class='ocrx_word' id='word_1_63' title='bbox 216 889 279 918; x_wconf 82' lang='lat' dir='ltr'>ex</span> <span class='ocrx_word' id='word_1_64' title='bbox 323 873 411 928; x_wconf 92' lang='lat' dir='ltr'>his,</span> <span class='ocrx_word' id='word_1_65' title='bbox 460 881 562 918; x_wconf 88' lang='lat' dir='ltr'>tum</span> <span class='ocrx_word' id='word_1_66' title='bbox 603 887 666 917; x_wconf 87' lang='lat' dir='ltr'>ex</span> <span class='ocrx_word' id='word_1_67' title='bbox 705 870 830 924; x_wconf 80' lang='lat' dir='ltr'>aliis,</span> <span class='ocrx_word' id='word_1_68' title='bbox 877 879 1048 915; x_wconf 90' lang='lat' dir='ltr'>nostro</span> <span class='ocrx_word' id='word_1_69' title='bbox 1087 884 1197 915; x_wconf 92' lang='lat' dir='ltr'>sese</span> <span class='ocrx_word' id='word_1_70' title='bbox 1238 868 1538 914; x_wconf 84' lang='lat' dir='ltr'>addixerunt</span> <span class='ocrx_word' id='word_1_71' title='bbox 1577 867 1704 912; x_wconf 89' lang='lat' dir='ltr'>insti-</span> 
     </span>
     <span class='ocr_line' id='line_1_10' title="bbox 73 960 198 996; baseline 0 0"><span class='ocrx_word' id='word_1_72' title='bbox 73 960 198 996; x_wconf 93' lang='lat' dir='ltr'>tuto.</span> 
     </span>
    </p>

    <p class='ocr_par' dir='ltr' id='par_1_3' title="bbox 19 1024 1706 1927">
     <span class='ocr_line' id='line_1_11' title="bbox 131 1024 1703 1076; baseline -0.004 -2"><span class='ocrx_word' id='word_1_73' title='bbox 131 1029 173 1074; x_wconf 89' lang='lat'>7.</span> <span class='ocrx_word' id='word_1_74' title='bbox 241 1029 354 1074; x_wconf 92' lang='lat' dir='ltr'>Duo</span> <span class='ocrx_word' id='word_1_75' title='bbox 389 1044 452 1073; x_wconf 80' lang='lat' dir='ltr'>ex</span> <span class='ocrx_word' id='word_1_76' title='bbox 485 1028 558 1073; x_wconf 90' lang='lat' dir='ltr'>his</span> <span class='ocrx_word' id='word_1_77' title='bbox 592 1027 638 1072; x_wconf 92' lang='lat' dir='ltr'>in</span> <span class='ocrx_word' id='word_1_78' title='bbox 677 1027 771 1072; x_wconf 85' lang='lat' dir='ltr'>hac</span> <span class='ocrx_word' id='word_1_79' title='bbox 804 1025 1064 1073; x_wconf 88' lang='lat' dir='ltr'>academia</span> <span class='ocrx_word' id='word_1_80' title='bbox 1103 1025 1395 1070; x_wconf 78' lang='lat' dir='ltr'>cathedram</span> <span class='ocrx_word' id='word_1_81' title='bbox 1436 1024 1703 1076; x_wconf 77' lang='lat' dir='ltr'>habebant,</span> 
     </span>
     <span class='ocr_line' id='line_1_12' title="bbox 70 1101 1704 1162; baseline -0.004 -10"><span class='ocrx_word' id='word_1_82' title='bbox 70 1107 200 1152; x_wconf 88' lang='lat' dir='ltr'>alter</span> <span class='ocrx_word' id='word_1_83' title='bbox 223 1122 285 1152; x_wconf 85' lang='lat' dir='ltr'>ex</span> <span class='ocrx_word' id='word_1_84' title='bbox 309 1106 479 1162; x_wconf 85' lang='lat' dir='ltr'>lingua</span> <span class='ocrx_word' id='word_1_85' title='bbox 504 1120 709 1162; x_wconf 82' lang='lat' dir='ltr'>graeca,</span> <span class='ocrx_word' id='word_1_86' title='bbox 737 1104 865 1149; x_wconf 87' lang='lat' dir='ltr'>alter</span> <span class='ocrx_word' id='word_1_87' title='bbox 898 1119 962 1148; x_wconf 85' lang='lat' dir='ltr'>ex</span> <span class='ocrx_word' id='word_1_88' title='bbox 996 1102 1318 1159; x_wconf 84' lang='lat' dir='ltr'>philosophia,</span> <span class='ocrx_word' id='word_1_89' title='bbox 1356 1101 1416 1146; x_wconf 94' lang='lat' dir='ltr'>de</span> <span class='ocrx_word' id='word_1_90' title='bbox 1451 1101 1626 1158; x_wconf 89' lang='lat' dir='ltr'>quibus</span> <span class='ocrx_word' id='word_1_91' title='bbox 1660 1102 1704 1146; x_wconf 89' lang='lat' dir='ltr'>in</span> 
     </span>
     <span class='ocr_line' id='line_1_13' title="bbox 72 1178 1704 1240; baseline -0.004 -11"><span class='ocrx_word' id='word_1_92' title='bbox 72 1184 346 1240; x_wconf 90' lang='lat' dir='ltr'>praeterita</span> <span class='ocrx_word' id='word_1_93' title='bbox 371 1182 719 1240; x_wconf 89' lang='lat' dir='ltr'>quadrimestri</span> <span class='ocrx_word' id='word_1_94' title='bbox 744 1181 1011 1238; x_wconf 87' lang='lat' dir='ltr'>aliqualem</span> <span class='ocrx_word' id='word_1_95' title='bbox 1037 1180 1335 1225; x_wconf 86' lang='lat' dir='ltr'>mentionem</span> <span class='ocrx_word' id='word_1_96' title='bbox 1366 1179 1458 1225; x_wconf 83' lang='lat' dir='ltr'>feci</span> <span class='ocrx_word' id='word_1_97' title='bbox 1497 1181 1525 1224; x_wconf 89' lang='lat'>¹.</span> <span class='ocrx_word' id='word_1_98' title='bbox 1565 1178 1704 1224; x_wconf 85' lang='lat' dir='ltr'>Tunc</span> 
     </span>
     <span class='ocr_line' id='line_1_14' title="bbox 71 1256 1705 1315; baseline -0.004 -8"><span class='ocrx_word' id='word_1_99' title='bbox 71 1262 197 1307; x_wconf 88' lang='lat' dir='ltr'>enim</span> <span class='ocrx_word' id='word_1_100' title='bbox 224 1261 439 1307; x_wconf 91' lang='lat' dir='ltr'>nondum</span> <span class='ocrx_word' id='word_1_101' title='bbox 464 1260 665 1306; x_wconf 82' lang='lat' dir='ltr'>fuerant</span> <span class='ocrx_word' id='word_1_102' title='bbox 688 1258 919 1315; x_wconf 84' lang='lat' dir='ltr'>ingressi,</span> <span class='ocrx_word' id='word_1_103' title='bbox 946 1258 1032 1304; x_wconf 91' lang='lat' dir='ltr'>sed</span> <span class='ocrx_word' id='word_1_104' title='bbox 1067 1257 1196 1314; x_wconf 89' lang='lat' dir='ltr'>quod</span> <span class='ocrx_word' id='word_1_105' title='bbox 1230 1257 1327 1302; x_wconf 88' lang='lat' dir='ltr'>iam</span> <span class='ocrx_word' id='word_1_106' title='bbox 1363 1256 1407 1301; x_wconf 90' lang='lat' dir='ltr'>in</span> <span class='ocrx_word' id='word_1_107' title='bbox 1428 1256 1592 1302; x_wconf 90' lang='lat' dir='ltr'>animo</span> <span class='ocrx_word' id='word_1_108' title='bbox 1627 1256 1705 1301; x_wconf 92' lang='lat' dir='ltr'>de-</span> 
     </span>
     <span class='ocr_line' id='line_1_15' title="bbox 71 1334 1706 1392; baseline -0.004 -7"><span class='ocrx_word' id='word_1_109' title='bbox 71 1340 316 1385; x_wconf 88' lang='lat' dir='ltr'>stinarant</span> <span class='ocrx_word' id='word_1_110' title='bbox 340 1354 393 1384; x_wconf 92' lang='lat' dir='ltr'>se</span> <span class='ocrx_word' id='word_1_111' title='bbox 417 1348 590 1384; x_wconf 89' lang='lat' dir='ltr'>nostro</span> <span class='ocrx_word' id='word_1_112' title='bbox 621 1337 844 1383; x_wconf 91' lang='lat' dir='ltr'>instituto</span> <span class='ocrx_word' id='word_1_113' title='bbox 878 1335 1096 1392; x_wconf 71' lang='lat' dir='ltr'>tradere,</span> <span class='ocrx_word' id='word_1_114' title='bbox 1135 1351 1198 1380; x_wconf 83' lang='lat' dir='ltr'>ex</span> <span class='ocrx_word' id='word_1_115' title='bbox 1232 1350 1443 1391; x_wconf 88' lang='lat' dir='ltr'>quorum</span> <span class='ocrx_word' id='word_1_116' title='bbox 1478 1334 1706 1391; x_wconf 80' lang='lat' dir='ltr'>ingressu</span> 
     </span>
     <span class='ocr_line' id='line_1_16' title="bbox 69 1410 1705 1474; baseline -0.004 -12"><span class='ocrx_word' id='word_1_117' title='bbox 69 1433 166 1462; x_wconf 92' lang='lat' dir='ltr'>non</span> <span class='ocrx_word' id='word_1_118' title='bbox 191 1432 368 1474; x_wconf 87' lang='lat' dir='ltr'>parum</span> <span class='ocrx_word' id='word_1_119' title='bbox 392 1414 604 1472; x_wconf 90' lang='lat' dir='ltr'>permoti</span> <span class='ocrx_word' id='word_1_120' title='bbox 629 1424 755 1460; x_wconf 88' lang='lat' dir='ltr'>sunt.</span> <span class='ocrx_word' id='word_1_121' title='bbox 787 1413 947 1459; x_wconf 81' lang='lat' dir='ltr'>Erant</span> <span class='ocrx_word' id='word_1_122' title='bbox 970 1413 1149 1458; x_wconf 90' lang='lat' dir='ltr'>etenim</span> <span class='ocrx_word' id='word_1_123' title='bbox 1187 1411 1523 1468; x_wconf 87' lang='lat' dir='ltr'>vnusquisque</span> <span class='ocrx_word' id='word_1_124' title='bbox 1556 1410 1603 1455; x_wconf 93' lang='lat' dir='ltr'>in</span> <span class='ocrx_word' id='word_1_125' title='bbox 1637 1410 1705 1456; x_wconf 77' lang='lat' dir='ltr'>fa-</span> 
     </span>
     <span class='ocr_line' id='line_1_17' title="bbox 71 1489 1705 1550; baseline -0.004 -11"><span class='ocrx_word' id='word_1_126' title='bbox 71 1494 257 1539; x_wconf 88' lang='lat' dir='ltr'>cultate</span> <span class='ocrx_word' id='word_1_127' title='bbox 281 1509 372 1539; x_wconf 92' lang='lat' dir='ltr'>sua</span> <span class='ocrx_word' id='word_1_128' title='bbox 397 1509 460 1538; x_wconf 88' lang='lat' dir='ltr'>ex</span> <span class='ocrx_word' id='word_1_129' title='bbox 485 1491 783 1550; x_wconf 81' lang='lat' dir='ltr'>praecipuis,</span> <span class='ocrx_word' id='word_1_130' title='bbox 811 1491 858 1536; x_wconf 89' lang='lat' dir='ltr'>in</span> <span class='ocrx_word' id='word_1_131' title='bbox 883 1506 1007 1547; x_wconf 90' lang='lat' dir='ltr'>quos</span> <span class='ocrx_word' id='word_1_132' title='bbox 1031 1490 1269 1535; x_wconf 91' lang='lat' dir='ltr'>vniuersa</span> <span class='ocrx_word' id='word_1_133' title='bbox 1299 1489 1559 1535; x_wconf 81' lang='lat' dir='ltr'>academia</span> <span class='ocrx_word' id='word_1_134' title='bbox 1593 1504 1705 1535; x_wconf 95' lang='lat' dir='ltr'>ocu-</span> 
     </span>
     <span class='ocr_line' id='line_1_18' title="bbox 73 1566 1706 1626; baseline -0.003 -10"><span class='ocrx_word' id='word_1_135' title='bbox 73 1572 145 1616; x_wconf 91' lang='lat' dir='ltr'>los</span> <span class='ocrx_word' id='word_1_136' title='bbox 168 1570 468 1616; x_wconf 90' lang='lat' dir='ltr'>coniiciebat</span> <span class='ocrx_word' id='word_1_137' title='bbox 501 1579 709 1626; x_wconf 90' lang='lat' dir='ltr'>propter</span> <span class='ocrx_word' id='word_1_138' title='bbox 743 1569 1004 1614; x_wconf 91' lang='lat' dir='ltr'>raritatem</span> <span class='ocrx_word' id='word_1_139' title='bbox 1039 1566 1223 1624; x_wconf 82' lang='lat' dir='ltr'>ingenii</span> <span class='ocrx_word' id='word_1_140' title='bbox 1257 1577 1305 1612; x_wconf 92' lang='lat' dir='ltr'>et</span> <span class='ocrx_word' id='word_1_141' title='bbox 1339 1566 1580 1612; x_wconf 89' lang='lat' dir='ltr'>doctrine.</span> <span class='ocrx_word' id='word_1_142' title='bbox 1617 1567 1706 1612; x_wconf 85' lang='lat' dir='ltr'>Be-</span> 
     </span>
     <span class='ocr_line' id='line_1_19' title="bbox 70 1644 1706 1705; baseline -0.003 -11"><span class='ocrx_word' id='word_1_143' title='bbox 70 1648 293 1694; x_wconf 88' lang='lat' dir='ltr'>nedictus</span> <span class='ocrx_word' id='word_1_144' title='bbox 317 1647 576 1705; x_wconf 87' lang='lat' dir='ltr'>Dominus,</span> <span class='ocrx_word' id='word_1_145' title='bbox 604 1647 683 1704; x_wconf 91' lang='lat' dir='ltr'>qui</span> <span class='ocrx_word' id='word_1_146' title='bbox 708 1662 794 1692; x_wconf 91' lang='lat' dir='ltr'>eos</span> <span class='ocrx_word' id='word_1_147' title='bbox 820 1645 1024 1691; x_wconf 86' lang='lat' dir='ltr'>vocauit</span> <span class='ocrx_word' id='word_1_148' title='bbox 1047 1645 1110 1690; x_wconf 90' lang='lat' dir='ltr'>ad</span> <span class='ocrx_word' id='word_1_149' title='bbox 1135 1644 1233 1690; x_wconf 85' lang='lat' dir='ltr'>alia</span> <span class='ocrx_word' id='word_1_150' title='bbox 1268 1644 1465 1701; x_wconf 90' lang='lat' dir='ltr'>potiora</span> <span class='ocrx_word' id='word_1_151' title='bbox 1498 1660 1706 1690; x_wconf 90' lang='lat' dir='ltr'>munera</span> 
     </span>
     <span class='ocr_line' id='line_1_20' title="bbox 71 1722 1705 1786; baseline -0.003 -14"><span class='ocrx_word' id='word_1_152' title='bbox 71 1726 435 1783; x_wconf 87' lang='lat' dir='ltr'>nobilioresque</span> <span class='ocrx_word' id='word_1_153' title='bbox 459 1725 745 1782; x_wconf 85' lang='lat' dir='ltr'>cathedras,</span> <span class='ocrx_word' id='word_1_154' title='bbox 772 1724 818 1769; x_wconf 90' lang='lat' dir='ltr'>in</span> <span class='ocrx_word' id='word_1_155' title='bbox 844 1723 1019 1781; x_wconf 88' lang='lat' dir='ltr'>quibus</span> <span class='ocrx_word' id='word_1_156' title='bbox 1052 1722 1375 1786; x_wconf 23' lang='lat' dir='ltr'>maiorixcum</span> <span class='ocrx_word' id='word_1_157' title='bbox 1406 1722 1571 1767; x_wconf 79' lang='lat' dir='ltr'>fructu</span> <span class='ocrx_word' id='word_1_158' title='bbox 1606 1722 1705 1767; x_wconf 89' lang='lat' dir='ltr'>ani-</span> 
     </span>
     <span class='ocr_line' id='line_1_21' title="bbox 19 1800 1703 1868; baseline -0.004 -18"><span class='ocrx_word' id='word_1_159' title='bbox 19 1866 21 1868; x_wconf 11' lang='lat'><em>*</em></span> <span class='ocrx_word' id='word_1_160' title='bbox 71 1804 234 1862; x_wconf 90' lang='lat' dir='ltr'>mique</span> <span class='ocrx_word' id='word_1_161' title='bbox 268 1803 572 1860; x_wconf 87' lang='lat' dir='ltr'>sinceritate,</span> <span class='ocrx_word' id='word_1_162' title='bbox 611 1803 674 1848; x_wconf 93' lang='lat' dir='ltr'>ab</span> <span class='ocrx_word' id='word_1_163' title='bbox 710 1801 841 1847; x_wconf 91' lang='lat' dir='ltr'>omni</span> <span class='ocrx_word' id='word_1_164' title='bbox 881 1801 1097 1846; x_wconf 88' lang='lat' dir='ltr'>humana</span> <span class='ocrx_word' id='word_1_165' title='bbox 1137 1800 1350 1846; x_wconf 87' lang='lat' dir='ltr'>Vtilitate</span> <span class='ocrx_word' id='word_1_166' title='bbox 1389 1800 1703 1856; x_wconf 87' lang='lat' dir='ltr'>sequestrati,</span> 
     </span>
     <span class='ocr_line' id='line_1_22' title="bbox 71 1878 1266 1927; baseline -0.003 0"><span class='ocrx_word' id='word_1_167' title='bbox 71 1880 306 1927; x_wconf 86' lang='lat' dir='ltr'>Creatori</span> <span class='ocrx_word' id='word_1_168' title='bbox 330 1897 420 1926; x_wconf 87' lang='lat' dir='ltr'>suo</span> <span class='ocrx_word' id='word_1_169' title='bbox 446 1879 754 1927; x_wconf 89' lang='lat' dir='ltr'>commodius</span> <span class='ocrx_word' id='word_1_170' title='bbox 779 1879 983 1924; x_wconf 85' lang='lat' dir='ltr'>valeant</span> <span class='ocrx_word' id='word_1_171' title='bbox 1007 1878 1266 1924; x_wconf 83' lang='lat' dir='ltr'>inseruire.</span> 
     </span>
    </p>

    <p class='ocr_par' dir='ltr' id='par_1_4' title="bbox 70 1955 1709 2868">
     <span class='ocr_line' id='line_1_23' title="bbox 127 1955 1705 2016; baseline -0.003 -11"><span class='ocrx_word' id='word_1_172' title='bbox 127 1958 170 2005; x_wconf 81' lang='lat'>8.</span> <span class='ocrx_word' id='word_1_173' title='bbox 237 1960 499 2016; x_wconf 85' lang='lat' dir='ltr'>Ingressus</span> <span class='ocrx_word' id='word_1_174' title='bbox 523 1967 597 2004; x_wconf 88' lang='lat' dir='ltr'>est</span> <span class='ocrx_word' id='word_1_175' title='bbox 621 1967 670 2003; x_wconf 90' lang='lat' dir='ltr'>et</span> <span class='ocrx_word' id='word_1_176' title='bbox 692 1957 818 2003; x_wconf 91' lang='lat' dir='ltr'>alius</span> <span class='ocrx_word' id='word_1_177' title='bbox 841 1957 1184 2008; x_wconf 86' lang='lat' dir='ltr'>scholasticus,</span> <span class='ocrx_word' id='word_1_178' title='bbox 1207 1956 1288 2012; x_wconf 92' lang='lat' dir='ltr'>qui</span> <span class='ocrx_word' id='word_1_179' title='bbox 1308 1956 1403 2001; x_wconf 90' lang='lat' dir='ltr'>iam</span> <span class='ocrx_word' id='word_1_180' title='bbox 1423 1955 1705 2012; x_wconf 84' lang='lat' dir='ltr'>theologica</span> 
     </span>
     <span class='ocr_line' id='line_1_24' title="bbox 71 2033 1706 2090; baseline -0.003 -7"><span class='ocrx_word' id='word_1_181' title='bbox 71 2038 233 2083; x_wconf 90' lang='lat' dir='ltr'>studia</span> <span class='ocrx_word' id='word_1_182' title='bbox 256 2045 714 2090; x_wconf 87' lang='lat' dir='ltr'>consummauerat,</span> <span class='ocrx_word' id='word_1_183' title='bbox 742 2045 790 2082; x_wconf 93' lang='lat' dir='ltr'>et</span> <span class='ocrx_word' id='word_1_184' title='bbox 824 2034 869 2080; x_wconf 91' lang='lat' dir='ltr'>in</span> <span class='ocrx_word' id='word_1_185' title='bbox 904 2034 1089 2080; x_wconf 90' lang='lat' dir='ltr'>eisdem</span> <span class='ocrx_word' id='word_1_186' title='bbox 1124 2035 1349 2080; x_wconf 88' lang='lat' dir='ltr'>lauream</span> <span class='ocrx_word' id='word_1_187' title='bbox 1384 2033 1592 2090; x_wconf 90' lang='lat' dir='ltr'>primam</span> <span class='ocrx_word' id='word_1_188' title='bbox 1628 2049 1706 2079; x_wconf 91' lang='lat' dir='ltr'>ac-</span> 
     </span>
     <span class='ocr_line' id='line_1_25' title="bbox 71 2111 1706 2172; baseline -0.003 -11"><span class='ocrx_word' id='word_1_189' title='bbox 71 2126 291 2172; x_wconf 88' lang='lat' dir='ltr'>ceperat.</span> <span class='ocrx_word' id='word_1_190' title='bbox 319 2115 601 2160; x_wconf 80' lang='lat' dir='ltr'>Accessere</span> <span class='ocrx_word' id='word_1_191' title='bbox 625 2114 698 2159; x_wconf 91' lang='lat' dir='ltr'>his</span> <span class='ocrx_word' id='word_1_192' title='bbox 717 2114 814 2159; x_wconf 92' lang='lat' dir='ltr'>duo</span> <span class='ocrx_word' id='word_1_193' title='bbox 840 2112 1084 2159; x_wconf 91' lang='lat' dir='ltr'>dialectici</span> <span class='ocrx_word' id='word_1_194' title='bbox 1109 2121 1157 2158; x_wconf 89' lang='lat' dir='ltr'>et</span> <span class='ocrx_word' id='word_1_195' title='bbox 1180 2112 1262 2157; x_wconf 90' lang='lat' dir='ltr'>alii</span> <span class='ocrx_word' id='word_1_196' title='bbox 1287 2112 1508 2164; x_wconf 89' lang='lat' dir='ltr'>iuristae,</span> <span class='ocrx_word' id='word_1_197' title='bbox 1536 2111 1581 2156; x_wconf 90' lang='lat' dir='ltr'>in</span> <span class='ocrx_word' id='word_1_198' title='bbox 1607 2112 1706 2168; x_wconf 91' lang='lat' dir='ltr'>qui-</span> 
     </span>
     <span class='ocr_line' id='line_1_26' title="bbox 70 2187 1704 2249; baseline -0.002 -11"><span class='ocrx_word' id='word_1_199' title='bbox 70 2194 161 2239; x_wconf 92' lang='lat' dir='ltr'>bus</span> <span class='ocrx_word' id='word_1_200' title='bbox 184 2202 294 2238; x_wconf 91' lang='lat' dir='ltr'>erat</span> <span class='ocrx_word' id='word_1_201' title='bbox 319 2192 517 2249; x_wconf 90' lang='lat' dir='ltr'>quidam</span> <span class='ocrx_word' id='word_1_202' title='bbox 543 2192 802 2237; x_wconf 89' lang='lat' dir='ltr'>laureatus</span> <span class='ocrx_word' id='word_1_203' title='bbox 835 2190 881 2235; x_wconf 89' lang='lat' dir='ltr'>in</span> <span class='ocrx_word' id='word_1_204' title='bbox 917 2190 1022 2235; x_wconf 87' lang='lat' dir='ltr'>iure</span> <span class='ocrx_word' id='word_1_205' title='bbox 1057 2189 1316 2235; x_wconf 89' lang='lat' dir='ltr'>canonico.</span> <span class='ocrx_word' id='word_1_206' title='bbox 1351 2187 1626 2246; x_wconf 83' lang='lat' dir='ltr'>Speramus</span> <span class='ocrx_word' id='word_1_207' title='bbox 1661 2190 1704 2235; x_wconf 91' lang='lat' dir='ltr'>in</span> 
     </span>
     <span class='ocr_line' id='line_1_27' title="bbox 72 2267 1708 2325; baseline -0.002 -10"><span class='ocrx_word' id='word_1_208' title='bbox 72 2270 287 2316; x_wconf 89' lang='lat' dir='ltr'>Domino</span> <span class='ocrx_word' id='word_1_209' title='bbox 311 2285 407 2315; x_wconf 93' lang='lat' dir='ltr'>non</span> <span class='ocrx_word' id='word_1_210' title='bbox 430 2269 691 2314; x_wconf 82' lang='lat' dir='ltr'>defuturos</span> <span class='ocrx_word' id='word_1_211' title='bbox 715 2268 854 2324; x_wconf 88' lang='lat' dir='ltr'>alios,</span> <span class='ocrx_word' id='word_1_212' title='bbox 877 2267 974 2325; x_wconf 83' lang='lat' dir='ltr'>qui,</span> <span class='ocrx_word' id='word_1_213' title='bbox 1002 2277 1269 2323; x_wconf 88' lang='lat' dir='ltr'>antequam</span> <span class='ocrx_word' id='word_1_214' title='bbox 1288 2282 1530 2324; x_wconf 85' lang='lat' dir='ltr'>praesens</span> <span class='ocrx_word' id='word_1_215' title='bbox 1549 2283 1708 2312; x_wconf 89' lang='lat' dir='ltr'>annus</span> 
     </span>
     <span class='ocr_line' id='line_1_28' title="bbox 70 2345 1709 2405; baseline -0.002 -11"><span class='ocrx_word' id='word_1_216' title='bbox 70 2358 405 2405; x_wconf 90' lang='lat' dir='ltr'>pertranseat,</span> <span class='ocrx_word' id='word_1_217' title='bbox 434 2347 479 2392; x_wconf 93' lang='lat' dir='ltr'>in</span> <span class='ocrx_word' id='word_1_218' title='bbox 504 2347 599 2393; x_wconf 92' lang='lat' dir='ltr'>hoc</span> <span class='ocrx_word' id='word_1_219' title='bbox 623 2347 835 2404; x_wconf 85' lang='lat' dir='ltr'>collegio</span> <span class='ocrx_word' id='word_1_220' title='bbox 861 2346 1183 2403; x_wconf 86' lang='lat' dir='ltr'>recipiantur;</span> <span class='ocrx_word' id='word_1_221' title='bbox 1211 2345 1278 2390; x_wconf 92' lang='lat' dir='ltr'>ita</span> <span class='ocrx_word' id='word_1_222' title='bbox 1299 2345 1425 2390; x_wconf 90' lang='lat' dir='ltr'>enim</span> <span class='ocrx_word' id='word_1_223' title='bbox 1449 2360 1512 2390; x_wconf 89' lang='lat' dir='ltr'>ex</span> <span class='ocrx_word' id='word_1_224' title='bbox 1536 2345 1709 2391; x_wconf 90' lang='lat' dir='ltr'>multo-</span> 
     </span>
     <span class='ocr_line' id='line_1_29' title="bbox 72 2422 1706 2480; baseline -0.002 -10"><span class='ocrx_word' id='word_1_225' title='bbox 72 2442 179 2472; x_wconf 87' lang='lat' dir='ltr'>rum</span> <span class='ocrx_word' id='word_1_226' title='bbox 204 2426 420 2472; x_wconf 87' lang='lat' dir='ltr'>motione</span> <span class='ocrx_word' id='word_1_227' title='bbox 444 2425 763 2471; x_wconf 89' lang='lat' dir='ltr'>coniecimus.</span> <span class='ocrx_word' id='word_1_228' title='bbox 792 2424 851 2469; x_wconf 89' lang='lat' dir='ltr'>T.</span> <span class='ocrx_word' id='word_1_229' title='bbox 879 2424 932 2469; x_wconf 78' lang='lat' dir='ltr'>P.</span> <span class='ocrx_word' id='word_1_230' title='bbox 961 2439 1181 2480; x_wconf 87' lang='lat' dir='ltr'>oramus,</span> <span class='ocrx_word' id='word_1_231' title='bbox 1210 2432 1262 2468; x_wconf 88' lang='lat' dir='ltr'>vt</span> <span class='ocrx_word' id='word_1_232' title='bbox 1286 2423 1330 2467; x_wconf 89' lang='lat' dir='ltr'>in</span> <span class='ocrx_word' id='word_1_233' title='bbox 1350 2422 1536 2468; x_wconf 89' lang='lat' dir='ltr'>sanctis</span> <span class='ocrx_word' id='word_1_234' title='bbox 1555 2423 1706 2468; x_wconf 88' lang='lat' dir='ltr'>sacri-</span> 
     </span>
     <span class='ocr_line' id='line_1_30' title="bbox 72 2499 1706 2550; baseline -0.003 0"><span class='ocrx_word' id='word_1_235' title='bbox 72 2503 193 2550; x_wconf 91' lang='lat' dir='ltr'>ficiis</span> <span class='ocrx_word' id='word_1_236' title='bbox 218 2513 267 2550; x_wconf 92' lang='lat' dir='ltr'>et</span> <span class='ocrx_word' id='word_1_237' title='bbox 290 2503 601 2549; x_wconf 87' lang='lat' dir='ltr'>orationibus</span> <span class='ocrx_word' id='word_1_238' title='bbox 624 2510 912 2547; x_wconf 90' lang='lat' dir='ltr'>nostrorum</span> <span class='ocrx_word' id='word_1_239' title='bbox 938 2501 1145 2546; x_wconf 85' lang='lat' dir='ltr'>Patrum</span> <span class='ocrx_word' id='word_1_240' title='bbox 1170 2509 1218 2545; x_wconf 92' lang='lat' dir='ltr'>et</span> <span class='ocrx_word' id='word_1_241' title='bbox 1242 2499 1457 2545; x_wconf 80' lang='lat' dir='ltr'>fratrum</span> <span class='ocrx_word' id='word_1_242' title='bbox 1492 2499 1706 2545; x_wconf 92' lang='lat' dir='ltr'>Domino</span> 
     </span>
     <span class='ocr_line' id='line_1_31' title="bbox 71 2576 1706 2637; baseline -0.004 -10"><span class='ocrx_word' id='word_1_243' title='bbox 71 2581 500 2637; x_wconf 88' lang='lat' dir='ltr'>commendentur,</span> <span class='ocrx_word' id='word_1_244' title='bbox 529 2588 581 2625; x_wconf 91' lang='lat' dir='ltr'>vt</span> <span class='ocrx_word' id='word_1_245' title='bbox 605 2587 845 2636; x_wconf 90' lang='lat' dir='ltr'>quotquot</span> <span class='ocrx_word' id='word_1_246' title='bbox 875 2579 921 2624; x_wconf 92' lang='lat' dir='ltr'>in</span> <span class='ocrx_word' id='word_1_247' title='bbox 957 2578 1103 2623; x_wconf 90' lang='lat' dir='ltr'>domo</span> <span class='ocrx_word' id='word_1_248' title='bbox 1128 2576 1326 2623; x_wconf 90' lang='lat' dir='ltr'>Domini</span> <span class='ocrx_word' id='word_1_249' title='bbox 1350 2576 1553 2622; x_wconf 90' lang='lat' dir='ltr'>admissi</span> <span class='ocrx_word' id='word_1_250' title='bbox 1577 2587 1706 2635; x_wconf 89' lang='lat' dir='ltr'>sunt,</span> 
     </span>
     <span class='ocr_line' id='line_1_32' title="bbox 70 2653 1707 2716; baseline -0.002 -12"><span class='ocrx_word' id='word_1_251' title='bbox 70 2658 182 2704; x_wconf 92' lang='lat' dir='ltr'>boni</span> <span class='ocrx_word' id='word_1_252' title='bbox 203 2668 252 2704; x_wconf 94' lang='lat' dir='ltr'>et</span> <span class='ocrx_word' id='word_1_253' title='bbox 277 2656 484 2716; x_wconf 93' lang='lat' dir='ltr'>proficui</span> <span class='ocrx_word' id='word_1_254' title='bbox 509 2656 728 2714; x_wconf 91' lang='lat' dir='ltr'>operarii</span> <span class='ocrx_word' id='word_1_255' title='bbox 752 2655 799 2701; x_wconf 91' lang='lat' dir='ltr'>in</span> <span class='ocrx_word' id='word_1_256' title='bbox 823 2655 928 2702; x_wconf 88' lang='lat' dir='ltr'>eius</span> <span class='ocrx_word' id='word_1_257' title='bbox 947 2655 1093 2701; x_wconf 89' lang='lat' dir='ltr'>vinea</span> <span class='ocrx_word' id='word_1_258' title='bbox 1113 2653 1411 2700; x_wconf 82' lang='lat' dir='ltr'>efficiantur.</span> <span class='ocrx_word' id='word_1_259' title='bbox 1437 2654 1574 2700; x_wconf 91' lang='lat' dir='ltr'>Bene</span> <span class='ocrx_word' id='word_1_260' title='bbox 1594 2655 1707 2701; x_wconf 90' lang='lat' dir='ltr'>vale</span> 
     </span>
     <span class='ocr_line' id='line_1_33' title="bbox 71 2731 1706 2792; baseline -0.002 -11"><span class='ocrx_word' id='word_1_261' title='bbox 71 2736 118 2781; x_wconf 92' lang='lat' dir='ltr'>in</span> <span class='ocrx_word' id='word_1_262' title='bbox 143 2735 343 2781; x_wconf 88' lang='lat' dir='ltr'>Christo</span> <span class='ocrx_word' id='word_1_263' title='bbox 367 2734 495 2792; x_wconf 76' lang='lat' dir='ltr'>IeSU,</span> <span class='ocrx_word' id='word_1_264' title='bbox 523 2734 602 2791; x_wconf 91' lang='lat' dir='ltr'>qui</span> <span class='ocrx_word' id='word_1_265' title='bbox 626 2733 816 2779; x_wconf 86' lang='lat' dir='ltr'>vtinam</span> <span class='ocrx_word' id='word_1_266' title='bbox 841 2748 932 2779; x_wconf 93' lang='lat' dir='ltr'>nos</span> <span class='ocrx_word' id='word_1_267' title='bbox 955 2747 1153 2789; x_wconf 90' lang='lat' dir='ltr'>semper</span> <span class='ocrx_word' id='word_1_268' title='bbox 1178 2731 1394 2789; x_wconf 87' lang='lat' dir='ltr'>benigno</span> <span class='ocrx_word' id='word_1_269' title='bbox 1413 2731 1591 2778; x_wconf 81' lang='lat' dir='ltr'>fauore</span> <span class='ocrx_word' id='word_1_270' title='bbox 1616 2748 1706 2778; x_wconf 91' lang='lat' dir='ltr'>suo</span> 
     </span>
     <span class='ocr_line' id='line_1_34' title="bbox 71 2808 1703 2868; baseline -0.002 -9"><span class='ocrx_word' id='word_1_271' title='bbox 71 2813 133 2859; x_wconf 90' lang='lat' dir='ltr'>ad</span> <span class='ocrx_word' id='word_1_272' title='bbox 171 2812 379 2859; x_wconf 90' lang='lat' dir='ltr'>meliora</span> <span class='ocrx_word' id='word_1_273' title='bbox 420 2811 576 2858; x_wconf 81' lang='lat' dir='ltr'>faciat</span> <span class='ocrx_word' id='word_1_274' title='bbox 614 2811 859 2868; x_wconf 89' lang='lat' dir='ltr'>aspirare,</span> <span class='ocrx_word' id='word_1_275' title='bbox 901 2819 949 2856; x_wconf 91' lang='lat' dir='ltr'>et</span> <span class='ocrx_word' id='word_1_276' title='bbox 992 2809 1128 2854; x_wconf 89' lang='lat' dir='ltr'>vires</span> <span class='ocrx_word' id='word_1_277' title='bbox 1171 2808 1402 2855; x_wconf 81' lang='lat' dir='ltr'>conferat</span> <span class='ocrx_word' id='word_1_278' title='bbox 1439 2810 1703 2867; x_wconf 84' lang='lat' dir='ltr'>salutares,</span> 
     </span>
    </p>
   </div>
   <div class='ocr_carea' id='block_1_3' title="bbox 71 2994 1703 3102">
    <p class='ocr_par' dir='ltr' id='par_1_5' title="bbox 71 2994 1703 3102">
     <span class='ocr_line' id='line_1_35' title="bbox 119 2994 1703 3044; baseline -0.001 -9"><span class='ocrx_word' id='word_1_279' title='bbox 119 3000 128 3018; x_wconf 87' lang='lat'>¹</span> <span class='ocrx_word' id='word_1_280' title='bbox 181 2998 289 3035; x_wconf 88' lang='lat' dir='ltr'>Vide</span> <span class='ocrx_word' id='word_1_281' title='bbox 308 2998 508 3044; x_wconf 82' lang='lat' dir='ltr'>superius,</span> <span class='ocrx_word' id='word_1_282' title='bbox 530 3010 623 3044; x_wconf 86' lang='lat' dir='ltr'>pag.</span> <span class='ocrx_word' id='word_1_283' title='bbox 645 2997 725 3041; x_wconf 78' lang='grc'>487,</span> <span class='ocrx_word' id='word_1_284' title='bbox 755 3003 891 3034; x_wconf 85' lang='lat' dir='ltr'>annot.</span> <span class='ocrx_word' id='word_1_285' title='bbox 924 2996 954 3037; x_wconf 82' lang='lat'>1;</span> <span class='ocrx_word' id='word_1_286' title='bbox 984 3000 1024 3030; x_wconf 85' lang='lat' dir='ltr'>et</span> <span class='ocrx_word' id='word_1_287' title='bbox 1054 2997 1094 3033; x_wconf 76' lang='lat' dir='ltr'>S.</span> <span class='ocrx_word' id='word_1_288' title='bbox 1129 2994 1393 3032; x_wconf 71' lang='lat' dir='ltr'>Franciscus</span> <span class='ocrx_word' id='word_1_289' title='bbox 1420 2996 1598 3043; x_wconf 76' lang='lat' dir='ltr'>Borgia,</span> <span class='ocrx_word' id='word_1_290' title='bbox 1630 2998 1703 3034; x_wconf 84' lang='lat' dir='ltr'>loc.</span> 
     </span>
     <span class='ocr_line' id='line_1_36' title="bbox 71 3057 1400 3102; baseline -0.001 -8"><span class='ocrx_word' id='word_1_291' title='bbox 71 3057 151 3102; x_wconf 76' lang='lat' dir='ltr'>cit..</span> <span class='ocrx_word' id='word_1_292' title='bbox 171 3058 257 3095; x_wconf 79' lang='lat'><strong>340.</strong></span> <span class='ocrx_word' id='word_1_293' title='bbox 1394 3072 1400 3075; x_wconf 90' lang='lat'><em>·</em></span> 
     </span>
    </p>
   </div>
  </div>
 </body>
</html>
