1909 3328
259 240 329 276 964
726 239 945 275 LITTERAE
971 238 1325 284 QUADRIMESTRES

216 335 345 391 runt)
371 334 609 379 maiorem
635 334 679 379 in
703 334 806 380 dies
829 333 1088 391 probitatis
1111 349 1249 391 spem
1275 334 1416 379 nobis
1447 333 1693 389 adferunt;
1717 333 1843 390 quod

217 411 408 467 quidem
432 411 840 467 praeceptoribus
864 420 912 456 et
930 411 1070 457 nobis
1089 411 1315 457 omnibus
1334 427 1429 456 non
1449 411 1683 468 exiguum
1703 426 1841 467 prae-

216 490 295 534 bet
330 488 572 545 solatium,
610 503 721 533 curn
762 488 1046 544 vigiliarum
1081 490 1408 545 laborumque
1441 497 1727 534 nostrorum
1761 487 1845 532 ali-

215 581 356 621 quem
383 565 521 621 quasi
540 564 754 610 fructum
775 565 871 611 iam
891 565 1149 623 percipere
1169 565 1444 611 videamur.
1469 565 1658 610 Eorum
1677 574 1843 609 autem

214 641 513 698 probitatem
536 650 584 687 et
607 642 822 688 maiores
847 642 893 687 in
928 642 1048 700 dies,
1086 643 1300 688 maxime
1334 642 1380 687 in
1416 642 1696 697 virtutibus,
1734 657 1843 698 pro-

215 735 419 775 gressus
443 736 505 765 ex
529 720 716 776 apertis
740 720 893 777 signis
918 729 965 765 et
990 720 1176 766 indiciis
1200 719 1425 777 coniicio;
1453 729 1565 765 sunt
1590 719 1716 765 enim
1734 734 1840 776 per-

215 797 350 842 multi
376 813 584 854 quorum
609 797 784 843 melior
818 813 934 854 pars
965 798 1027 843 ad
1061 807 1282 844 nostram
1317 796 1620 843 Societatem
1655 796 1845 853 aspirat

215 876 296 931 (ex
320 875 376 920 iis
400 891 523 921 vero
548 876 774 932 proximo
797 875 925 921 festo
955 885 1267 932 pentecostes
1301 885 1403 921 tres
1427 875 1473 920 in
1497 884 1719 920 nostram
1755 873 1842 919 So-

216 952 445 998 cietatem
467 962 581 998 sunt
605 953 825 1010 ascripti,
853 953 932 1009 qui
964 968 1074 998 cum
1106 952 1328 1010 ingeniis,
1362 963 1464 997 tum
1495 967 1617 997 vero
1652 966 1845 996 morum

215 1039 262 1076 et
286 1030 421 1076 vitae
443 1030 731 1087 integritate
750 1030 877 1076 inter
895 1039 1123 1075 caeteros
1142 1030 1407 1087 excellunt,
1428 1029 1603 1085 reliqui
1623 1043 1683 1074 eo
1708 1027 1848 1072 diffe-

216 1117 406 1162 runtur,
429 1117 482 1152 vt
499 1123 610 1153 cum
631 1117 825 1165 tempus
844 1107 1070 1164 ratioque
1091 1107 1432 1165 postulauerit‚
1454 1105 1759 1152 Societatem
1783 1105 1847 1150 in-

215 1184 544 1242 grediantur);
566 1185 646 1230 alii
666 1200 789 1230 vero
808 1185 1018 1230 aliarum
1038 1184 1332 1241 religionum
1351 1183 1556 1229 studiosi
1576 1182 1647 1240 (vt
1667 1182 1747 1240 qui
1765 1197 1846 1227 no-

216 1270 351 1307 strae
375 1260 611 1307 Societati
635 1277 728 1307 non
755 1270 866 1307 sunt
889 1261 1007 1318 apti,
1036 1262 1114 1306 vel
1143 1261 1318 1317 quibus
1348 1261 1475 1306 alius
1508 1260 1641 1305 vitae
1666 1259 1847 1316 degen-

217 1338 310 1384 dae
335 1339 509 1384 modus
533 1339 704 1384 melius
728 1338 928 1396 placet),
950 1338 1007 1383 iis
1026 1354 1136 1383 sese
1156 1338 1406 1394 addicunt,
1431 1347 1482 1382 vt
1501 1337 1610 1382 Deo
1631 1336 1847 1392 omnipo-

216 1416 333 1461 tenti
368 1416 522 1462 libere
558 1416 741 1470 possint
775 1415 982 1461 seruire.
1020 1415 1142 1461 Illud
1167 1424 1433 1472 praeterea
1468 1413 1677 1470 accedit,
1720 1413 1849 1470 quod

217 1509 311 1538 non
336 1494 445 1538 leue
469 1493 607 1538 exist.
638 1508 711 1538 no:
740 1502 1093 1550 praeceptores
1117 1508 1330 1549 namque
1354 1508 1466 1537 cum
1492 1491 1754 1547 discipulos
1789 1490 1848 1535 de

217 1570 509 1628 juramentis
544 1571 928 1625 admonuissent,
966 1586 1061 1627 quo
1096 1569 1292 1615 facilius
1327 1585 1356 1614 a
1388 1568 1708 1614 iureiurando
1742 1583 1848 1624 pos-

218 1656 326 1693 sent
349 1647 614 1705 abstinere,
642 1647 857 1693 nonnulli
881 1656 1260 1703 praeceptorum
1287 1645 1565 1692 effecerunt
1590 1654 1643 1691 vt
1676 1644 1749 1690 sui
1783 1644 1850 1689 di-

218 1725 390 1782 scipuli
415 1726 462 1771 in
492 1726 589 1771 diui
622 1726 870 1771 Dominici
903 1725 1219 1771 fraternitate
1253 1725 1312 1770 de
1349 1723 1640 1781 juramentis
1673 1738 1848 1768 nomen

219 1818 359 1848 suum
383 1803 753 1860 profiterentur3
780 1819 876 1860 qua
902 1812 1105 1848 cautum
1129 1812 1219 1859 est,
1246 1817 1341 1847 non
1366 1802 1524 1847 solum
1555 1816 1616 1846 ne
1640 1800 1746 1858 quis
1780 1799 1850 1844 iu-

220 1890 312 1938 ret,
339 1881 425 1927 sed
458 1881 679 1927 iurantes
714 1881 863 1927 etiam
897 1881 1118 1926 modeste
1152 1889 1199 1926 et
1234 1879 1393 1925 amice
1427 1878 1680 1935 corripiat.
1723 1876 1848 1923 Cum

220 1974 344 2004 vero
368 1974 431 2004 ex
454 1959 636 2004 nostris
659 1959 857 2016 quidam
881 1958 1207 2004 scholasticus
1232 1958 1476 2003 iurantem
1511 1957 1672 2002 virum
1697 1956 1743 2001 in
1767 1955 1850 2000 via

221 2035 352 2081 forte
376 2036 683 2091 offendisset,
710 2037 1049 2092 beneuoloque
1077 2035 1243 2081 animo
1269 2034 1623 2091 admonuisset,
1655 2032 1848 2090 iniquis-

221 2113 345 2159 simo
370 2114 532 2159 animo
556 2114 634 2159 ille
658 2114 782 2171 tulit,
810 2113 936 2159 adeo
960 2122 1014 2158 vt
1037 2113 1111 2158 ira
1135 2112 1353 2169 percitus
1377 2113 1573 2168 alapam
1591 2125 1747 2167 puero
1765 2110 1848 2155 irn-

222 2191 431 2247 pegerit,
470 2191 801 2248 continuoque
835 2190 1040 2248 sanguis
1075 2205 1101 2235 e
1134 2190 1336 2235 naribus
1371 2199 1669 2245 erumperet.
1705 2187 1850 2243 Quod

222 2283 382 2324 aequo
406 2268 569 2313 animo
594 2267 832 2313 candidus
866 2283 988 2324 puer
1017 2266 1199 2324 ferens,
1236 2274 1440 2324 propter
1473 2265 1651 2321 Deum,
1679 2264 1846 2320 inquit,

224 2344 316 2390 ista
340 2345 549 2391 libenter
572 2345 750 2403 feram,
777 2361 806 2390 a
831 2354 879 2390 te
901 2353 1068 2390 tamen
1093 2353 1223 2401 peto,
1251 2352 1304 2389 vt
1328 2343 1442 2388 mihi
1477 2342 1686 2387 inflictus
1719 2342 1848 2386 cola-

223 2422 344 2478 phus
368 2423 429 2468 sit
451 2422 534 2468 tibi
560 2421 916 2469 emendationis
940 2434 1109 2471 causa:
1137 2421 1311 2477 quibus
1331 2420 1501 2465 verbis
1529 2420 1609 2465 ille
1632 2434 1849 2464 commo-

223 2507 301 2544 tus
325 2515 535 2556 grauem
560 2500 683 2545 iram
709 2509 757 2545 et
780 2499 1000 2545 furorem
1027 2514 1122 2555 quo
1147 2499 1294 2543 modo
1317 2498 1484 2542 fuerat
1502 2505 1781 2558 correptus,
1802 2495 1849 2540 in

224 2577 615 2622 misericordiam
641 2586 689 2622 et
712 2576 1070 2633 benignitatem
1101 2575 1363 2633 conuertit,
1400 2585 1447 2620 et
1481 2573 1697 2619 anteacti
1729 2573 1849 2618 facti

224 2653 524 2710 poenitentia
547 2653 739 2709 ductus,
767 2653 957 2699 blandis
983 2652 1148 2698 verbis
1181 2661 1230 2698 et
1263 2651 1554 2709 quibusdam
1588 2649 1727 2707 quasi
1752 2649 1846 2694 ille-

224 2730 386 2775 cebris
408 2745 562 2787 puero
587 2730 716 2787 cepi:
740 2729 965 2783 blandiri;
993 2737 1040 2774 et
1064 2728 1203 2785 quasi
1222 2728 1406 2773 illatam
1437 2726 1666 2784 injuriam
1702 2725 1849 2771 vellet

226 2807 412 2863 leuare,
439 2807 732 2864 deprompto
767 2806 1017 2852 sudariolo
1057 2807 1308 2862 lacrymas
1346 2804 1473 2850 illius
1506 2803 1844 2860 abstergebat,

226 2882 443 2929 offerens
468 2893 733 2941 praeterea
757 2883 1054 2939 sestertium;
1076 2897 1186 2928 cum
1211 2892 1376 2928 tamen
1399 2882 1534 2927 illum
1558 2897 1681 2939 puer
1697 2881 1849 2926 nollet

227 2961 470 3018 accipere,
503 2962 630 3007 alter
662 2976 785 3008 vero
821 2970 997 3007 contra
1029 2960 1551 3017 precibus-insisteret,
1588 2967 1846 3014 acceptum
1907 2999 1909 3006 ,

225 3037 423 3083 tandem
447 3037 492 3083 in
519 3054 690 3084 arcam
715 3038 810 3084 diui
837 3037 1080 3083 Dominici
1105 3037 1167 3082 ad
1197 3037 1244 3082 id
1268 3036 1584 3082 constitutam
1621 3033 1842 3081 coniecit.
1903 3061 1909 3069 2
