1900 3380
476 228 798 265 197ffC0Loxm
829 228 876 264 ‘28
903 228 1166 266 SEPTEMBRIs
1198 229 1289 265 1558
1579 227 1649 263 2513

52 305 175 369 rium
211 329 283 380 (ut
319 324 470 379 vulgo
496 324 589 369 dici
620 325 765 381 solet)
792 324 1011 369 omnium
1036 340 1283 369 consensu
1308 323 1498 368 electus
1522 332 1614 368 est.
1641 322 1694 367 In

47 402 141 446 hac
167 401 419 446 functione
446 418 541 446 non
562 402 748 458 exigua
773 402 1109 458 amplissimae
1135 402 1308 447 messis
1334 417 1446 457 spes
1474 401 1695 458 reposita

48 489 137 524 est.
160 478 528 535 ¹l³³raeceptores
544 495 715 524 omnes
735 495 795 524 ac
816 480 1004 525 fratres
1025 489 1161 524 recte
1179 479 1349 524 valent
1365 489 1413 524 et
1429 494 1520 524 suo
1538 480 1695 536 probe

46 555 321 612 funguntur
345 555 505 601 offitio
530 556 645 601 dum
670 567 718 602 et
743 558 785 601 in
814 557 997 613 pietate
1023 566 1071 602 et
1105 557 1151 601 in
1177 557 1331 602 literis
1367 572 1694 613 progressum

47 649 143 678 non
169 632 517 688 pOenitenclum
544 633 731 678 faciunt
758 642 791 678 ²¹.
821 634 885 678 M.
914 634 1135 693 Joannes
1154 634 1382 686 Berckel,
1407 634 1590 690 elapsis
1609 633 1694 679 ali-

48 720 166 766 quot
191 710 380 766 diebus,
403 726 577 766 nempe
598 710 654 755 22
672 709 981 767 Septembris
1001 711 1045 755 in
1068 727 1105 755 s.
1129 711 1383 767 theologia
1405 726 1494 767 pro
1515 711 1694 756 bacca-

49 788 278 833 laureatu
303 803 415 832 cum
442 788 629 833 honore
655 788 925 844 respondit.
954 787 1078 833 Sunt
1103 798 1151 833 et
1176 788 1258 833 alii
1283 789 1363 844 qui
1401 788 1463 833 ad
1491 804 1694 845 respon-

35 866 214 920 siones
238 866 282 910 in
309 866 483 910 eadem
509 866 750 911 facultate
774 882 827 911 se
862 866 1127 921 diligenter
1153 876 1350 922 parant.
1387 866 1439 910 In
1476 866 1695 911 lectioni-

50 945 139 989 bus
165 944 335 988 eodem
363 954 588 999 perstant
611 944 832 1000 feruore,
861 944 958 989 imo
982 960 1034 989 se
1062 944 1262 989 vincere
1297 944 1512 989 student.
1543 944 1691 989 Prae<

50 1031 308 1078 ceptorum
338 1022 575 1066 sedulitas
600 1022 863 1078 diligentes
887 1021 1036 1066 etiam
1065 1021 1226 1066 reddit
1245 1022 1513 1077 discipulos
1538 1022 1556 1048 b
1580 1059 1586 1067 .
1611 1022 1693 1067 Di-

50 1109 131 1144 ctu
156 1098 351 1153 mirum,
380 1099 466 1144 sed
492 1116 586 1144 non
608 1100 767 1144 relatu
788 1100 1092 1144 mirandum
1116 1106 1145 1153 ⁰,
1170 1109 1356 1155 quanta
1376 1099 1694 1145 animositate

49 1186 98 1221 et
141 1176 405 1221 alacritate
437 1177 692 1221 orationes
727 1177 1009 1221 declamant
1046 1175 1307 1221 Ciceronis
1342 1175 1558 1221 flosculis
1595 1192 1692 1221 non

49 1254 340 1300 inconcinne
367 1254 528 1298 illitas.
558 1254 669 1310 Ego
690 1254 734 1298 in
761 1253 917 1299 sacris
936 1254 1260 1298 concionibus
1286 1269 1579 1311 perseuero;
1608 1254 1693 1299 sed

49 1332 95 1377 in
116 1331 418 1388 amplissima
433 1347 591 1376 messe
612 1331 898 1388 operarium
913 1331 1182 1387 indignum,
1209 1331 1389 1376 vestris
1409 1331 1694 1387 flagrantis-

53 1409 187 1454 simis
214 1409 443 1465 precibus
468 1409 722 1466 adiuuate,
745 1425 840 1465 quo
865 1418 915 1454 et·
943 1424 996 1454 se
1021 1418 1069 1453 et
1105 1407 1305 1454 Christo
1330 1409 1510 1454 multos
1545 1409 1689 1454 lucri-

50 1486 220 1542 faciat;
249 1488 329 1543 qui
353 1487 414 1532 R.
454 1487 508 1532 P.
545 1487 605 1532 T.
643 1502 755 1532 cum
791 1486 1018 1532 omnibus
1053 1485 1296 1532 fratribus
1331 1486 1411 1531 diu
1448 1487 1591 1532 nobis
1631 1486 1693 1532 ad

52 1565 265 1622 gloriam
292 1564 502 1609 nominis
535 1564 609 1609 sui
643 1573 813 1609 seruet
843 1563 1139 1609 incolumen.
1177 1563 1357 1609 Amen.
1396 1562 1695 1609 Scribebam

52 1641 294 1687 Coloniae
314 1640 371 1687 28
390 1639 718 1698 Septembris,
741 1656 871 1686 anno
888 1640 962 1687 58.
986 1639 1322 1686 Consalutant
1337 1640 1398 1686 R.
1422 1641 1477 1686 P.
1500 1641 1559 1686 T.
1582 1657 1697 1687 cum

53 1720 279 1765 omnibus
303 1719 562 1774 fratribus,
585 1719 738 1765 Pater
762 1719 1060 1765 Leonardus
1079 1734 1192 1765 cum
1217 1718 1420 1776 reliquis
1445 1719 1687 1765 omnibus.

141 1815 406 1861 HENRicus
451 1815 734 1861 DioNYslus
777 1816 790 1839 ¹
842 1830 1023 1860 servus
1072 1814 1272 1869 inutilis,
1321 1830 1386 1860 ex
1438 1815 1697 1860 voluntate

54 1892 109 1939 P.
136 1892 406 1938 Leonardi.

142 1988 435 2044 Inscriptio.
473 1987 581 2033 R.‘¹⁰
609 1988 656 2032 in
682 1986 884 2033 Christo
911 1986 1067 2043 Patri,
1101 1986 1155 2031 Ρ.
1197 1986 1391 2046 jacobo
1422 1987 1695 2044 Laynezio,

53 2065 279 2123 generali
302 2064 574 2112 Societatis
591 2064 687 2111 Ihs.
710 2066 1015 2122 praeposito.

146 2143 265 2189 Alia
288 2157 508 2189 manu...
534 2143 764 2189 Receuta
783 2158 813 2188 a
836 2142 865 2188 5
887 2143 934 2188 di
953 2141 1144 2189 Genn.⁰
1172 2142 1300 2189 1559.
1324 2142 1530 2188 Emend.

100 2317 119 2338 a
163 2311 199 2348 A
218 2321 257 2347 v.
280 2309 579 2356 Praeceptores
598 2309 762 2346 desunt
778 2310 825 2346 in
843 2308 898 2346 H.
950 2309 1018 2336 —b
1062 2309 1188 2356 Quae
1211 2311 1461 2355 sequuntur
1476 2317 1616 2354 usque
1633 2306 1696 2343 ad

56 2382 95 2408 v.
119 2369 319 2408 Coloniae
340 2370 504 2407 desunt
522 2370 568 2406 in
586 2368 641 2406 H.
696 2376 758 2396 -0
803 2369 1078 2406 iniocundum.

35 2555 44 2558 -
104 2530 114 2548 ¹
167 2527 522 2574 Noviomagenffls,
543 2526 592 2563 de
611 2539 691 2573 quo
708 2539 833 2574 saepe
852 2527 893 2563 in
912 2527 1061 2564 litteris
1085 2525 1385 2563 coloniensibus
1412 2524 1564 2562 mentio
1590 2523 1699 2561 faeta

36 2629 39 2632 .
57 2592 132 2625 est.
155 2587 220 2626 Cf.
241 2601 305 2635 pp.
327 2586 362 2634 2,
383 2587 418 2632 3,
438 2586 498 2630 45,
517 2585 577 2631 61,
599 2592 676 2623 etc.
