1909 3328
245 287 314 324 630
712 286 872 321 LITTER
879 299 901 320 A
909 296 933 320 E
961 284 996 329 Q
1003 294 1054 320 UA
1060 295 1267 319 DRIMESTR
1274 294 1318 319 Es

197 381 597 438 frequentatione
623 381 700 425 del
724 379 833 426 S.¹¹¹⁰
856 390 1174 425 sacramento
1199 380 1275 424 del
1300 380 1475 435 altare,
1503 389 1551 424 et
1585 390 1840 425 essortas*

197 476 312 504 sero
348 459 359 503 i
395 458 500 503 suoi
535 458 751 502 audienti
792 474 821 503 a
861 458 1039 514 quella3
1083 467 1131 502 et
1164 457 1304 501 accio
1345 457 1525 513 meglio
1560 455 1598 501 si
1634 457 1826 503 facesse

199 545 388 593 questo,
431 535 469 580 si
509 538 534 579 e
576 535 702 580 fatto
738 535 828 580 che
868 535 1067 579 l'vltime
1108 534 1341 590 prediche
1381 534 1509 579 della
1544 534 1828 590 quaresima

199 613 395 658 fussero
430 611 570 668 quasi
606 621 732 658 tutte
766 628 916 668 sopra
951 620 1126 667 questa
1161 611 1390 668 materia,
1428 612 1568 656 accio
1608 621 1827 656 restasse

198 691 279 747 piu
305 691 547 747 impressa
571 690 684 734 nelli
708 690 847 734 cuori
872 689 983 734 delli
1009 688 1241 743 huomini;
1264 688 1295 732 il
1315 689 1404 733 che
1429 689 1592 733 hanno
1615 688 1740 733 fatto
1761 689 1827 733 al-

198 768 309 813 cuni
335 776 476 812 certo
500 766 812 812 caldamente
833 776 880 812 et
899 781 991 810 con
1016 766 1208 822 grande
1232 765 1421 821 spirito.
1449 763 1712 821 Speriamo
1737 766 1839 811 che·

199 846 236 890 si
262 846 387 890 hara
412 845 538 890 fatto
564 844 771 900 qualche
796 844 968 898 frutto‚
997 843 1179 899 perche
1203 847 1229 888 e
1264 843 1413 888 molto
1446 842 1651 887 efficace
1682 858 1829 899 argu-

200 934 364 969 mento
389 921 410 942 a
434 938 520 978 per
545 922 850 977 persuadere
874 922 1053 965 alcuna
1073 936 1192 965 cosa
1217 920 1248 964 il
1274 920 1457 965 vedere
1476 919 1565 964 che
1590 920 1727 964 molti
1747 920 1839 964 ho«

199 1001 315 1046 mini
340 1000 461 1046 dotti
488 1015 584 1044 vno
610 1014 697 1043 ore
722 1000 768 1044 la
793 999 1008 1043 laudano
1032 1007 1080 1042 et
1105 1006 1366 1042 essortano
1391 1012 1420 1041 a
1445 997 1623 1052 quella3
1646 997 1675 1041 il
1701 997 1828 1042 simi-

196 1080 240 1123 le
265 1078 304 1122 si
330 1081 355 1123 e
379 1077 505 1122 fatto
532 1092 623 1121 con
648 1075 679 1121 li
702 1075 1004 1132 predicatori
1029 1074 1225 1129 secreti,
1253 1074 1329 1119 cio
1352 1078 1378 1119 e
1402 1089 1493 1118 con
1519 1073 1548 1118 li
1581 1074 1830 1119 confesso-

199 1156 255 1209 ri,
284 1155 515 1201 massime
550 1171 643 1200 con
679 1154 824 1210 quelli
860 1154 949 1199 che
984 1152 1350 1198 confessauano
1386 1168 1515 1209 gran
1549 1161 1691 1208 parte
1716 1152 1828 1197 delli

198 1234 435 1280 cittadini.

256 1311 298 1357 8.
367 1311 461 1356 Del
496 1321 631 1356 resto
666 1310 793 1355 delle
828 1310 954 1354 altre
989 1318 1159 1353 nostre
1194 1307 1480 1365 quotidiane
1515 1308 1829 1364 occupationi

200 1405 292 1433 non
331 1388 518 1433 accade
554 1388 629 1432 dir
660 1389 809 1433 molte
844 1403 976 1442 cose,
1011 1402 1163 1431 senon
1200 1386 1290 1431 che
1322 1397 1410 1442 per
1444 1385 1612 1441 gratia
1646 1385 1830 1430 d’Iddio

199 1466 383 1522 ogn'un
410 1466 447 1510 si
473 1465 643 1510 sforza
667 1465 746 1510 far
771 1464 1106 1509 debitamente
1131 1464 1160 1508 il
1185 1479 1275 1508 suo
1300 1462 1479 1508 officio:
1517 1463 1547 1507 li
1580 1463 1725 1507 Padri
1753 1463 1831 1508 nel

199 1543 458 1589 confessar
483 1559 577 1588 non
612 1544 717 1588 solo
743 1543 789 1587 in
813 1558 933 1588 casa
968 1552 1015 1586 et
1051 1541 1234 1596 chiesa,
1261 1557 1341 1586 ma
1366 1542 1523 1586 anche
1548 1541 1674 1586 nelle
1699 1540 1829 1598 prig-

198 1621 349 1678 gioni,
378 1622 505 1666 doue
541 1621 579 1665 si
614 1620 665 1665 fa
700 1635 828 1676 gran
860 1619 1032 1673 frutto,
1061 1628 1108 1663 et
1132 1619 1245 1664 nelli
1270 1618 1540 1675 hospedali‚
1569 1626 1617 1663 et
1647 1618 1692 1662 in
1717 1618 1829 1663 altri

200 1699 368 1756 luoghi
394 1699 522 1744 doue
547 1714 670 1743 sono
695 1697 946 1753 chiamati,
972 1696 1204 1741 massime
1230 1696 1500 1752 d'amalati,
1529 1711 1616 1752 per
1646 1695 1836 1740 aiutar-

200 1777 228 1821 li
254 1793 284 1821 a
308 1778 400 1822 ben
425 1776 626 1821 morire.
658 1775 868 1832 [Casum
895 1788 1057 1819 mmm
1082 1773 1405 1830 omittimus]
1431 1773 1573 1817 Delle
1599 1772 1829 1828 prediche

199 1863 247 1899 et
283 1853 471 1899 lettioni
507 1853 670 1898 niente
705 1853 743 1897 si
779 1856 804 1897 ὲ
839 1861 1047 1907 mutato,
1075 1867 1156 1896 ma
1188 1851 1217 1895 li
1253 1850 1533 1895 medessimi
1567 1850 1829 1906 seguitano

201 1948 295 1978 con
319 1947 449 1989 gran
476 1930 678 1987 profitto
703 1930 975 1986 spirituale.

256 2010 299 2055 9.
367 2009 425 2054 Li
465 2008 639 2053 mastri
683 2008 723 2052 si
767 2006 1076 2052 affatichano
1116 2006 1249 2051 assai
1289 2005 1334 2050 in
1376 2006 1613 2062 insegnar
1654 2005 1683 2049 li
1722 2003 1828 2049 suoi
1886 2002 1894 2015 '

199 2087 431 2143 scholari,
459 2087 490 2131 il
514 2086 591 2131 cui
624 2100 832 2130 numero
867 2084 964 2129 mai
999 2099 1184 2138 scema,
1213 2099 1294 2128 ma
1318 2083 1633 2140 quantunche
1658 2082 1695 2126 si
1721 2097 1830 2138 par-

199 2176 317 2212 tano
341 2164 476 2210 molti
501 2179 530 2208 a
554 2163 634 2208 far
668 2164 711 2207 le
745 2177 832 2207 sue
867 2161 1155 2218 mercantie‚
1185 2176 1275 2217 pur
1300 2159 1439 2216 quasi
1463 2174 1660 2215 sempre
1695 2168 1830 2204 resta

200 2244 230 2287 il
256 2242 523 2288 medesimo
554 2240 587 2296 ¹³3
616 2240 779 2285 alcuni
804 2239 849 2284 di
870 2239 978 2284 loro
1001 2238 1085 2294 gia
1110 2238 1262 2283 molto
1288 2247 1454 2294 tempo
1479 2237 1529 2281 fa
1549 2236 1830 2282 desideran-

200 2337 262 2366 no
297 2321 484 2365 intrare
518 2318 648 2364 nella
684 2316 999 2373 Compagnia
1038 2326 1226 2373 nostra;
1265 2315 1343 2360 noi
1380 2317 1500 2370 pero
1535 2314 1564 2359 li
1599 2313 1837 2358 andiamo-

198 2397 546 2443 intratenendo
571 2411 659 2451 per
680 2410 820 2439 esser
843 2393 989 2450 picoli
1015 2410 1043 2438 o
1068 2409 1188 2438 uero
1214 2408 1302 2449 per
1328 2401 1546 2448 respetto
1582 2391 1692 2436 delli
1719 2391 1828 2435 loro

199 2475 358 2531 padri,
386 2474 660 2519 solamente
685 2471 974 2528 quest‘anno
998 2470 1266 2516 habbiamo
1301 2469 1537 2514 mandato
1573 2470 1698 2514 costi
1733 2483 1828 2512 vno

200 2552 429 2597 scholare
454 2559 626 2595 nostro
652 2549 780 2594 della
804 2548 980 2604 prima,
1010 2557 1057 2592 et
1082 2548 1192 2592 delli
1224 2547 1304 2603 piu
1328 2546 1582 2592 introdotti
1609 2546 1653 2590 in
1680 2545 1829 2590 latino

201 2638 249 2674 et
272 2630 315 2674 in
343 2643 548 2685 graeco.
578 2626 744 2672 Credo
769 2626 859 2671 che
884 2624 1016 2669 molti
1040 2624 1153 2669 delli
1179 2624 1285 2669 suoi
1311 2623 1642 2679 condiscepoli
1667 2623 1706 2667 si
1731 2637 1828 2666 mo-

202 2721 390 2751 uerano
416 2721 445 2750 a
474 2705 554 2750 far
588 2705 618 2749 il
652 2704 825 2759 simile,
852 2701 1261 2759 principalmente
1297 2717 1349 2746 se
1385 2701 1448 2745 lui
1482 2714 1772 2756 perseuera;
1799 2698 1830 2743 il

201 2784 292 2828 che
330 2783 463 2828 Iddio
488 2799 517 2827 a
553 2782 617 2828 lui
652 2792 700 2827 et
734 2797 763 2826 a
796 2780 894 2836 noi,
931 2795 1020 2836 per
1054 2794 1144 2823 sua
1178 2778 1365 2824 infinita
1398 2780 1550 2823 bonta
1584 2777 1627 2822 ci
1662 2775 1838 2832 voglia.

203 2860 496 2913 concedere,
534 2859 674 2904 accio
707 2858 986 2904 meritiamo
1010 2856 1235 2901 riceuere
1270 2856 1318 2900 la
1349 2842 1537 2900 corona
1561 2855 1650 2899 che
1674 2857 1700 2899 e
1724 2867 1835 2910 pre*

202 2944 383 2991 parata
414 2951 443 2980 a
473 2936 620 2991 quelli
656 2935 746 2980 che
780 2935 937 2980 insino
972 2933 1072 2978 alla
1106 2931 1200 2977 fine
1235 2946 1649 2989 perseuererano.
1683 2929 1831 2974 Vale,

250 3102 269 3121 a
319 3102 456 3139 Prius
474 3115 580 3138 cosa.
635 3102 700 3129 „b
738 3102 829 3148 Seq.
851 3113 890 3137 v.
912 3111 1081 3136 numero
1100 3099 1234 3136 oblitt.
