<?xml version="1.0" encoding="UTF-8"?>
<!DOCTYPE html PUBLIC "-//W3C//DTD XHTML 1.0 Transitional//EN"
    "http://www.w3.org/TR/xhtml1/DTD/xhtml1-transitional.dtd">
<html xmlns="http://www.w3.org/1999/xhtml" xml:lang="en" lang="en">
 <head>
  <title>
</title>
<meta http-equiv="Content-Type" content="text/html;charset=utf-8" />
  <meta name='ocr-system' content='tesseract 3.04.00' />
  <meta name='ocr-capabilities' content='ocr_page ocr_carea ocr_par ocr_line ocrx_word'/>
</head>
<body>
  <div class='ocr_page' id='page_1' title='image "./litteraequadrime1705lain_0673.png"; bbox 0 0 1900 3380; ppageno 0'>
   <div class='ocr_carea' id='block_1_1' title="bbox 0 0 28 1248">
    <p class='ocr_par' dir='ltr' id='par_1_1' title="bbox 0 0 28 1248">
     <span class='ocr_line' id='line_1_1' title="bbox 0 0 28 1248; baseline 0 0"><span class='ocrx_word' id='word_1_1' title='bbox 0 0 28 1248; x_wconf 95' lang='lat' dir='ltr'> </span> 
     </span>
    </p>
   </div>
   <div class='ocr_carea' id='block_1_2' title="bbox 548 233 1641 279">
    <p class='ocr_par' dir='ltr' id='par_1_2' title="bbox 548 233 1641 279">
     <span class='ocr_line' id='line_1_2' title="bbox 548 233 1641 279; baseline 0.001 -10"><span class='ocrx_word' id='word_1_2' title='bbox 548 233 656 269; x_wconf 47' lang='lat'>161÷</span> <span class='ocrx_word' id='word_1_3' title='bbox 679 233 930 269; x_wconf 63' lang='lat' dir='ltr'>VINDOBONA</span> <span class='ocrx_word' id='word_1_4' title='bbox 964 234 978 269; x_wconf 84' lang='lat'>1</span> <span class='ocrx_word' id='word_1_5' title='bbox 1009 233 1118 279; x_wconf 73' lang='lat' dir='ltr'>MAJI</span> <span class='ocrx_word' id='word_1_6' title='bbox 1152 234 1240 268; x_wconf 53' lang='lat'>1:358</span> <span class='ocrx_word' id='word_1_7' title='bbox 1580 236 1641 270; x_wconf 68' lang='lat'>041</span> 
     </span>
    </p>
   </div>
   <div class='ocr_carea' id='block_1_3' title="bbox 0 329 1697 1703">
    <p class='ocr_par' dir='ltr' id='par_1_3' title="bbox 0 329 1697 1703">
     <span class='ocr_line' id='line_1_3' title="bbox 0 329 1695 385; baseline 0 -10"><span class='ocrx_word' id='word_1_8' title='bbox 0 332 3 347; x_wconf 86' lang='lat'><em>¹</em></span> <span class='ocrx_word' id='word_1_9' title='bbox 57 345 215 385; x_wconf 98' lang='lat' dir='ltr'>nuper</span> <span class='ocrx_word' id='word_1_10' title='bbox 238 329 534 374; x_wconf 75' lang='lat' dir='ltr'>Rdissimus</span> <span class='ocrx_word' id='word_1_11' title='bbox 563 329 826 385; x_wconf 86' lang='lat' dir='ltr'>episcopus</span> <span class='ocrx_word' id='word_1_12' title='bbox 857 329 1202 385; x_wconf 85' lang='lat' dir='ltr'>neopolitanus</span> <span class='ocrx_word' id='word_1_13' title='bbox 1238 331 1248 353; x_wconf 84' lang='lat'>¹</span> <span class='ocrx_word' id='word_1_14' title='bbox 1287 329 1695 375; x_wconf 75' lang='lat' dir='ltr'>concionatorem</span> 
     </span>
     <span class='ocr_line' id='line_1_4' title="bbox 56 405 1696 463; baseline 0 -11"><span class='ocrx_word' id='word_1_15' title='bbox 56 407 268 463; x_wconf 76' lang='lat' dir='ltr'>aliquem</span> <span class='ocrx_word' id='word_1_16' title='bbox 295 422 356 451; x_wconf 81' lang='lat' dir='ltr'>ex</span> <span class='ocrx_word' id='word_1_17' title='bbox 387 406 600 463; x_wconf 91' lang='lat' dir='ltr'>collegio</span> <span class='ocrx_word' id='word_1_18' title='bbox 635 417 826 463; x_wconf 87' lang='lat' dir='ltr'>nostro,</span> <span class='ocrx_word' id='word_1_19' title='bbox 865 407 994 462; x_wconf 84' lang='lat' dir='ltr'>quod</span> <span class='ocrx_word' id='word_1_20' title='bbox 1029 405 1133 450; x_wconf 87' lang='lat' dir='ltr'>sine</span> <span class='ocrx_word' id='word_1_21' title='bbox 1168 406 1461 452; x_wconf 90' lang='lat' dir='ltr'>detrimento</span> <span class='ocrx_word' id='word_1_22' title='bbox 1498 407 1696 463; x_wconf 89' lang='lat' dir='ltr'>collegii</span> 
     </span>
     <span class='ocr_line' id='line_1_5' title="bbox 57 483 1697 541; baseline 0 -12"><span class='ocrx_word' id='word_1_23' title='bbox 57 493 282 541; x_wconf 77' lang='lat' dir='ltr'>prestare</span> <span class='ocrx_word' id='word_1_24' title='bbox 320 483 607 540; x_wconf 80' lang='lat' dir='ltr'>neutiquam</span> <span class='ocrx_word' id='word_1_25' title='bbox 655 484 918 540; x_wconf 85' lang='lat' dir='ltr'>potuimus,</span> <span class='ocrx_word' id='word_1_26' title='bbox 965 498 1025 528; x_wconf 88' lang='lat' dir='ltr'>ac</span> <span class='ocrx_word' id='word_1_27' title='bbox 1071 483 1276 539; x_wconf 77' lang='lat' dir='ltr'>proinde</span> <span class='ocrx_word' id='word_1_28' title='bbox 1322 483 1697 529; x_wconf 76' lang='lat' dir='ltr'>honestissimae</span> 
     </span>
     <span class='ocr_line' id='line_1_6' title="bbox 0 560 1696 618; baseline 0 -12"><span class='ocrx_word' id='word_1_29' title='bbox 0 595 1 598; x_wconf 65' lang='lat'>,</span> <span class='ocrx_word' id='word_1_30' title='bbox 61 561 186 606; x_wconf 88' lang='lat' dir='ltr'>illius</span> <span class='ocrx_word' id='word_1_31' title='bbox 211 560 433 617; x_wconf 88' lang='lat' dir='ltr'>petitioni</span> <span class='ocrx_word' id='word_1_32' title='bbox 459 576 663 617; x_wconf 91' lang='lat' dir='ltr'>operam</span> <span class='ocrx_word' id='word_1_33' title='bbox 687 576 879 618; x_wconf 89' lang='lat' dir='ltr'>negare</span> <span class='ocrx_word' id='word_1_34' title='bbox 903 560 1083 605; x_wconf 79' lang='lat' dir='ltr'>fuimus</span> <span class='ocrx_word' id='word_1_35' title='bbox 1108 561 1290 615; x_wconf 87' lang='lat' dir='ltr'>coacti,</span> <span class='ocrx_word' id='word_1_36' title='bbox 1318 562 1444 606; x_wconf 85' lang='lat' dir='ltr'>adeo</span> <span class='ocrx_word' id='word_1_37' title='bbox 1464 576 1589 617; x_wconf 88' lang='lat' dir='ltr'>opus</span> <span class='ocrx_word' id='word_1_38' title='bbox 1614 561 1696 606; x_wconf 90' lang='lat' dir='ltr'>ha-</span> 
     </span>
     <span class='ocr_line' id='line_1_7' title="bbox 0 637 1697 703; baseline -0.001 -19"><span class='ocrx_word' id='word_1_39' title='bbox 0 674 4 703; x_wconf 50' lang='lat'>,</span> <span class='ocrx_word' id='word_1_40' title='bbox 59 640 227 684; x_wconf 88' lang='lat' dir='ltr'>bemus</span> <span class='ocrx_word' id='word_1_41' title='bbox 251 637 472 694; x_wconf 86' lang='lat' dir='ltr'>plurimis</span> <span class='ocrx_word' id='word_1_42' title='bbox 496 637 936 683; x_wconf 78' lang='lat' dir='ltr'>concionatoribus</span> <span class='ocrx_word' id='word_1_43' title='bbox 955 637 1275 694; x_wconf 55' lang='lat' dir='ltr'>germanicis</span> <span class='ocrx_word' id='word_1_44' title='bbox 1297 638 1562 693; x_wconf 88' lang='lat' dir='ltr'>presertim</span> <span class='ocrx_word' id='word_1_45' title='bbox 1584 654 1697 683; x_wconf 93' lang='lat' dir='ltr'>cum</span> 
     </span>
     <span class='ocr_line' id='line_1_8' title="bbox 55 714 1697 772; baseline 0 -12"><span class='ocrx_word' id='word_1_46' title='bbox 55 724 127 760; x_wconf 88' lang='lat' dir='ltr'>tot</span> <span class='ocrx_word' id='word_1_47' title='bbox 145 716 424 760; x_wconf 85' lang='lat' dir='ltr'>subintrent</span> <span class='ocrx_word' id='word_1_48' title='bbox 443 715 541 771; x_wconf 86' lang='lat' dir='ltr'>lupi</span> <span class='ocrx_word' id='word_1_49' title='bbox 558 730 787 771; x_wconf 77' lang='lat' dir='ltr'>rapaces,</span> <span class='ocrx_word' id='word_1_50' title='bbox 808 715 887 772; x_wconf 87' lang='lat' dir='ltr'>qui</span> <span class='ocrx_word' id='word_1_51' title='bbox 905 714 1203 759; x_wconf 88' lang='lat' dir='ltr'>dominicum</span> <span class='ocrx_word' id='word_1_52' title='bbox 1223 730 1433 771; x_wconf 82' lang='lat' dir='ltr'>gregem</span> <span class='ocrx_word' id='word_1_53' title='bbox 1454 716 1697 761; x_wconf 87' lang='lat' dir='ltr'>seducunt</span> 
     </span>
     <span class='ocr_line' id='line_1_9' title="bbox 0 792 1697 849; baseline 0 -11"><span class='ocrx_word' id='word_1_54' title='bbox 0 812 2 844; x_wconf 65' lang='lat' dir='ltr'>l</span> <span class='ocrx_word' id='word_1_55' title='bbox 55 809 114 838; x_wconf 87' lang='lat' dir='ltr'>ac</span> <span class='ocrx_word' id='word_1_56' title='bbox 137 793 392 849; x_wconf 86' lang='lat' dir='ltr'>dissipant.</span> <span class='ocrx_word' id='word_1_57' title='bbox 429 792 528 837; x_wconf 84' lang='lat' dir='ltr'>Illis</span> <span class='ocrx_word' id='word_1_58' title='bbox 563 792 621 849; x_wconf 85' lang='lat' dir='ltr'>(si</span> <span class='ocrx_word' id='word_1_59' title='bbox 657 794 780 837; x_wconf 92' lang='lat' dir='ltr'>bene</span> <span class='ocrx_word' id='word_1_60' title='bbox 816 802 1135 849; x_wconf 87' lang='lat' dir='ltr'>prospectum</span> <span class='ocrx_word' id='word_1_61' title='bbox 1175 793 1402 837; x_wconf 66' lang='lat' dir='ltr'>volumus</span> <span class='ocrx_word' id='word_1_62' title='bbox 1438 794 1697 839; x_wconf 84' lang='lat' dir='ltr'>Ecclesiae</span> 
     </span>
     <span class='ocr_line' id='line_1_10' title="bbox 55 870 1696 927; baseline 0.001 -12"><span class='ocrx_word' id='word_1_63' title='bbox 55 870 147 915; x_wconf 92' lang='lat' dir='ltr'>Dei</span> <span class='ocrx_word' id='word_1_64' title='bbox 172 871 470 925; x_wconf 85' lang='lat' dir='ltr'>catholicae)</span> <span class='ocrx_word' id='word_1_65' title='bbox 496 870 540 915; x_wconf 89' lang='lat' dir='ltr'>in</span> <span class='ocrx_word' id='word_1_66' title='bbox 566 880 790 927; x_wconf 89' lang='lat' dir='ltr'>tempore</span> <span class='ocrx_word' id='word_1_67' title='bbox 820 880 895 915; x_wconf 84' lang='lat' dir='ltr'>est</span> <span class='ocrx_word' id='word_1_68' title='bbox 928 870 1247 927; x_wconf 82' lang='lat' dir='ltr'>obuiandum;</span> <span class='ocrx_word' id='word_1_69' title='bbox 1286 870 1493 915; x_wconf 89' lang='lat' dir='ltr'>obuiare</span> <span class='ocrx_word' id='word_1_70' title='bbox 1528 881 1696 916; x_wconf 88' lang='lat' dir='ltr'>autem</span> 
     </span>
     <span class='ocr_line' id='line_1_11' title="bbox 55 948 1697 1004; baseline 0.001 -11"><span class='ocrx_word' id='word_1_71' title='bbox 55 948 314 994; x_wconf 90' lang='lat' dir='ltr'>commode</span> <span class='ocrx_word' id='word_1_72' title='bbox 338 963 398 992; x_wconf 92' lang='lat' dir='ltr'>ac</span> <span class='ocrx_word' id='word_1_73' title='bbox 422 948 668 993; x_wconf 73' lang='lat' dir='ltr'>foeliciter</span> <span class='ocrx_word' id='word_1_74' title='bbox 693 963 788 992; x_wconf 90' lang='lat' dir='ltr'>non</span> <span class='ocrx_word' id='word_1_75' title='bbox 814 948 1104 1004; x_wconf 80' lang='lat' dir='ltr'>poterimus,</span> <span class='ocrx_word' id='word_1_76' title='bbox 1132 948 1223 992; x_wconf 88' lang='lat' dir='ltr'>nisi</span> <span class='ocrx_word' id='word_1_77' title='bbox 1243 949 1507 1004; x_wconf 89' lang='lat' dir='ltr'>operarios</span> <span class='ocrx_word' id='word_1_78' title='bbox 1527 950 1697 1004; x_wconf 90' lang='lat' dir='ltr'>plures</span> 
     </span>
     <span class='ocr_line' id='line_1_12' title="bbox 55 1025 1696 1082; baseline 0.001 -12"><span class='ocrx_word' id='word_1_79' title='bbox 55 1026 341 1070; x_wconf 85' lang='lat' dir='ltr'>habeamus.</span> <span class='ocrx_word' id='word_1_80' title='bbox 371 1025 544 1082; x_wconf 82' lang='lat' dir='ltr'>Quare</span> <span class='ocrx_word' id='word_1_81' title='bbox 569 1026 829 1070; x_wconf 91' lang='lat' dir='ltr'>nonnullos</span> <span class='ocrx_word' id='word_1_82' title='bbox 855 1025 992 1070; x_wconf 87' lang='lat' dir='ltr'>Chri.</span> <span class='ocrx_word' id='word_1_83' title='bbox 1030 1041 1276 1082; x_wconf 85' lang='lat' dir='ltr'>precones</span> <span class='ocrx_word' id='word_1_84' title='bbox 1312 1042 1374 1071; x_wconf 86' lang='lat' dir='ltr'>ex</span> <span class='ocrx_word' id='word_1_85' title='bbox 1414 1026 1560 1071; x_wconf 83' lang='lat' dir='ltr'>Vrbe</span> <span class='ocrx_word' id='word_1_86' title='bbox 1600 1028 1696 1072; x_wconf 90' lang='lat' dir='ltr'>huc</span> 
     </span>
     <span class='ocr_line' id='line_1_13' title="bbox 55 1103 1694 1159; baseline 0.001 -12"><span class='ocrx_word' id='word_1_87' title='bbox 55 1103 251 1148; x_wconf 90' lang='lat' dir='ltr'>mittere</span> <span class='ocrx_word' id='word_1_88' title='bbox 277 1103 509 1159; x_wconf 82' lang='lat' dir='ltr'>dignetur</span> <span class='ocrx_word' id='word_1_89' title='bbox 534 1103 811 1159; x_wconf 88' lang='lat' dir='ltr'>paternitas</span> <span class='ocrx_word' id='word_1_90' title='bbox 834 1113 936 1159; x_wconf 88' lang='lat' dir='ltr'>tua,</span> <span class='ocrx_word' id='word_1_91' title='bbox 965 1113 1017 1148; x_wconf 90' lang='lat' dir='ltr'>vt</span> <span class='ocrx_word' id='word_1_92' title='bbox 1040 1119 1135 1148; x_wconf 90' lang='lat' dir='ltr'>non</span> <span class='ocrx_word' id='word_1_93' title='bbox 1163 1105 1309 1148; x_wconf 86' lang='lat' dir='ltr'>modo</span> <span class='ocrx_word' id='word_1_94' title='bbox 1336 1103 1585 1159; x_wconf 78' lang='lat' dir='ltr'>Viennae,</span> <span class='ocrx_word' id='word_1_95' title='bbox 1614 1120 1694 1149; x_wconf 85' lang='lat' dir='ltr'>ve-</span> 
     </span>
     <span class='ocr_line' id='line_1_14' title="bbox 55 1180 1693 1238; baseline 0.001 -13"><span class='ocrx_word' id='word_1_96' title='bbox 55 1196 160 1225; x_wconf 90' lang='lat' dir='ltr'>rum</span> <span class='ocrx_word' id='word_1_97' title='bbox 187 1181 336 1226; x_wconf 90' lang='lat' dir='ltr'>etiam</span> <span class='ocrx_word' id='word_1_98' title='bbox 362 1181 407 1225; x_wconf 91' lang='lat' dir='ltr'>in</span> <span class='ocrx_word' id='word_1_99' title='bbox 431 1181 902 1226; x_wconf 85' lang='lat' dir='ltr'>circumiacentibus</span> <span class='ocrx_word' id='word_1_100' title='bbox 926 1181 1115 1237; x_wconf 84' lang='lat' dir='ltr'>oppidis</span> <span class='ocrx_word' id='word_1_101' title='bbox 1141 1191 1188 1226; x_wconf 89' lang='lat' dir='ltr'>et</span> <span class='ocrx_word' id='word_1_102' title='bbox 1214 1180 1375 1238; x_wconf 85' lang='lat' dir='ltr'>pagis,</span> <span class='ocrx_word' id='word_1_103' title='bbox 1413 1181 1514 1226; x_wconf 90' lang='lat' dir='ltr'>suis</span> <span class='ocrx_word' id='word_1_104' title='bbox 1549 1181 1693 1227; x_wconf 89' lang='lat' dir='ltr'>desti-</span> 
     </span>
     <span class='ocr_line' id='line_1_15' title="bbox 0 1258 1697 1316; baseline 0.001 -14"><span class='ocrx_word' id='word_1_105' title='bbox 0 1274 1 1289; x_wconf 57' lang='lat'><em>*</em></span> <span class='ocrx_word' id='word_1_106' title='bbox 54 1258 171 1303; x_wconf 88' lang='lat' dir='ltr'>tutis</span> <span class='ocrx_word' id='word_1_107' title='bbox 195 1258 497 1314; x_wconf 82' lang='lat' dir='ltr'>pastoribus,</span> <span class='ocrx_word' id='word_1_108' title='bbox 526 1258 663 1303; x_wconf 88' lang='lat' dir='ltr'>Chri.</span> <span class='ocrx_word' id='word_1_109' title='bbox 692 1274 902 1316; x_wconf 89' lang='lat' dir='ltr'>regnum</span> <span class='ocrx_word' id='word_1_110' title='bbox 928 1274 1217 1315; x_wconf 86' lang='lat' dir='ltr'>propagare</span> <span class='ocrx_word' id='word_1_111' title='bbox 1242 1274 1303 1304; x_wconf 89' lang='lat' dir='ltr'>ac</span> <span class='ocrx_word' id='word_1_112' title='bbox 1327 1258 1470 1315; x_wconf 90' lang='lat' dir='ltr'>lupos</span> <span class='ocrx_word' id='word_1_113' title='bbox 1494 1275 1523 1304; x_wconf 90' lang='lat' dir='ltr'>a</span> <span class='ocrx_word' id='word_1_114' title='bbox 1549 1259 1697 1304; x_wconf 88' lang='lat' dir='ltr'>vinea</span> 
     </span>
     <span class='ocr_line' id='line_1_16' title="bbox 52 1335 1694 1393; baseline 0.001 -12"><span class='ocrx_word' id='word_1_115' title='bbox 52 1335 145 1381; x_wconf 91' lang='lat' dir='ltr'>Dei</span> <span class='ocrx_word' id='word_1_116' title='bbox 170 1336 381 1382; x_wconf 82' lang='lat' dir='ltr'>sabaoth</span> <span class='ocrx_word' id='word_1_117' title='bbox 407 1337 702 1393; x_wconf 85' lang='lat' dir='ltr'>propulsare</span> <span class='ocrx_word' id='word_1_118' title='bbox 726 1337 1004 1382; x_wconf 73' lang='lat' dir='ltr'>valeamus.</span> <span class='ocrx_word' id='word_1_119' title='bbox 1027 1335 1173 1392; x_wconf 85' lang='lat' dir='ltr'>Quod</span> <span class='ocrx_word' id='word_1_120' title='bbox 1193 1336 1231 1381; x_wconf 91' lang='lat' dir='ltr'>si</span> <span class='ocrx_word' id='word_1_121' title='bbox 1251 1335 1431 1381; x_wconf 77' lang='lat' dir='ltr'>fecerit</span> <span class='ocrx_word' id='word_1_122' title='bbox 1449 1336 1513 1381; x_wconf 87' lang='lat' dir='ltr'>R.</span> <span class='ocrx_word' id='word_1_123' title='bbox 1536 1336 1590 1382; x_wconf 88' lang='grc' dir='ltr'>Ρ.</span> <span class='ocrx_word' id='word_1_124' title='bbox 1613 1337 1694 1393; x_wconf 82' lang='lat' dir='ltr'>T.‚</span> 
     </span>
     <span class='ocr_line' id='line_1_17' title="bbox 55 1413 1694 1471; baseline 0.001 -13"><span class='ocrx_word' id='word_1_125' title='bbox 55 1413 330 1471; x_wconf 90' lang='lat' dir='ltr'>vberiores,</span> <span class='ocrx_word' id='word_1_126' title='bbox 369 1413 478 1459; x_wconf 87' lang='lat' dir='ltr'>Deo</span> <span class='ocrx_word' id='word_1_127' title='bbox 513 1414 656 1470; x_wconf 90' lang='lat' dir='ltr'>duce,</span> <span class='ocrx_word' id='word_1_128' title='bbox 698 1414 974 1470; x_wconf 88' lang='lat' dir='ltr'>manipulos</span> <span class='ocrx_word' id='word_1_129' title='bbox 1009 1414 1055 1458; x_wconf 90' lang='lat' dir='ltr'>in</span> <span class='ocrx_word' id='word_1_130' title='bbox 1091 1413 1228 1458; x_wconf 77' lang='lat' dir='ltr'>Chri.</span> <span class='ocrx_word' id='word_1_131' title='bbox 1268 1414 1547 1470; x_wconf 89' lang='lat' dir='ltr'>speciosum</span> <span class='ocrx_word' id='word_1_132' title='bbox 1582 1415 1694 1460; x_wconf 89' lang='lat' dir='ltr'>hor-</span> 
     </span>
     <span class='ocr_line' id='line_1_18' title="bbox 54 1490 1630 1549; baseline 0.001 -13"><span class='ocrx_word' id='word_1_133' title='bbox 54 1507 191 1536; x_wconf 86' lang='lat' dir='ltr'>reum</span> <span class='ocrx_word' id='word_1_134' title='bbox 212 1491 595 1548; x_wconf 87' lang='lat' dir='ltr'>reportabimus.</span> <span class='ocrx_word' id='word_1_135' title='bbox 625 1490 864 1549; x_wconf 62' lang='lat' dir='ltr'>[fideliora</span> <span class='ocrx_word' id='word_1_136' title='bbox 886 1496 1068 1548; x_wconf 66' lang='lat' dir='ltr'>sperat</span> <span class='ocrx_word' id='word_1_137' title='bbox 1090 1496 1137 1537; x_wconf 78' lang='lat' dir='ltr'>et</span> <span class='ocrx_word' id='word_1_138' title='bbox 1155 1497 1340 1548; x_wconf 72' lang='lat' dir='ltr'>preces</span> <span class='ocrx_word' id='word_1_139' title='bbox 1358 1492 1630 1549; x_wconf 58' lang='lat' dir='ltr'>postulat]</span> 
     </span>
     <span class='ocr_line' id='line_1_19' title="bbox 24 1568 1690 1625; baseline 0.001 -12"><span class='ocrx_word' id='word_1_140' title='bbox 24 1570 25 1574; x_wconf 74' lang='grc'>’</span> <span class='ocrx_word' id='word_1_141' title='bbox 141 1568 372 1614; x_wconf 85' lang='lat' dir='ltr'>Viennae</span> <span class='ocrx_word' id='word_1_142' title='bbox 397 1569 652 1625; x_wconf 81' lang='lat' dir='ltr'>Austriae,</span> <span class='ocrx_word' id='word_1_143' title='bbox 680 1569 796 1625; x_wconf 86' lang='lat' dir='ltr'>ipsis</span> <span class='ocrx_word' id='word_1_144' title='bbox 825 1569 1046 1614; x_wconf 86' lang='lat' dir='ltr'>calendis</span> <span class='ocrx_word' id='word_1_145' title='bbox 1075 1568 1193 1614; x_wconf 87' lang='lat' dir='ltr'>Maii</span> <span class='ocrx_word' id='word_1_146' title='bbox 1232 1568 1360 1614; x_wconf 79' lang='lat'>1558.</span> <span class='ocrx_word' id='word_1_147' title='bbox 1399 1569 1560 1615; x_wconf 83' lang='lat' dir='ltr'>Rdae.</span> <span class='ocrx_word' id='word_1_148' title='bbox 1599 1569 1690 1614; x_wconf 86' lang='lat' dir='ltr'>Pa-</span> 
     </span>
     <span class='ocr_line' id='line_1_20' title="bbox 54 1645 866 1703; baseline 0 -12"><span class='ocrx_word' id='word_1_149' title='bbox 54 1645 300 1691; x_wconf 89' lang='lat' dir='ltr'>ternitatis</span> <span class='ocrx_word' id='word_1_150' title='bbox 325 1655 442 1691; x_wconf 89' lang='lat' dir='ltr'>tuae</span> <span class='ocrx_word' id='word_1_151' title='bbox 467 1646 698 1703; x_wconf 90' lang='lat' dir='ltr'>indignus</span> <span class='ocrx_word' id='word_1_152' title='bbox 722 1645 866 1703; x_wconf 89' lang='lat' dir='ltr'>filius,</span> 
     </span>
    </p>
   </div>
   <div class='ocr_carea' id='block_1_4' title="bbox 804 1742 1571 1789">
    <p class='ocr_par' dir='ltr' id='par_1_4' title="bbox 804 1742 1571 1789">
     <span class='ocr_line' id='line_1_21' title="bbox 804 1742 1571 1789; baseline 0.001 -2"><span class='ocrx_word' id='word_1_153' title='bbox 804 1743 1074 1789; x_wconf 75' lang='lat' dir='ltr'><strong>MARTINUS</strong></span> <span class='ocrx_word' id='word_1_154' title='bbox 1108 1742 1506 1789; x_wconf 78' lang='lat' dir='ltr'>STEUORDIANus</span> <span class='ocrx_word' id='word_1_155' title='bbox 1539 1744 1571 1788; x_wconf 79' lang='lat'>2.</span> 
     </span>
    </p>
   </div>
   <div class='ocr_carea' id='block_1_5' title="bbox 13 1838 1693 2126">
    <p class='ocr_par' dir='ltr' id='par_1_5' title="bbox 53 1838 1693 1961">
     <span class='ocr_line' id='line_1_22' title="bbox 141 1838 1693 1898; baseline 0.002 -16"><span class='ocrx_word' id='word_1_156' title='bbox 141 1838 247 1883; x_wconf 71' lang='lat' dir='ltr'>Pro</span> <span class='ocrx_word' id='word_1_157' title='bbox 281 1839 633 1895; x_wconf 65' lang='lat' dir='ltr'>itzsct‘z&#39;ptz‘one.</span> <span class='ocrx_word' id='word_1_158' title='bbox 672 1847 700 1895; x_wconf 84' lang='lat'><strong>†</strong></span> <span class='ocrx_word' id='word_1_159' title='bbox 733 1839 837 1898; x_wconf 91' lang='lat' dir='ltr'>Jhs.</span> <span class='ocrx_word' id='word_1_160' title='bbox 874 1839 1118 1885; x_wconf 87' lang='lat' dir='ltr'>Litterae.</span> <span class='ocrx_word' id='word_1_161' title='bbox 1155 1841 1184 1884; x_wconf 69' lang='lat'>4</span> <span class='ocrx_word' id='word_1_162' title='bbox 1217 1839 1457 1885; x_wconf 84' lang='lat' dir='ltr'>mensium</span> <span class='ocrx_word' id='word_1_163' title='bbox 1493 1840 1693 1896; x_wconf 87' lang='lat' dir='ltr'>collegii</span> 
     </span>
     <span class='ocr_line' id='line_1_23' title="bbox 53 1914 479 1961; baseline 0.005 -2"><span class='ocrx_word' id='word_1_164' title='bbox 53 1914 282 1960; x_wconf 87' lang='lat' dir='ltr'>viennen.</span> <span class='ocrx_word' id='word_1_165' title='bbox 310 1919 382 1960; x_wconf 86' lang='lat' dir='ltr'>a.0</span> <span class='ocrx_word' id='word_1_166' title='bbox 405 1915 479 1961; x_wconf 78' lang='lat'>58.</span> 
     </span>
    </p>

    <p class='ocr_par' dir='ltr' id='par_1_6' title="bbox 13 1978 1692 2051">
     <span class='ocr_line' id='line_1_24' title="bbox 13 1978 1692 2051; baseline 0.001 -14"><span class='ocrx_word' id='word_1_167' title='bbox 13 1978 15 1981; x_wconf 31' lang='lat'>⁵</span> <span class='ocrx_word' id='word_1_168' title='bbox 54 1987 56 1991; x_wconf 73' lang='grc'><strong>’</strong></span> <span class='ocrx_word' id='word_1_169' title='bbox 139 1992 259 2037; x_wconf 70' lang='lat' dir='ltr'>Alia</span> <span class='ocrx_word' id='word_1_170' title='bbox 282 2007 501 2038; x_wconf 67' lang='lat' dir='ltr'>manu...</span> <span class='ocrx_word' id='word_1_171' title='bbox 530 1993 736 2044; x_wconf 74' lang='lat' dir='ltr'>Loreto,</span> <span class='ocrx_word' id='word_1_172' title='bbox 765 1993 1002 2044; x_wconf 76' lang='lat' dir='ltr'>Fiandra‚</span> <span class='ocrx_word' id='word_1_173' title='bbox 1031 1993 1211 2050; x_wconf 90' lang='lat' dir='ltr'>Napoli</span> <span class='ocrx_word' id='word_1_174' title='bbox 1231 2003 1279 2039; x_wconf 90' lang='lat' dir='ltr'>et</span> <span class='ocrx_word' id='word_1_175' title='bbox 1303 1993 1490 2051; x_wconf 77' lang='lat' dir='ltr'>Sicilia,</span> <span class='ocrx_word' id='word_1_176' title='bbox 1515 1994 1692 2039; x_wconf 85' lang='lat' dir='ltr'>Portu-</span> 
     </span>
    </p>

    <p class='ocr_par' dir='ltr' id='par_1_7' title="bbox 53 2069 467 2126">
     <span class='ocr_line' id='line_1_25' title="bbox 53 2069 467 2126; baseline 0.002 -12"><span class='ocrx_word' id='word_1_177' title='bbox 53 2070 204 2126; x_wconf 86' lang='lat' dir='ltr'>gallo,</span> <span class='ocrx_word' id='word_1_178' title='bbox 232 2069 467 2116; x_wconf 86' lang='lat' dir='ltr'>Francia.</span> 
     </span>
    </p>
   </div>
   <div class='ocr_carea' id='block_1_6' title="bbox 54 2179 142 2182">
    <p class='ocr_par' dir='ltr' id='par_1_8' title="bbox 54 2179 142 2182">
     <span class='ocr_line' id='line_1_26' title="bbox 54 2179 142 2182; baseline 0 0"><span class='ocrx_word' id='word_1_179' title='bbox 54 2179 142 2182; x_wconf 95' lang='lat' dir='ltr'> </span> 
     </span>
    </p>
   </div>
   <div class='ocr_carea' id='block_1_7' title="bbox 144 2180 317 2183">
    <p class='ocr_par' dir='ltr' id='par_1_9' title="bbox 144 2180 317 2183">
     <span class='ocr_line' id='line_1_27' title="bbox 144 2180 317 2183; baseline 0 0"><span class='ocrx_word' id='word_1_180' title='bbox 144 2180 317 2183; x_wconf 95' lang='lat' dir='ltr'> </span> 
     </span>
    </p>
   </div>
   <div class='ocr_carea' id='block_1_8' title="bbox 29 2237 1693 2466">
    <p class='ocr_par' dir='ltr' id='par_1_10' title="bbox 29 2237 1693 2405">
     <span class='ocr_line' id='line_1_28' title="bbox 29 2237 1678 2285; baseline 0.001 -12"><span class='ocrx_word' id='word_1_181' title='bbox 29 2264 36 2272; x_wconf 84' lang='lat'>.</span> <span class='ocrx_word' id='word_1_182' title='bbox 101 2239 109 2256; x_wconf 87' lang='lat'>¹</span> <span class='ocrx_word' id='word_1_183' title='bbox 161 2237 343 2284; x_wconf 85' lang='lat' dir='ltr'>Intelligi</span> <span class='ocrx_word' id='word_1_184' title='bbox 372 2238 533 2274; x_wconf 88' lang='lat' dir='ltr'>videtur</span> <span class='ocrx_word' id='word_1_185' title='bbox 564 2239 777 2285; x_wconf 87' lang='lat' dir='ltr'>episcopus</span> <span class='ocrx_word' id='word_1_186' title='bbox 807 2239 919 2275; x_wconf 89' lang='lat' dir='ltr'>urbis</span> <span class='ocrx_word' id='word_1_187' title='bbox 950 2238 1349 2275; x_wconf 84' lang='lat' dir='ltr'>Wiener-Neustadt</span> <span class='ocrx_word' id='word_1_188' title='bbox 1380 2238 1678 2283; x_wconf 83' lang='lat' dir='ltr'>(Neostadium,</span> 
     </span>
     <span class='ocr_line' id='line_1_29' title="bbox 54 2295 1693 2346; baseline 0 -12"><span class='ocrx_word' id='word_1_189' title='bbox 54 2295 210 2334; x_wconf 85' lang='lat' dir='ltr'>Civitas</span> <span class='ocrx_word' id='word_1_190' title='bbox 228 2299 363 2343; x_wconf 87' lang='lat' dir='ltr'>nova),</span> <span class='ocrx_word' id='word_1_191' title='bbox 389 2299 457 2344; x_wconf 90' lang='lat' dir='ltr'>qui</span> <span class='ocrx_word' id='word_1_192' title='bbox 485 2304 580 2335; x_wconf 88' lang='lat' dir='ltr'>tunc</span> <span class='ocrx_word' id='word_1_193' title='bbox 607 2299 801 2344; x_wconf 86' lang='lat' dir='ltr'>temporis</span> <span class='ocrx_word' id='word_1_194' title='bbox 829 2303 918 2335; x_wconf 85' lang='lat' dir='ltr'>erat</span> <span class='ocrx_word' id='word_1_195' title='bbox 939 2298 1120 2346; x_wconf 87' lang='lat' dir='ltr'>Joannes</span> <span class='ocrx_word' id='word_1_196' title='bbox 1149 2298 1423 2343; x_wconf 83' lang='lat' dir='ltr'>(Franciscus)</span> <span class='ocrx_word' id='word_1_197' title='bbox 1450 2297 1693 2335; x_wconf 89' lang='lat' dir='ltr'>Abstemius</span> 
     </span>
     <span class='ocr_line' id='line_1_30' title="bbox 54 2356 1613 2405; baseline 0.001 -12"><span class='ocrx_word' id='word_1_198' title='bbox 54 2356 360 2403; x_wconf 83' lang='lat' dir='ltr'>(Bornemissa).</span> <span class='ocrx_word' id='word_1_199' title='bbox 382 2358 519 2402; x_wconf 79' lang='lat' dir='ltr'>GAMS‚</span> <span class='ocrx_word' id='word_1_200' title='bbox 542 2359 684 2396; x_wconf 69' lang='lat' dir='ltr'>Series</span> <span class='ocrx_word' id='word_1_201' title='bbox 703 2361 1019 2405; x_wconf 73' lang='lat' dir='ltr'>episcoporum,</span> <span class='ocrx_word' id='word_1_202' title='bbox 1040 2358 1122 2404; x_wconf 79' lang='lat'><strong>322;</strong></span> <span class='ocrx_word' id='word_1_203' title='bbox 1148 2358 1306 2400; x_wconf 80' lang='lat' dir='ltr'>EUBEL,</span> <span class='ocrx_word' id='word_1_204' title='bbox 1329 2359 1404 2394; x_wconf 87' lang='lat' dir='ltr'>loc.</span> <span class='ocrx_word' id='word_1_205' title='bbox 1426 2358 1508 2400; x_wconf 63' lang='lat' dir='ltr'>cit„</span> <span class='ocrx_word' id='word_1_206' title='bbox 1533 2357 1613 2396; x_wconf 83' lang='lat'>185.</span> 
     </span>
    </p>

    <p class='ocr_par' dir='ltr' id='par_1_11' title="bbox 100 2417 1426 2466">
     <span class='ocr_line' id='line_1_31' title="bbox 100 2417 1426 2466; baseline 0 -12"><span class='ocrx_word' id='word_1_207' title='bbox 100 2417 113 2436; x_wconf 80' lang='lat'>²</span> <span class='ocrx_word' id='word_1_208' title='bbox 165 2417 228 2455; x_wconf 89' lang='lat' dir='ltr'>De</span> <span class='ocrx_word' id='word_1_209' title='bbox 248 2430 296 2455; x_wconf 92' lang='lat' dir='ltr'>eo</span> <span class='ocrx_word' id='word_1_210' title='bbox 316 2420 444 2455; x_wconf 85' lang='lat' dir='ltr'>multa</span> <span class='ocrx_word' id='word_1_211' title='bbox 462 2419 648 2456; x_wconf 85' lang='lat' dir='ltr'>invenies</span> <span class='ocrx_word' id='word_1_212' title='bbox 667 2420 773 2466; x_wconf 86' lang='lat' dir='ltr'>apud</span> <span class='ocrx_word' id='word_1_213' title='bbox 793 2419 1154 2463; x_wconf 79' lang='lat' dir='ltr'>BRAUNSBERGER,</span> <span class='ocrx_word' id='word_1_214' title='bbox 1171 2421 1250 2456; x_wconf 82' lang='lat' dir='ltr'>&#39;loc.</span> <span class='ocrx_word' id='word_1_215' title='bbox 1273 2419 1356 2461; x_wconf 83' lang='lat' dir='ltr'>cit.‚</span> <span class='ocrx_word' id='word_1_216' title='bbox 1378 2418 1426 2455; x_wconf 86' lang='lat' dir='ltr'>II.</span> 
     </span>
    </p>
   </div>
   <div class='ocr_carea' id='block_1_9' title="bbox 195 3112 1544 3148">
    <p class='ocr_par' dir='ltr' id='par_1_12' title="bbox 195 3112 1544 3148">
     <span class='ocr_line' id='line_1_32' title="bbox 195 3112 1544 3148; baseline 0.006 -8"><span class='ocrx_word' id='word_1_217' title='bbox 195 3112 363 3142; x_wconf 76' lang='lat' dir='ltr'>LITTERAE</span> <span class='ocrx_word' id='word_1_218' title='bbox 383 3113 683 3147; x_wconf 75' lang='lat' dir='ltr'>QUADRIMESTRES.</span> <span class='ocrx_word' id='word_1_219' title='bbox 704 3115 795 3144; x_wconf 90' lang='grc' dir='ltr'><strong>ΤΟΜ.</strong></span> <span class='ocrx_word' id='word_1_220' title='bbox 817 3116 854 3144; x_wconf 90' lang='lat' dir='ltr'>V.</span> <span class='ocrx_word' id='word_1_221' title='bbox 1513 3122 1544 3148; x_wconf 87' lang='grc'>41</span> 
     </span>
    </p>
   </div>
  </div>
 </body>
</html>
