2054 3530
337 328 358 363 4
803 324 1021 360 LtrTERAE
1048 322 1402 367 QUADRIMESTRES

289 421 541 479 parabunt
565 426 598 470 3;
627 434 740 465 nam
766 416 1003 463 Societati
1035 416 1240 462 multum
1275 412 1456 459 addicti
1492 421 1617 458 sunt.
1656 410 1915 466 Nunquam

290 498 394 545 istis
419 498 464 543 in
489 496 608 542 locis
632 495 851 542 auditum
877 504 965 548 est,
993 492 1122 550 quod
1146 489 1398 548 praecipui
1433 504 1492 534 ac
1525 487 1669 544 primi
1704 485 1917 532 ciuitatis

290 574 360 622 sic
383 589 499 622 suos
523 572 769 617 offerrent
793 568 1033 615 Societati
1063 567 1204 621 filios,
1245 566 1371 612 sicut
1405 565 1498 611 ista
1533 565 1579 613 in
1613 563 1814 608 ciuitate
1848 561 1918 607 fa-

291 661 423 697 ctum
449 659 537 696 est.
565 649 667 694 Nec
692 649 785 693 hoc
808 647 878 692 eis
901 646 1022 692 satis
1046 654 1135 698 θεῖ,
1163 644 1248 689 sed
1273 653 1321 688 et
1344 641 1452 687 filiis
1487 641 1547 686 de
1582 639 1805 685 omnibus
1839 654 1918 684 ne-

291 727 523 777 cessariis
548 725 824 782 prouident‚
852 734 899 769 et
922 737 1117 778 semper
1141 720 1407 778 prouidere
1431 719 1618 764 uolunt.

352 805 392 849 7.
460 802 674 849 Senatus
713 800 1006 846 coloniensis
1045 799 1167 844 bene
1206 812 1330 854 erga
1370 811 1459 841 nos
1499 794 1713 840 affectus
1748 801 1838 846 est,
1875 800 1923 837 et

295 881 469 928 ciuitas
493 889 598 925 tota
629 877 891 934 collegium
925 875 1065 920 nobis
1098 874 1219 919 dare
1255 872 1525 925 intendunt,
1563 869 1924 927 quamprimum

295 958 374 1003 ille
407 967 590 1011 rector,
629 955 707 1012 qui
747 954 863 999 illud
902 952 1062 998 adhuc
1100 950 1358 1004 inhabitat,
1402 947 1579 994 exierit
1605 948 1632 1003 ¹;
1656 945 1785 1002 quod
1826 945 1924 990 iam

296 1034 436 1081 breui
460 1033 679 1079 futurum
704 1040 792 1076 θεῖ.

387 1109 649 1166 Cognatus
683 1107 793 1152 Mri.
822 1105 1039 1152 Gerardi
1074 1104 1340 1150 Brassicae
1365 1104 1380 1127 ‘2
1411 1100 1763 1147 dordracensis
1798 1098 1926 1156 (piae

298 1186 586 1241 memoriae)
612 1185 741 1242 apud
764 1199 853 1229 nos
877 1183 1026 1228 etiam
1051 1180 1292 1227 exercitia
1324 1179 1509 1234 habuit,
1538 1187 1586 1224 et
1610 1193 1664 1223 se
1687 1174 1927 1222 Societati

301 1264 447 1311 dedit.
491 1264 579 1309 Est
617 1261 855 1308 sacerdos
894 1258 1211 1305 naturalibus
1244 1257 1366 1302 hene
1399 1256 1607 1302 dotatus
1640 1255 1675 1306 b,
1714 1253 1849 1299 diues
1883 1252 1929 1297 in

301 1340 673 1398 temporalibus,
701 1338 787 1383 sed
810 1337 956 1382 ditior
980 1336 1026 1380 in
1051 1335 1140 1392 piis
1164 1350 1223 1381 ac
1249 1333 1434 1379 sanctis
1459 1331 1731 1378 desideriis.
1764 1329 1930 1375 Multis

304 1418 461 1466 adfuit
500 1416 702 1462 infirmis
741 1425 789 1460 et
828 1412 1104 1470 desperatis
1139 1410 1432 1463 hominibus,
1469 1409 1529 1454 de
1564 1408 1737 1465 quibus
1772 1407 1932 1453 adhuc

304 1497 458 1544 multa
477 1497 607 1541 bona
625 1492 871 1550 speranda
891 1499 1017 1545 sunt;
1038 1489 1083 1534 in
1099 1487 1491 1535 confessionibus
1509 1484 1765 1531 audiendis
1784 1483 1932 1529 etiam

304 1573 424 1620 satis
449 1580 721 1628 occupatus
746 1568 851 1614 fuit.

394 1648 719 1695 Reuerendus
754 1646 903 1690 Pater
937 1644 1072 1701 prior
1096 1642 1380 1688 carthusiae
1404 1655 1515 1686 cum
1537 1648 1644 1685 tota
1673 1653 1762 1684 sua
1796 1636 1933 1683 fami-

306 1728 387 1781 lia,
415 1742 474 1772 ac
498 1724 777 1781 singulares
801 1721 945 1767 amici
971 1719 1142 1775 nostri,
1170 1728 1218 1763 et
1252 1717 1406 1762 Rdus.
1445 1717 1599 1761 DnuS.
1642 1714 1936 1771 Grupperus

310 1820 421 1851 cum
451 1802 552 1848 suis
582 1800 820 1846 fratribus
852 1798 904 1843 P.
943 1797 1009 1842 V.
1047 1795 1308 1852 plurimam
1342 1794 1552 1839 salutem
1577 1801 1863 1849 precantur,
1889 1799 1938 1837 et

310 1879 483 1937 reliqui
515 1877 658 1924 amici
693 1890 878 1928 omnes,
916 1889 975 1920 ac
1010 1873 1062 1918 P.
1096 1872 1163 1917 V.
1191 1887 1299 1917 sese
1324 1870 1696 1916 commendatos
1720 1868 1933 1925 cupiunt.

310 1956 550 2005 Coloniae
574 1953 851 2011 Agripinae
875 1951 932 1998 ⁴25
956 1949 1168 2006 Augusti
1197 1948 1322 1994 1556.

398 2034 459 2079 R.
486 2033 539 2078 P.
567 2031 634 2076 V.
661 2045 836 2076 seruus
860 2027 1104 2083 indignus,

1242 2102 1556 2147 LEONAuous
1588 2099 1792 2145 KEssEL
1817 2099 1848 2143 ³.

406 2236 466 2281 In
488 2235 580 2289 fol.
609 2237 688 2278 lv.
717 2233 842 2277 llaec
867 2231 973 2275 alia
997 2243 1157 2274 manu
1184 2232 1361 2273 notata
1385 2226 1662 2281 habenturs
1688 2223 1941 2282 ...[Ingo]l-

319 2312 502 2367 stadi0‚
563 2310 755 2366 Parigi,
818 2307 1056 2363 Perugia,
1118 2305 1367 2360 Bologna,
1430 2302 1674 2357 Ferrara,
1731 2301 1940 2357 Loret0‚

322 2391 398 2437 Ρ.ε
420 2388 708 2443 Ρῑειηθίεθο,
736 2385 932 2442 Napoli,
959 2383 1035 2428 Re
1056 2381 1329 2427 Francisco
1354 2378 1481 2438 [sz’c].

364 2534 382 2555 ὃ
425 2530 648 2573 paraturos.
704 2522 767 2548 —b
793 2521 906 2557 bonis
926 2525 1096 2556 naturae
1115 2516 1273 2555 dotibus
1292 2516 1510 2564 praeditus.

368 2654 377 2673 ¹
431 2653 581 2688 Rector
600 2648 762 2694 collegii
782 2647 887 2689 novi,
904 2645 1008 2692 quod
1027 2643 1174 2681 nostris
1193 2643 1330 2679 datum
1349 2646 1422 2687 est,
1444 2645 1532 2677 erat
1546 2639 1721 2687 Jacobus
1739 2637 1943 2675 Leichius.

320 2712 384 2750 Cf.
406 2711 593 2748 HANSEN.
615 2707 878 2745 Rlzeim'sche
895 2706 1093 2747 Amen...
1114 2702 1196 2748 261,
1216 2701 1298 2744 286,
1321 2706 1361 2738 et
1379 2700 1541 2748 passim.

368 2772 381 2791 ²
431 2770 493 2807 Ex
512 2768 654 2816 oppido
673 2766 881 2803 Dordraco
901 2763 1161 2808 (Dordrecht)
1181 2762 1220 2798 in
1240 2759 1502 2803 Neerlandia,
1524 2758 1722 2795 admissus
1748 2756 1790 2792 in
1813 2755 1947 2793 Socie—

321 2836 446 2868 tatem
465 2830 486 2865 4
505 2827 690 2866 Octobris
711 2824 811 2867 15523
833 2837 923 2861 cum
943 2822 1119 2870 piissime
1139 2821 1318 2864 vixisset,
1339 2819 1436 2856 obiit
1453 2818 1554 2855 1555.
1574 2817 1767 2868 Moyzum.
1787 2814 1945 2860 Ignat„

322 2902 401 2927 ser.
425 2888 494 2930 La,
514 2886 588 2928 IV,
609 2885 690 2928 43&
713 2890 751 2921 et
770 2884 1004 2926 POLANCUS,
1026 2882 1099 2918 loc.
1121 2881 1202 2925 cit.‚
1224 2879 1278 2922 V,
1299 2877 1467 2915 286-287.
1490 2877 1554 2914 De
1574 2873 1750 2913 Gerardi
1775 2878 1948 2920 cognato

323 2948 371 2987 cf.
394 2948 532 2994 Epist.
555 2944 690 2987 Mixa,
712 2943 765 2986 V,
787 2943 867 2979 483.

371 3009 384 3029 ³
436 3005 614 3052 Collegii
656 3003 896 3040 coloniensis
938 3006 1088 3038 rector.
1134 3000 1179 3036 In
1222 2999 1408 3044 catalogo
1450 2994 1680 3043 provinciae
1723 2992 1948 3032 Rhenanae

326 3068 420 3106 anni
441 3066 531 3103 1565
554 3065 602 3102 de
630 3076 676 3100 eo
703 3063 859 3099 dicitur:
892 3061 945 3097 «ΙΙ
972 3060 1017 3097 Ρ.
1046 3058 1262 3096 Leonardo
1288 3056 1438 3093 Kessel
1465 3060 1560 3091 nato
1586 3053 1627 3090 in
1653 3051 1849 3096 Louani03
1882 3051 1949 3087 nel

327 3139 431 3165 anno
450 3125 515 3162 del
537 3123 627 3161 1543
644 3123 684 3159 in
703 3120 921 3159 Decembri
941 3123 962 3156 θ
982 3119 1162 3166 riceputo
1181 3117 1247 3153 dal
1265 3116 1316 3153 R.
1344 3115 1390 3152 P.
1419 3114 1541 3151 Petro
1567 3112 1702 3149 Fabro
1729 3115 1768 3148 et
1795 3122 1951 3156 compa—
