1909 3328
210 242 222 276 1
229 240 297 276 024

161 333 438 372 Misericordia
454 331 533 367 Dei
549 342 647 375 erga
657 326 933 368 Germaniam,

207 394 288 438 640,
310 389 606 428 misericordiae
627 399 761 434 opera,
794 385 847 425 11,
876 382 933 429 28,

208 454 265 497 40,
293 452 351 495 54,
380 450 438 491 89,
463 449 540 491 113,
565 446 729 489 145-146,
754 445 831 488 178,
852 442 934 487 202,

208 512 288 553 209,
317 510 397 552 210,
426 508 507 553 238,
539 506 621 549 261,
653 503 821 545 272-273,
854 502 934 543 285,

209 572 289 612 3.’7,
311 570 392 611 353,
413 569 494 611 370,
520 567 601 611 386,
631 565 713 609 406,
741 564 822 607 411,
852 562 932 605 443,

210 629 289 672 472,
318 628 485 670 507-508,
514 626 595 668 589,
624 625 705 666 633,
738 623 820 665 644,
852 621 937 659 653-

209 690 290 728 654,
311 689 391 731 731,
411 687 493 732 753,
514 687 668 722 clarum
693 683 936 729 exemplum,

210 749 329 794 97-983
359 761 382 783 a
409 746 563 782 duabus
582 743 807 790 virginibus
826 752 938 777 exer-

211 812 365 851 centur,
382 805 463 842 848.

166 867 408 909 Misotheus,
455 865 644 908 daemon,
688 872 861 908 persona
899 859 939 894 in

212 928 406 969 dramate,
427 924 507 960 548.

168 987 304 1029 Missa,
323 984 416 1032 quid
431 984 479 1020 de
496 984 567 1019 illa
581 982 748 1018 boemus
763 978 939 1026 quidam,

217 1046 293 1088 l74;
314 1045 472 1081 canitur
490 1043 530 1079 in
548 1041 698 1087 templo
716 1037 941 1082 viennensi,

212 1106 293 1150 8543
324 1117 412 1141 eam
439 1102 606 1139 audiunt
635 1099 761 1136 nostri
792 1096 943 1134 alumni

214 1166 253 1201 in
273 1164 422 1210 templo
442 1162 585 1204 vicino,
618 1159 696 1204 184,
727 1159 814 1206 ejus
841 1156 945 1193 cele-

214 1224 343 1261 bratio
378 1222 524 1259 multos
559 1219 756 1263 aedificat,
788 1217 870 1258 303;
908 1215 944 1252 ei

217 1283 399 1320 certatim
443 1280 596 1318 alumni
643 1278 941 1318 ministrant,

215 1343 297 1380 902.

170 1402 413 1440 Missionarii
441 1403 717 1443 excurrentes,
749 1397 830 1439 616,
860 1394 941 1440 625,

216 1461 383 1506 764-765,
423 1472 561 1496 secum
603 1457 753 1494 victum
797 1455 943 1499 ferunt,

216 1522 301 1559 625.

172 1580 399 1626 Mocenigo,
422 1577 679 1619 Leonardus,
700 1577 862 1621 legatus
883 1586 946 1609 ve-

219 1645 335 1676 netus
383 1638 601 1683 collegium
648 1635 947 1672 vindobonense

220 1698 365 1740 invisit,
387 1697 469 1734 867.

173 1759 406 1800 Modenese,
421 1756 613 1802 joannes,
636 1754 679 1791 S.
695 1754 749 1801 J.,
774 1753 851 1790 102.

174 1817 375 1854 Modestia
417 1821 645 1851 nostrorum
689 1819 727 1850 et
770 1813 949 1849 alumno-

221 1889 321 1919 rum,
342 1874 510 1916 241-242,
535 1873 617 1919 256,
645 1872 727 1918 295,
755 1872 837 1913 345,
865 1870 947 1916 373,

220 1935 301 1979 611,
331 1935 504 1970 hussitas
536 1938 575 1969 et
604 1933 768 1969 boemos
798 1932 950 1978 percel-

223 1995 280 2038 lit,
296 1993 415 2038 24-25,
434 1993 629 2029 modestia
643 1992 684 2028 in
698 1990 948 2038 disputando,

222 2055 303 2097 486,
324 2053 405 2097 671,
425 2052 506 2089 697.

177 2113 391 2160 Moguntia
409 2111 590 2157 (Mainz),
617 2124 693 2158 opp
715 2141 722 2156 ,
749 2110 831 2155 658,
859 2122 951 2147 suos

225 2173 345 2208 mittit
366 2170 591 2215 Coloniam,
611 2170 697 2207 669.

178 2232 344 2276 Molina,
362 2231 539 2277 joannes
555 2229 749 2276 Vazquez
768 2229 830 2274 de,
851 2242 875 2266 a
893 2241 952 2265 se-

225 2292 344 2327 cretis
362 2291 448 2336 regi
470 2290 707 2336 Hispaniae,
732 2289 809 2325 159.

179 2349 343 2386 Molitor
373 2350 421 2386 de
458 2349 615 2396 Neyda,
648 2347 795 2393 Lucas,
829 2347 872 2386 S.
899 2348 951 2394 J.,

227 2410 266 2445 in
285 2408 418 2456 Oybin
438 2409 621 2453 mittitur,
642 2408 724 2453 383,
754 2408 954 2445 contiona-

227 2475 290 2505 tur
310 2469 348 2504 in
367 2468 482 2515 pagis
500 2468 655 2508 vicinis.
675 2467 756 2511 386,
783 2467 952 2513 436437,

228 2528 363 2564 dolose
382 2527 576 2564 invitatus
595 2528 643 2563 ad
663 2540 843 2571 coenam,
870 2526 952 2572 437,

228 2592 418 2633 quotnam
438 2587 640 2623 auditores
655 2587 855 2632 habuerit,
871 2586 953 2630 756;

229 2645 366 2692 aliqua
384 2645 432 2681 de
453 2646 539 2693 ejus
558 2646 654 2691 vita,
674 2646 756 2691 7573
784 2645 956 2682 fructuo-

232 2717 274 2741 se
317 2704 473 2740 laborat
513 2710 555 2741 ut
594 2705 810 2752 parochus,
854 2704 954 2751 782,

231 2764 351 2809 aliud,
372 2763 453 2805 781;
475 2777 512 2800 v,
534 2763 707 2800 INDICEM
725 2764 774 2800 II.

185 2821 385 2867 Monachi,
416 2822 631 2866 Antonius,
662 2822 703 2860 S.
731 2823 784 2870 J.,
817 2832 957 2869 aegro-

232 2886 308 2924 tus,
328 2880 409 2925 452,
432 2893 537 2917 mors
559 2887 597 2918 et
617 2881 748 2926 funus,
768 2882 850 2919 549.
877 2889 881 2891 “

187 2940 400 2986 —juvenes
426 2939 658 2976 instituendi
685 2954 709 2978 a
739 2939 958 2987 Societate,

232 2998 314 3038 605;
351 2999 568 3035 monachus
603 3000 643 3036 in
673 3000 961 3037 monasterium

668 234 886 270 LITTERAE
913 229 1272 275 QUADRIMESTRES

1059 323 1199 367 redux,
1237 322 1406 368 837-838;
1436 334 1608 369 persona
1634 322 1674 358 in
1701 322 1788 358 dra-

1061 387 1183 424 mate,
1203 382 1286 418 548.

1013 440 1273 478 Monachium
1301 440 1537 486 (Mfinchen)
1570 447 1690 488 caput
1713 441 1791 478 Ba-

1060 500 1213 541 variae,
1247 500 1466 546 collegium
1497 500 1551 537 ibi
1583 500 1792 537 instituen-

1061 559 1167 603 dum,
1189 558 1271 604 402,
1291 559 1374 596 575.

1011 617 1266 655 Monasteria
1284 620 1489 666 juvantur,
1510 619 1592 666 582,
1612 621 1693 657 650.

1014 677 1352 730 hlonasteriensis
1369 684 1514 726 rector,
1532 693 1568 716 v.
1589 679 1793 717 Monaste-

1063 737 1181 782 rium,
1203 750 1292 784 opp.

1014 795 1325 842 Monasterium,
1346 797 1621 844 reformatum,
1638 799 1720 836 555.

1016 855 1294 902 -—(Mt'1nster),
1332 870 1420 904 opp.
1458 858 1499 895 in
1533 857 1792 905 Vestphalia,

1063 914 1170 951 fama
1189 914 1281 962 S.J.
1300 917 1396 954 illuc
1415 918 1538 962 venit,
1559 917 1641 962 233,
1663 923 1796 955 rector

1065 975 1151 1023 ejus
1176 976 1379 1021 gymnasii
1399 977 1529 1014 eidem
1553 977 1678 1023 favet,
1703 978 1789 1015 300.

1018 1033 1232 1079 Moncada,
1270 1035 1524 1081 Franciscus,
1571 1050 1704 1075 comes
1747 1039 1796 1075 de

1066 1093 1247 1139 Aderno,
1278 1095 1364 1131 642.

1020 1153 1243 1198 Monclaro,
1277 1153 1531 1202 Franciscus,
1565 1156 1607 1194 S.
1632 1156 1684 1203 J.,
1713 1157 1796 1205 25l;

1066 1226 1103 1249 v,
1124 1213 1298 1250 INDICEM
1321 1214 1375 1251 II.

1020 1271 1237 1318 Monforte,
1267 1286 1356 1320 opp.
1387 1273 1565 1321 Siciliae,
1589 1276 1702 1314 initia
1722 1278 1800 1314 col-

1071 1332 1179 1378 legii,
1201 1332 1368 1377 374-375‚
1389 1334 1471 1371 522.

1023 1390 1245 1436 Monheim,
1282 1393 1483 1440 professor
1518 1395 1681 1442 quidam
1722 1409 1801 1433 non

1069 1451 1227 1488 sincera
1246 1451 1336 1497 fide,
1358 1453 1440 1491 811.

1022 1510 1237 1557 Moniales,
1260 1517 1402 1559 petunt
1418 1519 1461 1549 ut
1480 1527 1503 1550 a
1522 1515 1669 1551 nostris
1686 1523 1803 1551 'exco-

1070 1571 1217 1616 lantur,
1251 1571 1305 1615 12,
1334 1572 1417 1617 565,
1446 1573 1579 1610 rarius
1598 1575 1799 1620 coluntur,

1072 1630 1150 1673 178;
1171 1644 1250 1668 non
1269 1632 1514 1679 adjuvantur
1532 1647 1555 1670 a
1574 1633 1618 1671 P.
1652 1634 1804 1680 Cogor-

1070 1690 1185 1735 dano,
1223 1691 1306 1738 597,
1343 1692 1542 1738 quaedam
1577 1694 1803 1730 remedium

1070 1755 1272 1795 quaerunt
1299 1756 1437 1788 contra
1468 1752 1684 1799 haeresim,
1720 1753 1802 1790 163-

1074 1808 1151 1853 164;
1186 1809 1374 1846 discretio
1409 1811 1450 1847 in
1484 1812 1566 1848 illis
1600 1813 1801 1860 juvandis,

1070 1868 1237 1913 617-618,
1259 1870 1427 1913 744-745;
1444 1871 1651 1919 J'uvantur,
1668 1872 1726 1917 40,
1743 1873 1802 1916 53,

1070 1928 1191 1973 9697,
1225 1930 1303 1976 104,
1325 1930 1406 1976 472,
1428 1931 1596 1975 479-480,
1616 1932 1699 1976 585,
1720 1933 1802 1978 617,

1071 1987 1153 2024 631-
1174 1989 1256 2035 632,
1280 1990 1360 2034 730,
1382 1990 1463 2036 741,
1492 1990 1572 2035 786,
1601 1991 1688 2036 819,
1720 1992 1802 2037 841,

1071 2047 1153 2092 885,
1186 2048 1269 2092 890,
1290 2049 1576 2094 reformantur,
1597 2050 1679 2096 592,
1702 2063 1804 2099 sqq.;

1073 2108 1271 2154 quaedam
1306 2110 1512 2153 resistunt,
1546 2111 1616 2147 sed
1646 2111 1696 2148 ab
1726 2111 1807 2158 epi-

1074 2179 1192 2214 scopo
1205 2168 1244 2204 in
1258 2169 1439 2205 ordinem
1450 2170 1706 2216 rediguntur,
1722 2171 1805 2216 741,

1075 2239 1096 2263 e
1128 2227 1340 2274 tepiditate
1367 2228 1544 2272 fervens,
1575 2229 1658 2275 595;
1687 2242 1808 2276 quae-

1075 2286 1166 2323 dam
1198 2287 1298 2324 mira
1317 2289 1489 2334 patiens,
1510 2289 1680 2332 649-650;
1702 2290 1808 2327 aliae

1075 2345 1235 2382 thecam
1281 2348 1491 2385 servandis
1532 2349 1716 2395 reliquiis
1754 2349 1810 2386 fa-

1077 2405 1199 2450 ciunt,
1220 2405 1389 2444 576-577.

1029 2464 1323 2509 Monserratus,
1343 2464 1561 2511 Antonius,
1584 2466 1627 2505 S.
1644 2467 1698 2514 J.,
1724 2468 1808 2514 959,

1075 2524 1155 2561 966.

1031 2583 1150 2620 Mons
1198 2583 1433 2621 Ferrandus
1480 2585 1809 2633 (Montferrand),

1078 2656 1167 2690 opp.
1201 2643 1378 2688 Galliae,
1411 2643 1493 2690 712,
1526 2644 1812 2692 Clayssonium

1080 2701 1325 2748 efflagitant,
1347 2702 1432 2739 831.

1033 2761 1152 2798 Mons
1170 2762 1345 2808 pietatis,
1366 2761 1448 2799 511.

1033 2820 1152 2857 Mons
1171 2820 1357 2867 Regalis,
1380 2821 1622 2867 (Monreale)
1644 2835 1733 2869 opp.
1751 2822 1813 2860 Si-

1081 2880 1212 2926 ciliae,
1233 2880 1292 2924 85,
1307 2880 1389 2926 357,
1407 2880 1555 2921 imbres
1570 2882 1733 2918 maximi
1747 2882 1814 2919 ho-

1082 2941 1211 2977 mines
1250 2941 1300 2977 ad
1343 2945 1597 2978 sacramenta
1634 2946 1812 2986 movent,

1084 2999 1251 3045 405-406,
1273 3011 1414 3047 preces
1433 3000 1656 3038 matutinae
1682 3006 1722 3037 et
1746 3014 1816 3038 ve-
