1900 3380
563 258 900 295 69.——OLISIPONE
931 258 972 294 17
997 268 1100 304 JUNu
1132 259 1220 294 1557
1594 259 1664 295 ‘275

73 371 218 412 quam
246 355 419 399 desunt
453 363 659 398 sanetae
695 353 1065 408 occupationes,
1093 354 1141 397 si
1163 367 1263 398 non
1289 353 1310 373 a
1336 355 1561 399 deessent
1598 365 1708 411 ope-

75 430 208 489 rarii,
236 430 530 487 praesertim
557 430 600 474 in
628 440 800 474 nostro
820 429 1051 485 collegio.

128 509 170 554 4.
238 507 301 553 Et
336 523 447 553 eum
483 522 652 552 omnes
686 516 735 552 et
769 506 899 551 domi
934 517 981 551 et
1016 506 1138 551 foris
1173 506 1485 562 praescripto
1521 508 1610 552 sibi
1645 510 1708 553 ab

71 585 348 631 obedientia
383 599 587 629 munere
622 583 914 639 fungantur,
949 583 1257 639 potissimum
1293 592 1459 628 tamen
1485 584 1527 627 in
1564 600 1705 637 regu—

71 662 126 708 lis
165 672 212 707 et
251 661 682 707 constitutionibus
717 660 1046 705 obseruandis
1086 675 1329 705 summam
1373 662 1709 717 vnusquisque

69 739 267 785 adhibet
292 737 612 795 diligentiam,
641 737 881 792 impositis
906 736 1172 793 aliquando
1198 736 1523 793 poenitentiis.

126 816 169 863 5.
236 815 347 860 Rex
391 824 562 859 noster
608 816 646 867 ¹,
695 816 807 858 dum
854 813 1072 868 viueret‚
1119 829 1231 858 eum
1278 824 1409 859 esset
1456 814 1709 869 religionis

68 892 368 938 christianae
393 891 658 945 studiosus,
687 891 808 935 duos
844 891 1233 935 catechumenos
1268 890 1408 935 nobis
1444 892 1637 936 comisit
1662 892 1706 936 in

10 1007 12 1009 .
69 968 177 1015 fidei
196 968 477 1025 praeceptis
493 967 808 1023 erudiendos,
827 981 945 1012 cum
962 967 1070 1011 alia
1089 967 1255 1012 multa
1275 968 1331 1012 id
1342 968 1710 1025 gmmsfacere

67 1051 274 1102 semper
293 1045 476 1090 solitus
499 1049 646 1099 esset,
674 1060 885 1100 quorum
910 1044 1036 1088 alter
1067 1048 1143 1088 est
1177 1060 1398 1100 maurus,
1435 1045 1564 1089 alter
1589 1061 1707 1090 vero

67 1123 312 1169 hebraeus
346 1126 472 1177 erat,
502 1122 599 1166 sed
630 1135 730 1166 non
766 1121 992 1177 natione,
1020 1134 1144 1165 nam
1183 1121 1520 1178 olysszppom·
1552 1127 1709 1167 natus

68 1205 114 1246 et
135 1200 270 1245 inter
298 1199 546 1244 hebraeos
570 1198 822 1243 educatus
845 1197 1180 1255 mosaicaqne.
1203 1197 1317 1255 lege
1341 1202 1388 1242 et
1410 1199 1707 1244 eerinmm'z's

68 1292 100 1322 a
117 1276 426 1334 parentibus
449 1274 882 1331 instructusfaits
905 1274 982 1319 hie
1005 1278 1148 1319 tanto
1172 1274 1191 1300 b
1215 1274 1414 1331 ingenio
1450 1276 1705 1331 praeditus

67 1364 156 1412 est,
187 1364 241 1399 vt
275 1352 414 1399 breui
449 1368 660 1409 magnos
694 1367 996 1409 progressus
1029 1351 1075 1396 in
1111 1350 1221 1396 fidei
1257 1361 1461 1397 nostrae
1502 1368 1703 1408 praeee-

66 1432 157 1489 ptis
182 1432 376 1486 fecerit;
403 1431 487 1476 ille
504 1444 625 1475 vero
645 1444 762 1475 cnm
782 1443 882 1474 non
902 1433 1108 1474 tantum
1127 1429 1339 1485 ingenio
1363 1430 1572 1480 valeret,
1602 1444 1703 1475 non

67 1510 138 1554 ita
161 1508 424 1565 processit.
454 1508 599 1553 Sales
631 1511 805 1552 tamen
840 1513 855 1532 ς
892 1506 1151 1551 commode
1186 1506 1230 1550 in
1267 1522 1326 1551 ea
1363 1522 1416 1551 re
1446 1522 1499 1552 se
1529 1507 1700 1563 gessit.

66 1585 166 1631 Iam
192 1585 400 1630 salutari
421 1601 552 1641 aqua
571 1584 675 1629 eius
695 1583 912 1643 erimina
929 1583 1130 1647 expiata
1155 1592 1283 1639 sunt;
1306 1592 1354 1628 et
1374 1584 1522 1628 ambo
1542 1584 1704 1629 adhue

67 1663 194 1719 apud
218 1678 306 1707 nos
331 1672 460 1719 sunt,
489 1661 718 1718 quoniam
754 1661 823 1705 ita
859 1676 949 1705 rex
973 1661 1204 1717 iusserat,
1227 1650 1281 1705 ‘vt
1305 1661 1482 1717 magis
1505 1661 1551 1706 in
1577 1661 1703 1706 chri-

66 1740 225 1786 stiana
249 1739 478 1785 doctrina
502 1739 923 1797 infomnczrentm'
943 1738 976 1783 ⁶¹.
999 1737 1051 1782 In
1077 1738 1303 1782 doctrina
1327 1746 1342 1764 e
1364 1752 1498 1795 quae
1520 1739 1702 1796 singu-

65 1817 128 1863 lis
159 1817 339 1870 diebus
358 1817 523 1875 festis
556 1816 608 1861 in
645 1820 818 1861 nostro
857 1815 1048 1871 templo
1086 1814 1307 1860 habetur
1340 1814 1380 1871 f,
1416 1830 1468 1860 se
1493 1824 1704 1860 exercet

66 1894 144 1940 Pr.
182 1894 386 1940 Marcus
426 1894 706 1951 premendo,
743 1893 805 1938 ad
845 1907 1004 1950 quam
1027 1892 1360 1937 gaudiendam
1401 1908 1612 1959 magnus
1650 1891 1701 1937 fit

66 1988 369 2018 concursus·

122 2050 165 2096 6.
231 2049 283 2094 In
314 2058 489 2095 saneta
514 2048 793 2094 ebdomada
816 2061 958 2093 more
981 2056 1155 2092 nostro
1180 2051 1228 2092 et
1251 2047 1469 2092 instituto
1493 2047 1511 2073 ¹¹
1536 2047 1702 2092 diuina

3 2180 6 2183 ,
66 2126 227 2172 officia
252 2142 437 2183 magno
462 2125 596 2171 cultu
621 2125 1003 2171 celebrauimus.
1031 2123 1160 2170 Nam
1185 2124 1383 2180 quidam
1406 2125 1547 2169 nobis
1572 2124 1703 2169 dedi-

65 2203 98 2249 ti
122 2205 437 2260 sepulchrum
472 2202 669 2248 Domini
704 2218 890 2258 magna
914 2217 1096 2258 pompa
1121 2211 1169 2247 et
1194 2211 1443 2258 apparatu
1479 2202 1553 2247 ita
1588 2218 1702 2247 eon-

66 2289 312 2337 struxere,
335 2285 391 2326 ut
409 2280 743 2326 roclzensz'bus
762 2279 1040 2324 antoniani
1056 2292 1158 2324 non
1178 2279 1489 2324 imtiderent.
1512 2278 1702 2324 Omnia

65 2358 273 2403 tandem
283 2357 442 2416 facta
464 2362 588 2403 sunt
621 2357 693 2402 ad
722 2356 975 2402 maiorem
1010 2356 1183 2401 diuini
1214 2356 1441 2401 nominis
1470 2356 1701 2412 gloriam

66 2439 112 2480 et
133 2435 356 2480 laudem.

121 2510 162 2556 7.
229 2511 324 2556 Die
348 2527 443 2568 quo
467 2526 558 2556 rex
582 2519 810 2556 mortuus
834 2519 924 2565 est,
953 2510 1083 2567 apud
1108 2526 1198 2556 nos
1217 2526 1388 2556 omnes
1408 2510 1586 2555 Patres
1605 2525 1698 2567 pro

66 2603 123 2634 eo
145 2589 418 2647 quinquies
441 2604 642 2634 sacrum
665 2588 895 2634 fecerunt
929 2587 954 2645 ³,
983 2592 1032 2633 et
1054 2593 1295 2645 cooperta
1328 2591 1451 2633 sunt
1483 2587 1696 2645 altaria,

110 2713 130 2733 a
178 2714 347 2752 Vtinam
366 2727 454 2751 nec.
508 2715 574 2742 —-b
596 2727 656 2751 eo.
712 2722 774 2742 ...c
796 2714 919 2751 Alter
938 2715 1061 2751 etiam
1080 2715 1191 2751 satis.
1246 2715 1311 2740 ——d
1336 2712 1693 2750 confirmarentur.

65 2779 82 2799 θ
123 2774 327 2811 doetrinae
348 2785 450 2818 ms.,·
465 2774 544 2812 sed
552 2774 716 2820 forsan
734 2786 773 2811 v.
797 2778 1039 2811 correctum
1059 2778 1122 2811 est
1138 2775 1229 2811 alsa
1251 2784 1404 2810 manu.
1457 2773 1533 2801 —1,
1557 2773 1699 2811 ‚chria-

64 2845 153 2869 nae.
174 2834 437 2880 expositione.
491 2842 556 2869 ——g
588 2846 775 2881 eamque.
830 2834 895 2861 —h
917 2846 967 2870 ex
984 2840 1121 2871 nostro
1137 2834 1332 2870 instituto.
1388 2832 1444 2860 —i
1486 2834 1553 2879 [et]
1574 2834 1700 2881 impo-

64 2891 182 2929 situm
203 2893 290 2938 [est]
312 2894 370 2930 eis
398 2899 440 2930 vt
466 2894 746 2941 vnusquisque
774 2893 990 2940 quinquies
1019 2894 1136 2930 huius
1164 2893 1223 2930 rei
1251 2893 1386 2940 gratia
1412 2906 1573 2931 sacrum
1593 2893 1697 2930 face-

64 2955 138 2987 ret.
158 2951 271 2989 Zvv.
293 2958 345 2994 et.
367 2959 428 2990 est
448 2955 495 2990 in
514 2953 668 2990 clzcwtcz
687 2964 774 2990 non
794 2957 1027 3000 apparent.

111 3061 121 3079 ¹
167 3059 346 3107 Joannes
363 3060 432 3106 ΙΙΙ,
453 3061 521 3108 qui
540 3061 646 3098 diem
666 3073 901 3108 supremum
921 3061 1077 3098 obierat
1096 3060 1160 3097 die
1182 3060 1222 3097 11
1239 3060 1363 3108 Junii.
