1950 3348
278 211 350 247 300
751 212 970 248 LITTERAE
997 212 1350 257 QUADRIMESrREs

232 306 341 350 dem
366 305 720 362 discipulorum
746 307 1028 364 complures
1054 307 1098 352 in
1124 307 1249 352 festo
1280 306 1576 352 uisitationis
1610 307 1859 363 Deipa'rae

230 382 467 439 Uirginis;
496 382 582 428 sed
606 383 825 428 nonnulli
850 399 1043 441 quoque
1069 383 1198 428 domi
1223 383 1269 427 in
1293 383 1477 428 sacello
1501 392 1689 429 nostro.

293 459 359 505 12.
428 459 621 505 Nouum
647 460 719 505 his
743 461 914 506 diebus
933 461 1063 506 nacti
1085 475 1252 505 sumus
1272 460 1539 515 consulem,
1562 460 1759 516 collegii
1778 476 1858 506 no-

230 536 318 581 stri
343 546 391 581 et
415 536 775 582 catholicorum
799 538 1015 582 omnium
1036 538 1301 582 fautorem.
1328 536 1578 582 Curamus
1597 537 1858 594 diligenter

230 621 282 658 ut
311 614 594 659 scholarum
621 614 831 659 aliarum
857 624 1082 660 rectores
1106 630 1194 659 nos
1219 622 1401 659 ament.
1431 613 1502 659 Illi
1528 614 1654 659 enim
1677 614 1716 659 si
1740 630 1857 659 non-

229 690 344 735 nihil
368 690 663 747 excitentur,
693 691 837 736 utiles
872 692 1100 737 Eclesiae
1135 700 1183 736 et
1216 690 1458 736 Societati
1492 706 1600 736 esse
1635 701 1854 748 possunt.

291 767 357 812 13.
427 768 580 812 Amat
618 783 707 812 nos
742 768 1008 824 collegium
1050 777 1337 813 montanum
1373 776 1547 825 totum,
1591 768 1856 813 laurentia-

230 860 344 889 num
376 844 483 889 fere
517 854 690 899 totum,
719 845 1056 891 uniuersitatis
1080 854 1248 890 rector
1272 847 1284 869 ¹
1310 845 1408 890 iam
1434 860 1524 889 nos
1548 846 1858 890 commenda-

228 936 282 965 re
307 921 489 978 incipit,
519 931 566 966 et
598 921 764 967 dicere
798 937 851 967 se
886 923 1091 968 multum
1124 922 1297 967 mirari
1332 922 1622 967 iesuitarum
1658 922 1858 979 diligen-

227 998 361 1054 tiam,
390 998 684 1043 modestiam
717 1008 766 1043 et
801 999 1145 1044 eruditionem.
1183 999 1376 1044 Fauent
1409 998 1487 1044 hic
1520 999 1661 1044 nobis
1694 1009 1741 1043 et
1775 999 1858 1044 ali—

227 1085 344 1133 quot
369 1076 761 1134 hypodidascali;
789 1086 838 1122 et
862 1077 1142 1133 discipulos,
1170 1077 1401 1122 absoluta
1426 1087 1673 1132 utcunque
1691 1091 1857 1133 gram-

227 1154 426 1209 matica,
455 1155 517 1198 ad
542 1169 630 1198 nos
654 1153 900 1199 deducere
924 1155 1159 1210 gaudent.
1189 1154 1349 1199 Fauet
1383 1153 1591 1210 denique
1615 1153 1857 1199 embrica-

227 1247 318 1276 nus
342 1233 356 1255 ²¹
397 1242 443 1276 et
475 1231 881 1276 monasteriensis
915 1240 1100 1286 rector,
1138 1246 1347 1287 quorum
1383 1231 1462 1276 ille
1496 1230 1654 1275 amice
1689 1231 1854 1276 admo-

229 1309 341 1353 dum
366 1308 656 1365 frequenter
679 1324 769 1353 nos
792 1309 992 1365 salutat,
1020 1308 1098 1354 hic
1122 1323 1245 1354 uero
1278 1323 1436 1364 nuper
1472 1307 1641 1353 literas
1675 1306 1860 1352 amoris

229 1395 366 1432 certe
391 1387 563 1443 plenas
587 1402 697 1431 cum
723 1385 897 1431 libellis
921 1385 1213 1442 quibusdam
1238 1385 1301 1430 ad
1327 1400 1416 1430 nos
1441 1384 1585 1430 misit.

291 1465 359 1510 14.
426 1464 637 1521 Agimus
663 1473 714 1509 ut
744 1464 874 1520 apud
908 1464 1097 1509 uicinos
1131 1463 1380 1520 principes
1414 1462 1641 1508 fautores
1675 1462 1861 1518 aliquot

230 1542 412 1587 habeat
436 1540 680 1586 Societas.
715 1540 861 1597 Apud
897 1540 1324 1596 archiepiscopum
1358 1549 1583 1585 nostrum
1617 1539 1860 1585 colonien-

229 1634 332 1664 sem
357 1620 388 1675 3,
435 1619 690 1663 doctorem
715 1618 1022 1663 Micandrum
1048 1618 1213 1673 habet,
1242 1617 1322 1674 qui
1347 1633 1443 1674 quo
1474 1617 1520 1662 in
1555 1615 1858 1662 Societatem

230 1696 395 1741 animo
421 1696 497 1752 sit,
526 1695 646 1740 satis
670 1702 687 1722 ³
713 1695 941 1740 ostendit.
969 1694 1146 1740 Libros
1172 1710 1293 1751 quos
1328 1694 1543 1740 habebat
1578 1695 1857 1740 haereticos

229 1774 371 1819 nobis
395 1773 756 1819 comburendos
780 1772 998 1818 tradidit:
1021 1772 1324 1818 Societatem
1349 1772 1592 1818 aduersus
1611 1773 1856 1818 obtrecta-

228 1862 365 1896 tores
398 1851 632 1896 defendit:
661 1865 788 1906 quae
822 1849 959 1896 Deus
994 1865 1081 1906 per
1117 1849 1419 1896 Societatem
1453 1858 1693 1906 operatur
1727 1865 1855 1895 com-

229 1929 471 1974 municari
495 1943 663 1974 secum
687 1936 910 1984 exoptat:
938 1925 1205 1972 Societatis
1240 1926 1577 1972 defensionem
1613 1926 1857 1972 conscribi

230 2007 378 2051 uellet
398 2005 720 2062 prolixiorem
740 2005 949 2061 epistola
969 2004 1031 2050 D.
1053 2003 1274 2049 Lucretii
1299 2005 1332 2049 ⁴¹:
1359 2019 1509 2061 seque
1536 2004 1580 2048 id
1605 2003 1852 2049 facturum

225 2083 481 2141 promittit,
508 2083 546 2128 si
569 2083 921 2139 occupationes
944 2081 1305 2138 permitterent.
1339 2081 1438 2127 Vir
1455 2097 1551 2127 non
1571 2090 1762 2126 tantum
1783 2089 1856 2127 est

228 2161 349 2207 iuris
372 2160 782 2215 consultissimus,
808 2160 891 2204 sed
919 2160 1067 2204 etiam
1102 2159 1401 2215 linguarum,
1439 2159 1778 2216 philosophiae
1812 2169 1859 2203 et

234 2238 617 2283 mathematicae
644 2237 982 2294 peritissimus.
1587 2247 1590 2250 ⁴

274 2422 291 2442 a
360 2415 454 2451 Hoc
471 2426 511 2451 v.
532 2415 708 2458 scripsit
727 2413 951 2449 Folancns
971 2417 1105 2458 snper
1127 2423 1252 2453 zvrs,
1282 2412 1435 2449 deletis
1462 2412 1634 2449 duobus
1652 2423 1718 2449 vv.
1749 2423 1860 2458 quae

229 2476 313 2521 legi
331 2486 416 2511 non
437 2477 631 2520 possunt.

278 2662 286 2680 ¹
340 2659 544 2696 Henricus
571 2672 594 2694 a
620 2657 836 2704 Tongeris,
870 2657 1025 2694 electus
1052 2662 1185 2694 rector
1212 2656 1490 2694 universitatis
1529 2657 1593 2694 die
1621 2657 1645 2694 9
1672 2655 1860 2694 Octobris

233 2719 334 2756 1556.
356 2719 546 2761 HANsEN,
568 2718 642 2754 loc.
664 2717 745 2762 eit„
766 2716 849 2753 275.

275 2780 288 2798 ²
340 2778 536 2815 Matthias
556 2776 836 2813 Bredenbaeh.
858 2776 1044 2816 HANSEN,
1067 2776 1141 2812 loc.
1160 2776 1241 2822 cit,
1262 2776 1333 2813 300

273 2839 285 2857 ³
343 2838 549 2874 Antonius
568 2837 617 2872 de
637 2835 951 2882 Schauenburg,
973 2836 1128 2872 electus
1147 2835 1473 2883 archiepiscopus
1492 2835 1747 2872 coloniensis.

273 2899 286 2917 ⁴
338 2898 401 2934 De
422 2898 496 2934 hac
528 2897 717 2942 epistola,
740 2908 815 2932 seu
834 2896 965 2943 potius
984 2895 1137 2939 libello,
1159 2895 1199 2932 in
1227 2895 1444 2933 Societatis
1471 2895 1856 2932 commendationem

227 2971 250 2994 a
264 2957 421 3003 joanne
441 2956 617 2992 Alberto
636 2955 963 2992 Widmanstadio
982 2954 1176 2992 Lucretio
1195 2955 1358 3002 scripta,
1382 2954 1473 2991 vide
1489 2967 1594 3002 quae
1610 2954 1768 2992 erudite
1784 2953 1856 2990 dis-

226 3016 353 3053 seruit
373 3015 732 3060 BRAUNSBERGER‚
754 3029 816 3062 op.
838 3015 919 3060 eit„
939 3014 991 3058 II,
1011 3013 1134 3051 30-32.
