1909 3328
677 151 896 190 LITTERAE
922 152 1278 198 QUADRIMESTRES
1680 151 1750 189 688

166 252 276 308 cim,
304 260 389 297 aut
424 251 504 296 vel
537 266 797 307 summum,
840 250 892 295 14
925 266 1188 307 annorum,
1226 249 1401 307 quibus
1436 249 1609 295 melius
1644 258 1717 295 est
1751 249 1798 294 in

167 328 406 374 eiusmodi
431 328 520 385 piis
546 328 693 374 rebus
718 344 865 385 quam
890 328 934 373 in
968 327 1076 373 aliis
1110 327 1356 385 aliquibus
1380 326 1654 384 occupari),
1682 325 1801 372 faci-

167 407 257 451 lius
281 405 571 451 conceditur
598 411 630 450 ἃ.
668 404 841 451 Solent
875 420 1087 461 namque
1121 420 1217 462 quo
1252 405 1405 450 semel
1438 413 1550 449 sunt
1583 404 1800 449 imbutae

165 494 392 529 recentes
415 492 575 529 testae
599 483 803 529 odorem
828 482 909 527 diu
933 497 1239 528 conseruare
1275 484 1306 539 ¹,
1346 490 1393 527 et
1428 481 1557 538 quod
1591 480 1801 538 primum

164 561 210 605 in
237 561 408 606 tabula
440 576 557 606 rasa
590 560 882 617 insculpitur
917 559 997 604 diu
1030 574 1343 616 permanere.
1381 558 1586 604 Maioris
1619 558 1801 603 aetatis

165 638 514 696 quamplurimi
538 638 616 684 hic
638 638 789 684 etiarn
821 638 1024 695 degunt,
1051 637 1166 683 boni
1191 652 1364 683 omnes
1398 645 1446 682 et
1479 635 1560 694 qui
1595 636 1802 681 multum

165 715 489 761 confessionis
513 724 562 762 et
584 715 920 762 eucharistiae
945 725 1265 761 sacramento
1290 715 1601 760 delectantur
1624 712 1660 759 b.

223 792 265 838 3.
333 791 675 839 Externorum
715 801 882 838 autem
917 801 1087 838 tantus
1121 800 1194 838 est
1228 806 1480 849 numerus,
1524 800 1577 836 vt
1615 791 1802 836 classes

166 870 393 927 quamvis
412 870 658 928 quaedam
678 870 1012 927 amplissimae
1029 879 1156 928 sunt,
1177 869 1269 915 illis
1286 868 1538 926 capiendis
1556 884 1652 913 non
1672 867 1802 914 suffi-

166 949 314 994 ciant.
338 947 416 994 Ex
441 965 537 1006 quo
562 949 689 995 enirn
708 949 802 994 huc
821 948 1218 1005 immigrauimus
1237 964 1267 994 a
1286 958 1493 1004 regente
1512 958 1682 993 nostro
1703 948 1717 971 ²
1737 946 1802 991 in-

166 1027 337 1084 scripti
361 1038 473 1073 sunt
496 1027 701 1073 circiter
723 1027 825 1085 360;
854 1027 901 1072 in
937 1027 1113 1084 quibus
1147 1026 1336 1073 nobiles
1370 1026 1508 1071 multi
1542 1036 1670 1082 sunt,
1704 1035 1805 1070 tum

165 1106 411 1163 germani,
439 1114 542 1151 tum
566 1105 702 1163 galli:
726 1114 774 1152 et
796 1105 1027 1163 germani
1051 1105 1245 1162 quidem
1270 1104 1487 1161 optimae
1510 1103 1613 1160 spei
1638 1103 1803 1149 adole-

166 1191 377 1239 scentes3
406 1182 533 1229 inter
551 1184 714 1240 gallos
734 1199 857 1228 vero
877 1192 990 1229 sunt
1009 1183 1122 1239 duo,
1147 1198 1269 1240 quos
1289 1198 1318 1228 a
1338 1182 1400 1227 D.
1423 1181 1650 1227 Pictauia
1670 1181 1702 1238 ³,
1726 1196 1802 1226 ar-

167 1260 456 1306 chidiacono
481 1260 734 1318 leodiensi,
761 1276 918 1318 nuper
942 1260 1238 1317 recepimus,
1265 1261 1394 1306 alter
1416 1259 1543 1305 filius
1562 1268 1637 1305 est
1655 1258 1803 1304 domi-

167 1337 212 1382 ni
237 1337 297 1383 de
321 1337 497 1396 Bossu,
525 1339 652 1384 alter
675 1353 829 1396 nepos
847 1338 1029 1384 domini
1055 1338 1326 1396 Pictauiae3
1356 1346 1565 1395 vterque
1585 1352 1648 1383 ex
1670 1336 1805 1382 nobi-

166 1415 353 1461 lissima
382 1416 632 1473 prosapia.
671 1416 1025 1473 Preceptorem
1050 1416 1234 1462 habent
1258 1415 1421 1461 virum
1445 1416 1626 1461 bonum
1650 1423 1698 1459 et
1722 1414 1803 1459 do-

167 1503 302 1539 ctum
337 1494 415 1539 cui
450 1510 645 1540 summa
679 1494 945 1540 delectatio
980 1502 1055 1540 est
1088 1493 1346 1539 nobiscum
1382 1492 1594 1549 versari,
1635 1504 1686 1537 vt
1719 1490 1806 1536 vix

168 1571 322 1628 possit
346 1587 410 1616 ex
432 1572 646 1629 collegio
670 1580 844 1618 nostro
869 1571 1034 1617 auelli.
1061 1571 1292 1628 Vterque
1312 1586 1436 1628 puer
1454 1569 1713 1616 confessus
1732 1577 1807 1614 est

168 1648 215 1693 in
239 1648 461 1705 profesto
486 1658 801 1706 pentecostes
826 1665 924 1695 vna
949 1665 1058 1695 curn
1083 1664 1172 1694 suo
1196 1648 1496 1706 paedagogo
1526 1656 1576 1693 et
1598 1646 1803 1701 famulo,

168 1725 587 1783 quemadmodum
621 1727 772 1773 etiarn
807 1742 975 1773 omnes
1009 1742 1165 1784 prope
1199 1726 1356 1772 nostri
1380 1725 1584 1772 studiosi
1608 1731 1645 1770 ⁶.
1679 1723 1807 1770 Tres

168 1803 297 1849 enim
323 1813 468 1850 erant
492 1819 555 1850 ex
577 1805 763 1850 nostris
782 1804 1073 1850 sacerdotes
1093 1803 1173 1861 qui
1192 1812 1296 1849 toto
1316 1803 1393 1849 die
1414 1802 1610 1849 veneris
1629 1810 1676 1847 et
1695 1801 1806 1847 sab-

170 1881 271 1927 bati
305 1881 353 1927 in
392 1881 788 1928 confessionibus
826 1882 1073 1928 iuniorum
1113 1880 1370 1927 audiendis
1404 1879 1797 1936 occupabantur.

169 1957 443 2016 Speramus
467 1959 673 2006 multum
697 1959 892 2006 fructus
917 1975 980 2005 ex
1004 1959 1097 2005 hoc
1120 1958 1335 2016 collegio
1360 1966 1736 2015 prouenturum,
1763 1955 1803 2002 si

170 2037 315 2082 modo
339 2052 429 2082 nos
454 2053 659 2094 operam
684 2037 1008 2083 adhibeamus
1034 2050 1087 2082 vt
1118 2037 1286 2083 verbis
1319 2045 1368 2082 et
1401 2035 1640 2092 exemplis
1673 2049 1805 2079 com-

170 2113 372 2160 missam
395 2115 538 2160 nobis
563 2116 742 2172 pubem
767 2114 1098 2160 instituamus.

227 2192 269 2237 4.
333 2191 538 2249 Fragor
561 2192 775 2250 optimus
799 2192 863 2238 ad
886 2191 1346 2238 circumiacentium
1371 2190 1630 2236 ciuitatum
1663 2188 1803 2234 scho-

170 2270 243 2315 las
267 2269 477 2316 diffusus
501 2279 591 2327 est,
620 2279 674 2316 vt
696 2270 795 2316 iarn
829 2269 969 2315 nobis
1002 2270 1275 2315 habeamus
1310 2269 1540 2314 fauentes
1574 2266 1806 2324 plurimo-

218 2483 235 2502 2
281 2475 366 2513 Hic
385 2476 504 2512 locus
524 2478 756 2521 corruptus
776 2475 897 2511 estin
914 2475 1110 2520 exemplo
1131 2474 1380 2511 coloniensi.
1441 2472 1503 2500 —b
1542 2472 1673 2509 Deest
1687 2473 1733 2508 in
1749 2470 1802 2508 H.

173 2542 291 2578 locus
310 2552 337 2578 a
356 2552 424 2578 vv.
443 2540 612 2577 Maioris
632 2539 792 2577 aetatis.
848 2546 908 2566 „c
956 2539 1097 2576 Locus
1127 2549 1153 2575 a
1184 2550 1223 2575 v.
1259 2540 1438 2585 Vterque
1471 2548 1558 2575 non
1590 2538 1717 2573 estin
1748 2535 1800 2573 H.

223 2734 232 2752 ¹
286 2731 350 2770 Cf.
371 2732 553 2776 HoRAT.‚
575 2731 592 2768 I
612 2731 741 2778 Epist.
762 2731 797 2776 2,
818 2730 877 2768 69.

221 2791 234 2810 ²
284 2791 329 2828 P.
347 2791 526 2839 Joannes
544 2791 733 2827 Rethius.

220 2851 233 2870 ³
284 2850 517 2888 Gulielmus
535 2852 584 2888 de
603 2851 787 2888 Pictavia
806 2850 1024 2895 (Poitiers).
1052 2849 1107 2885 Hi
1131 2849 1413 2885 adolescentes
1442 2848 1692 2884 vocabantur
1718 2846 1802 2883 An·
1858 2840 1863 2844 ⁵

173 2911 307 2947 tonius
326 2924 349 2947 a
367 2910 497 2948 Bossu
517 2916 556 2948 et
574 2910 826 2947 Wilhelmus
845 2923 868 2946 a
887 2909 1070 2954 Vadaus,
1093 2909 1195 2945 alias
1213 2908 1262 2946 de
1288 2908 1485 2945 Pictavia.
1514 2906 1582 2944 Cf.
1615 2907 1803 2949 HANSEN,

175 2971 250 3007 loc.
273 2970 354 3016 cit„
375 2970 456 3014 306,
479 2976 614 3008 annot.
637 2971 671 3007 4.
