1909 3328
242 220 309 256 770
730 217 947 253 LITTERAE
975 216 1227 261 QUADRIMES
1237 227 1332 253 raes

957 441 1059 492 187

639 562 692 607 Ρ.
730 561 1042 622 JOANNES
1082 560 1381 607 RETHIUS

691 667 870 694 COLONIA
897 656 939 693 31
970 666 1151 692 AUGUSTI
1180 655 1271 692 1558
1299 657 1322 692 ¹.

193 744 223 778 1.
248 741 313 778 De
332 741 694 777 sclzolasticorzmz
715 743 752 776 et
762 739 968 786 fratmmz
974 738 1230 785 frequentia
1251 742 1291 775 et
1309 740 1489 784 optimis
1511 739 1720 776 moribus.
1742 739 1829 776 Ali-

261 801 338 846 qui
355 810 506 836 eornm
525 800 571 835 in
591 798 849 836 Societatem
869 798 1045 844 ingredi
1058 799 1255 844 cupiunt.
1278 797 1344 835 Ex
1360 799 1611 845 longinquis
1625 799 1754 835 terris
1769 798 1830 835 ad

262 859 504 895 coloniense
535 859 765 904 collegium
798 856 1143 894 nocumenta—2.
1188 857 1253 894 De
1294 859 1645 895 contionatormn
1677 858 1827 904 inopia

260 928 397 965 quam
413 920 588 964 patitur
606 917 949 955 Germanz‘a.——3.
970 917 1036 954 De
1054 917 1165 953 bona
1185 922 1261 963 spe
1288 918 1458 963 collegii
1482 917 1767 954 sustentandi
1783 920 1829 953 in

252 978 480 1024 fntzmmz.
504 977 571 1014 De
588 981 769 1014 senatus
789 981 828 1014 et
846 979 951 1014 novi
967 977 1287 1024 archiepiscopi
1304 978 1615 1014 benevolentia.

259 1069 298 1114 1.
365 1072 393 1120 †
437 1065 563 1113 IHS.
606 1067 714 1112 Pax
754 1066 956 1122 Christi,
1000 1078 1092 1112 etc.
1144 1066 1245 1124 [Ex
1286 1067 1575 1112 obedientia
1618 1066 1829 1124 scribit]

192 1145 427 1191 Scholam
469 1144 827 1201 propemodum
866 1145 1061 1200 plenam
1103 1144 1366 1201 discipulis,
1409 1144 1606 1189 domum
1645 1153 1829 1189 utram·

192 1239 286 1280 que
322 1222 563 1268 refertam
599 1221 989 1279 conuictoribus‚
1026 1221 1241 1267 fratrum
1277 1221 1471 1279 copiam
1512 1236 1829 1267 numerosam

193 1315 608 1356 commemorare,
635 1314 1067 1356 superuacaneum
1092 1299 1235 1345 duco.
1258 1298 1445 1345 Omnes
1464 1299 1511 1344 in
1531 1299 1702 1344 studiis
1722 1313 1830 1344 esse

194 1379 473 1434 diligentes,
501 1377 547 1422 in
572 1376 869 1433 quotidianis
893 1377 1049 1422 sacris
1073 1391 1182 1422 esse
1207 1376 1414 1422 deuotos
1439 1385 1487 1422 et
1517 1376 1697 1434 ubique
1732 1391 1829 1421 mo·

193 1457 378 1511 destos,
405 1454 602 1511 saepius
626 1454 865 1511 scriptum
891 1469 999 1499 esse
1024 1464 1158 1510 puto,
1187 1470 1335 1511 quam
1369 1463 1421 1499 ut
1444 1469 1574 1499 nunc
1608 1464 1829 1511 repeten-

193 1534 308 1579 dum
333 1533 409 1578 sit.
437 1532 620 1577 Multos
644 1542 825 1577 octauo
850 1531 943 1588 die,
970 1531 1207 1588 plurimos
1241 1531 1624 1588 decimoquinto,
1661 1546 1831 1576 omnes

194 1626 318 1668 pene
342 1610 630 1666 frequenter
654 1618 866 1666 peccata
890 1608 1129 1666 confiteri,
1157 1619 1203 1654 et
1228 1624 1324 1665 quo
1354 1609 1400 1654 in
1425 1608 1580 1654 literis
1613 1617 1661 1653 et
1685 1607 1830 1653 mori-

195 1689 286 1734 bus
310 1687 472 1744 magis
496 1686 773 1744 proficiant,
800 1685 1165 1731 sanctissimum
1191 1686 1418 1744 corporis
1453 1684 1727 1731 CHRISTI
1756 1700 1830 1730 sa-

194 1773 504 1810 cramentum
526 1763 671 1808 auide
692 1771 741 1809 et
759 1762 992 1819 religiose
1013 1763 1279 1819 suscipere,
1297 1772 1466 1808 notum
1483 1778 1676 1819 quoque
1695 1762 1752 1806 T.
1776 1761 1830 1806 R.

188 1841 414 1887 arbitror
438 1856 501 1886 ex
525 1840 595 1886 eis
614 1855 738 1896 quas
758 1838 1047 1896 frequenter
1066 1840 1236 1885 literas
1254 1840 1490 1885 misimus.
1513 1839 1684 1896 Quare
1703 1854 1831 1884 nunc

194 1917 310 1963 illud
334 1917 528 1963 silentio
552 1917 768 1965 inuoluo.
795 1917 889 1962 hoc
912 1916 1107 1961 interim
1131 1916 1327 1962 minime
1356 1916 1597 1962 silendum
1633 1925 1828 1973 putans,

195 1994 325 2052 quod
364 1993 503 2040 breui
547 1993 735 2050 aliquot
774 1993 969 2050 egregii
1014 1994 1358 2039 adolescentes
1397 1993 1461 2038 ad
1499 1992 1739 2039 Societati
1778 2008 1832 2038 se

190 2071 538 2129 adiungendos
562 2071 778 2116 animum
803 2070 988 2116 habere
1013 2079 1301 2128 coeperunt,
1328 2086 1538 2128 quorum
1561 2086 1687 2116 unus
1706 2070 1832 2116 adeo

192 2149 410 2206 ingenio,
438 2148 694 2206 diligentia
728 2158 777 2194 et
810 2148 1085 2194 eruditione
1120 2148 1336 2205 excellit,
1373 2157 1426 2193 ut
1459 2163 1581 2204 pene
1616 2147 1831 2193 omnium

195 2226 374 2272 iudicio
398 2226 654 2271 rhetorum
683 2225 872 2282 primus
907 2224 1168 2270 iudicetur.
1207 2225 1414 2282 Augeat
1448 2225 1587 2274 Deus
1621 2225 1752 2281 quod
1784 2224 1830 2269 in

195 2304 301 2360 ipso
326 2303 505 2360 coepit,
532 2312 581 2348 et
604 2302 686 2348 det
709 2302 970 2360 operarios
994 2302 1187 2358 uineae,
1215 2318 1426 2359 quorum
1451 2302 1616 2359 inopia
1635 2302 1830 2347 labora-

194 2396 320 2426 muS.
348 2380 565 2426 Dubium
589 2395 685 2425 non
709 2388 785 2425 est
808 2380 920 2436 quin
945 2380 1088 2436 plura
1112 2380 1158 2425 in
1182 2379 1380 2437 scholis,
1406 2379 1551 2436 plura
1575 2379 1621 2424 in
1640 2378 1832 2435 templis

197 2459 342 2514 plura
376 2457 422 2502 in
456 2465 562 2502 tota
596 2456 852 2513 republica
885 2455 1078 2513 fierent)
1115 2457 1284 2513 plures
1322 2456 1361 2501 si
1400 2464 1565 2502 essent
1598 2456 1828 2511 lectores,

191 2534 580 2580 >concionatores
604 2542 753 2590 atque
778 2532 1088 2579 confessarii.
1121 2533 1304 2578 Procul
1337 2533 1466 2578 enim
1500 2541 1548 2578 et
1583 2548 1609 2578 e
1642 2531 1830 2589 longin-

197 2611 303 2668 quis
326 2611 474 2656 terris
496 2611 592 2656 huc
616 2610 884 2667 confluunt,
912 2619 1080 2667 utpote
1105 2625 1168 2655 ex
1191 2609 1440 2667 Heluetia,
1477 2608 1680 2667 Sueuia,
1717 2609 1830 2654 Ael-

197 2687 343 2743 satia‚
380 2686 682 2743 Franconia,
719 2685 982 2743 Turingia.
1019 2685 1198 2731 Hessia
1232 2695 1280 2732 et
1314 2686 1614 2743 Argentina,
1650 2694 1703 2731 ut
1737 2685 1832 2741 epi-

197 2773 452 2821 scopatus,
478 2763 676 2809 scholas
698 2772 747 2809 et
770 2764 881 2809 loca
905 2763 1146 2809 uiciniora
1170 2778 1267 2809 non
1290 2778 1598 2809 recenseam.
1621 2761 1687 2808 Et
1703 2762 1832 2808 inter

249 2908 256 2925 ¹
309 2904 372 2942 Ex
389 2905 643 2952 autographo
663 2904 703 2941 in
722 2904 858 2941 codice
892 2904 1033 2942 Germ.
1056 2903 1150 2946 139,
1182 2904 1205 2941 3
1223 2903 1282 2950 ff„
1304 2917 1371 2942 nn.
1390 2903 1490 2949 8-10;
1523 2904 1634 2951 prius
1651 2902 1824 2940 538-541.

199 2963 299 3012 Ejus
316 2965 581 3001 summarium
599 2964 708 3001 dedit
727 2963 916 3009 HANSEN,
937 2963 1203 3001 Rheinische
1221 2963 1421 3009 Aleten...,
1442 2963 1509 2999 311
1531 2975 1581 3000 ex
1598 2962 1833 3010 apographo

194 3022 432 3061 coloniensi.
