1900 3380
1616 264 1666 273 —-r.

478 266 763 302 isa—PRAGA
792 276 926 301 MENSE
955 265 1159 302 AUGUsTo
1187 265 1233 310 (ἓ)
1264 265 1354 301 1558
1621 266 1684 300 2³53

143 361 187 407 4.
254 359 446 405 Doctor
472 360 718 406 Henricus
742 361 788 405 in
814 360 1137 406 concionibus
1160 360 1294 406 arcis
1314 370 1627 417 perseuerat,
1651 361 1730 405 cui

86 437 319 483 adiuncta
352 452 546 494 quoque
580 437 726 483 lectio
766 437 1088 483 cathechismi
1122 446 1233 494 post
1267 436 1585 494 vespertinas
1620 453 1728 493 pre-

89 530 188 571 ces,
216 523 427 571 urgente
451 529 511 559 ac
535 514 734 571 saepius
758 514 974 560 instante
998 515 1060 560 D.
1088 515 1341 572 preposito
1365 521 1398 561 ³.

144 592 186 637 5.
255 591 440 637 Frater
474 592 631 638 nostri
670 592 1000 649 Balthasaris,
1043 593 1224 649 partim
1263 602 1316 638 ut
1354 593 1567 638 fratrem
1608 592 1728 638 inui-

86 679 238 727 seret,
266 670 446 726 partim
471 679 524 715 ut
548 670 608 715 de
633 670 874 727 religione
899 669 1040 716 fieret
1063 670 1268 727 certior,
1296 671 1359 716 ad
1384 686 1474 715 nos
1508 669 1724 715 diuertit.

83 746 213 792 Nam
238 757 381 803 pater
406 747 486 803 qui
510 763 707 804 semper
731 747 974 793 hactenus
997 748 1088 793 sub
1112 748 1276 793 altera
1308 748 1474 804 specie
1498 746 1636 804 uixit,
1665 747 1728 793 ad

82 834 345 881 utramque
380 824 478 870 iam
514 825 709 870 demum
744 826 1033 880 translatUS,
1070 840 1257 882 cogere
1293 841 1488 882 quoque
1525 824 1543 852 ¹³
1578 824 1728 870 filium

84 917 224 947 suum
260 902 387 946 uelle
424 901 705 959 uidebatur;
732 902 1007 958 parochum
1042 911 1211 947 tenent
1246 902 1325 959 qui
1360 912 1408 948 et
1443 902 1644 948 hussitis
1678 912 1728 948 et

83 978 342 1024 catholicis
367 979 556 1035 pariter
592 979 637 1023 in
674 979 999 1024 ministrando
1035 988 1354 1025 sacramento
1379 978 1603 1025 inseruit.
1632 979 1727 1025 Hic

82 1071 207 1113 ergo
231 1071 342 1101 cum
366 1055 583 1101 animum
607 1071 818 1112 pronum
853 1056 916 1101 ad
950 1054 1256 1102 Societatem
1292 1056 1519 1112 haberet,
1548 1057 1726 1102 missus

81 1144 154 1179 est
177 1133 430 1179 Viennam
463 1133 525 1178 ad
561 1133 621 1178 R.
650 1133 702 1178 P.
735 1133 1032 1179 Victoriam.
1061 1133 1137 1178 De
1162 1132 1272 1178 fidei
1308 1133 1621 1178 nihilominus
1647 1150 1726 1179 ue-

83 1210 230 1257 ritate
254 1226 402 1267 quam
436 1210 598 1255 infans
632 1210 915 1267 imbiberat,
941 1219 1123 1255 nutare
1157 1226 1210 1255 se
1245 1210 1457 1266 amplius
1482 1212 1721 1268 negabat.

139 1288 182 1335 6.
251 1287 608 1334 Confessiones
637 1288 823 1344 aliquot
857 1297 1143 1334 nostrorum
1180 1288 1598 1334 scholasticorum
1625 1289 1726 1334 fue-

82 1374 197 1412 runt
221 1375 270 1411 et
294 1366 681 1412 communiones.

172 1443 416 1489 Catholici
442 1443 660 1488 nonnulli
685 1459 745 1489 ex
772 1443 1004 1488 hereticis
1034 1442 1208 1488 fierent
1233 1443 1308 1501 [si]
1337 1451 1352 1471 ‘³
1380 1455 1643 1501 parentum
1669 1446 1720 1490 ti-

81 1536 270 1567 morem
305 1520 419 1577 Xpi.
457 1530 504 1566 et
538 1520 771 1577 propriae
804 1520 980 1566 salutis
1014 1520 1240 1566 uinceret
1274 1536 1433 1567 amor.
1462 1521 1608 1566 Vnus
1644 1537 1726 1567 ca-

85 1598 296 1644 tholicus
321 1609 394 1643 est
419 1597 598 1643 factus.

172 1675 535 1722 Commensalis
569 1676 719 1722 etiam
753 1686 924 1722 noster
958 1675 1298 1733 Hieronymus
1322 1692 1419 1722 non
1445 1677 1592 1722 modo
1617 1694 1725 1735 per-

82 1753 227 1800 fidiae
267 1754 398 1810 rupit
438 1755 660 1811 laqueos,
703 1754 788 1799 sed
834 1763 882 1799 et
926 1753 1169 1800 Societati
1209 1754 1462 1800 desiderat
1501 1755 1721 1813 adiungi.

80 1831 285 1889 Augeat
308 1841 357 1877 et
381 1831 609 1888 perficiat
634 1832 761 1877 idem
786 1832 865 1889 qui
891 1832 1073 1889 coepit.
1102 1832 1234 1877 Puer
1259 1843 1332 1877 est
1357 1848 1454 1877 non
1482 1832 1722 1879 infoelicis

10 1919 12 1921 ’
78 1910 265 1967 ingenii
290 1920 338 1956 et
363 1911 579 1967 optimae
603 1910 723 1966 spei.

168 1988 391 2033 Medicus
417 1988 698 2033 archiducis
732 1987 1000 2033 Mathiolus
1025 2003 1216 2033 summe
1241 2003 1368 2044 erga
1393 2003 1482 2033 nos
1507 1987 1724 2034 affectus

70 2080 278 2111 omnem
302 2080 443 2110 suam
467 2065 609 2110 nobis
633 2065 794 2122 gratis
818 2074 1047 2122 praestat
1072 2080 1298 2122 operam.

171 2141 450 2200 Episcopus
476 2142 755 2187 viennensis
781 2143 793 2167 ¹
819 2151 975 2188 totum
1011 2157 1065 2187 se
1098 2142 1241 2187 nobis
1265 2141 1443 2187 obtulit
1467 2142 1531 2187 ad
1556 2143 1723 2187 omnia

79 2228 326 2276 paratum.
367 2220 636 2266 Pecuniam
675 2235 822 2277 quam
862 2220 1078 2277 collegio
1119 2229 1290 2266 mutuo
1330 2219 1554 2276 dederat,
1594 2220 1723 2266 ultro

80 2297 282 2344 remisit.
307 2296 525 2344 Gratum
559 2297 651 2344 fuit
673 2297 718 2343 ei
740 2307 966 2344 nostrum
1001 2297 1235 2355 studium,
1262 2312 1360 2354 quo
1383 2297 1458 2343 sui
1482 2313 1512 2343 a
1537 2298 1721 2344 nostris

81 2374 393 2421 iuuarentur.

168 2451 407 2510 Princeps
443 2453 458 2477 ²
493 2452 552 2498 de
586 2451 732 2498 solita
771 2468 862 2499 sua
896 2453 943 2498 in
978 2468 1068 2499 nos
1102 2452 1452 2498 beneuolentia
1486 2452 1603 2498 nihil
1637 2452 1722 2498 im-

81 2539 255 2576 mutat.

137 2608 180 2653 7.
247 2607 372 2654 Illud
396 2608 760 2665 praeterieram
796 2610 926 2666 quod
957 2625 1052 2655 non
1085 2608 1307 2666 oportuit
1331 2608 1376 2653 in
1402 2608 1495 2654 hac
1519 2608 1722 2666 spinosa

77 2683 265 2730 inculta
290 2686 512 2743 regione.
542 2684 770 2731 Infirmus
793 2686 1008 2743 quidam,
1036 2685 1116 2744 qui
1140 2685 1277 2731 solus
1301 2684 1431 2730 domi
1462 2700 1583 2731 suae
1609 2695 1721 2732 erat

126 2834 144 2855 a
212 2828 440 2875 prepositus
456 2838 538 2864 ms.
592 2827 659 2855 -b
702 2828 852 2875 quique
868 2839 949 2865 ms.
1004 2834 1068 2855 —0
1110 2827 1234 2864 Haec
1247 2827 1490 2873 particula,
1506 2838 1620 2874 quae
1633 2838 1723 2866 non

64 2891 144 2924 vest
163 2889 209 2924 in
228 2898 326 2930 ms„
348 2887 599 2924 necessaria
617 2887 809 2925 videtur.

127 3019 137 3039 ¹
189 3018 398 3056 Antonius
414 3017 520 3056 Brus
534 3018 583 3055 de
603 3018 795 3065 Muglitz.

129 3078 142 3098 ²
193 3078 495 3125 Ferdinandus,
516 3077 775 3126 imperatoris
793 3077 917 3115 filius.
