1909 3328
236 228 303 265 736
700 227 919 264 LITTERAE
946 226 1300 273 QUADRIMESTRES

192 338 357 394 magni
382 338 630 382 clamores
654 338 938 383 excitantur
962 338 1025 384 ab
1050 338 1121 394 iis,
1151 354 1258 384 cum
1291 339 1464 395 quibus
1488 338 1627 384 nobis
1660 339 1719 384 de
1743 354 1818 384 ra-

190 416 321 460 tione
346 414 618 459 studiorum
653 430 1014 471 saepenumero
1050 426 1429 461 controuersum
1465 415 1643 460 fuerat.
1679 415 1818 461 Obsi-

190 494 362 537 stimus
387 500 550 536 tamen
575 491 797 537 ferendo
825 492 1142 549 Quamquam
1162 493 1499 550 superioribus
1519 493 1691 538 diebus
1710 509 1818 538 cum

191 586 337 614 aures
361 569 480 614 ill.mi
506 570 862 626 gubernatoris
888 573 897 595 ¹
942 571 1152 616 assiduis
1188 572 1473 617 rumoribus
1506 580 1817 626 onerassent,

188 648 362 702 illeque
387 646 582 702 negocii
606 663 850 692 summam
877 648 1137 694 reuerendi
1162 649 1377 705 episcopi
1414 649 1602 694 vicario
1627 650 1642 672 ‘2
1667 648 1813 694 comi-

186 725 345 780 sisset,
374 740 432 769 eo
459 725 665 770 redacta
691 741 771 771 res
796 735 885 783 est,
913 741 1117 771 necesse
1142 726 1282 772 nobis
1307 737 1358 771 ut
1381 726 1530 771 fuerit
1554 727 1818 783 discipulos

188 811 384 847 nostros
409 802 471 847 ad
497 819 606 848 eum
638 803 901 859 deducere,
936 819 1032 860 quo
1065 804 1378 860 experiretur
1413 815 1649 861 quantum
1682 804 1729 849 in
1765 821 1820 850 re

188 879 409 924 literaria
433 880 778 936 profecissent.
805 880 906 925 Res
933 896 1054 926 uero
1080 880 1324 926 foeliciter
1344 881 1509 938 cessit,
1532 897 1645 926 nam
1666 881 1816 927 abun—

187 957 245 1002 de
270 966 317 1002 et
345 957 533 1002 vicario
558 958 648 1014 ipsi
673 967 722 1003 et
747 958 801 1003 iis
820 958 900 1014 qui
925 959 1151 1015 aderant,
1175 959 1480 1004 satisfecere.
1504 958 1728 1004 Tandem
1746 974 1817 1004 se-

188 1036 305 1080 data
329 1044 600 1091 tempestas
635 1035 741 1092 fuit,
778 1036 864 1080 sed
888 1035 1068 1081 cotidie
1093 1037 1345 1092 procellae
1369 1035 1643 1081 huiusmodi
1668 1045 1817 1092 atque

186 1112 408 1158 turbines
431 1113 674 1158 oriuntur.
703 1113 849 1169 Quod
874 1113 986 1158 dum
1012 1115 1074 1159 ad
1099 1129 1174 1159 me
1195 1113 1377 1171 refero,
1400 1114 1527 1159 duco
1546 1129 1654 1159 esse
1674 1130 1816 1170 peru-

188 1191 269 1236 tile
294 1207 352 1236 ne
378 1206 593 1248 unquam
617 1191 931 1248 negligentes
956 1206 1016 1236 ac
1041 1191 1263 1236 dissoluti
1287 1207 1396 1236 esse
1420 1191 1680 1247 possimus
1708 1190 1816 1236 Hoc

188 1284 310 1313 uero
345 1284 450 1324 nos,
487 1267 604 1313 lorti
630 1278 682 1313 ut
706 1268 858 1313 simus
890 1268 1053 1312 animo
1090 1268 1402 1324 adhortatur,
1431 1268 1561 1324 quod
1597 1267 1713 1313 nihil
1738 1284 1818 1313 un—

189 1361 334 1402 quam
357 1345 596 1391 Societati
627 1345 735 1391 Iesu
770 1355 872 1390 tam
907 1361 1066 1403 graue
1098 1346 1370 1402 periculum
1404 1345 1668 1402 portendit,
1705 1346 1817 1403 quin

187 1439 380 1479 semper
400 1439 644 1469 summam
668 1423 714 1467 in
741 1423 935 1468 laudem
966 1434 1011 1468 et
1036 1423 1441 1479 tranquillitatem
1477 1432 1816 1468 conuertatur.

243 1501 286 1546 5.
356 1500 433 1546 Ex
456 1500 705 1558 discipulis
730 1516 868 1557 uero,
896 1501 986 1545 etsi
1013 1501 1147 1546 multi
1170 1511 1283 1546 sunt
1303 1501 1383 1557 qui
1402 1499 1668 1546 Societatis
1689 1500 1819 1545 insti-

186 1589 345 1624 tutum
390 1580 616 1636 probent,
663 1588 812 1636 atque
857 1578 985 1624 trahi
1035 1578 1286 1636 religionis
1329 1578 1491 1623 studio
1535 1578 1816 1631 uideantur,

188 1672 311 1701 vnus
337 1665 502 1701 tamen
527 1656 787 1701 dumtaxat
811 1656 1056 1701 admissus
1075 1665 1164 1711 est,
1187 1671 1332 1712 quem
1352 1671 1414 1700 ex
1433 1664 1517 1700 tuo
1537 1656 1672 1701 iussu
1692 1655 1818 1700 Lau-

190 1743 349 1779 retum
375 1733 612 1790 misimus,
645 1733 1013 1778 adolescentem
1049 1734 1208 1778 bonae
1242 1733 1416 1778 indolis
1450 1743 1496 1779 et
1529 1733 1649 1789 spei,
1685 1732 1731 1777 in
1767 1748 1820 1777 re

186 1821 353 1856 autem
377 1811 602 1857 literaria
625 1817 641 1837 ³
670 1810 986 1856 mediocriter
1017 1822 1286 1856 uersatum.
1313 1810 1367 1854 Id
1391 1825 1420 1855 a
1440 1811 1580 1855 nobis
1598 1810 1702 1855 eius
1720 1809 1817 1854 fra-

187 1899 263 1934 ter
288 1889 450 1934 multis
476 1904 588 1934 cum
612 1888 880 1945 lachrymis
899 1887 1164 1943 contendit,
1193 1888 1322 1945 quod
1346 1888 1561 1933 fortasse
1585 1887 1818 1933 obtinuis-

186 1976 276 2022 set,
303 1966 393 2011 nisi
424 1966 697 2011 tenerrima
733 1965 751 1992 h
775 1974 941 2011 aetate
975 1965 1209 2021 (nondum
1244 1965 1372 2010 enim
1407 1965 1650 2010 decimum
1685 1965 1816 2022 quin-

185 2053 287 2089 tum
312 2059 493 2089 annum
516 2043 700 2100 attigit)
725 2042 1064 2100 impediretur.
1093 2040 1192 2088 Sed
1217 2042 1276 2087 de
1300 2043 1393 2088 hoc
1417 2042 1542 2088 alias
1566 2042 1724 2099 plura.

244 2122 286 2166 7.
355 2121 434 2166 Ex
457 2120 633 2166 officiis
657 2136 779 2166 uero
805 2120 1063 2165 charitatis
1087 2135 1146 2165 ac
1172 2135 1340 2165 rerum
1364 2119 1644 2165 diuinarum
1664 2119 1812 2164 admi-

186 2199 493 2257 nistratione,
536 2215 770 2256 magnum
807 2198 1031 2244 omnibus
1065 2198 1382 2255 praesidium,
1421 2197 1499 2254 qui
1534 2206 1817 2242 nostrorum

186 2293 340 2334 opera
363 2277 433 2323 uti
464 2278 649 2333 uolunt,
677 2286 825 2334 atque
858 2275 1044 2322 utilitas
1078 2285 1357 2332 promanat.
1397 2275 1629 2321 Vaca-tur
1661 2276 1818 2322 sacris

186 2355 505 2401 concionibus
538 2354 785 2411 frequenti
818 2353 1084 2399 admodum
1119 2368 1325 2409 corona,
1361 2352 1446 2398 sed
1482 2353 1648 2408 plures
1681 2361 1818 2398 certe

187 2433 394 2489 coirent,
421 2432 511 2478 nisi
536 2443 582 2478 et
607 2430 849 2489 angustiis
873 2430 1039 2487 templi
1065 2441 1110 2476 et
1134 2431 1229 2476 loci
1249 2430 1602 2475 incomoditate
1620 2430 1817 2486 impedi-

234 2631 250 2651 ἃ
294 2624 503 2661 Ρναεεεθί.
525 2636 563 2661 v.
585 2624 691 2661 add.
715 2628 853 2670 supra
871 2633 981 2660 vers.
1036 2622 1100 2650 —b
1134 2622 1343 2660 Praeced.
1366 2634 1404 2660 v.
1426 2622 1531 2659 add.
1552 2627 1691 2668 supra
1705 2632 1814 2659 vers.

188 2684 293 2721 Post
309 2696 348 2721 v.
370 2690 506 2721 aetate
533 2674 779 2731 seqimntur
795 2684 883 2720 dno
901 2694 969 2720 vv.
991 2682 1146 2728 deleta,
1168 2693 1280 2729 quae
1299 2683 1436 2729 legere
1455 2684 1702 2729 nequinms.

236 2872 244 2890 ¹
298 2870 405 2907 Vide
424 2883 517 2918 pag.
538 2870 620 2915 477,
643 2874 779 2907 annot.
803 2870 835 2906 1.

233 2930 247 2950 ²
296 2929 641 2966 Praecedentibus
660 2929 776 2966 annis
795 2934 884 2966 erat
902 2928 1078 2966 vicarius
1102 2926 1283 2975 episcopi
1303 2927 1470 2964 Marcus
1489 2926 1695 2963 Antonius
1715 2925 1815 2971 Ora-

187 2989 316 3033 dinus,
333 3001 453 3036 quem
469 2989 669 3026 credimus
685 3002 789 3027 anno
807 2988 898 3025 1558
912 2988 1041 3025 adhuc
1057 2988 1096 3024 in
1115 2986 1245 3024 officio
1265 2998 1546 3034 perseverare.
1568 2985 1633 3023 Cf.
1654 2985 1815 3022 POLAN-

188 3059 283 3095 CUM,
309 3048 476 3095 Chron„
501 3049 552 3095 V,
573 3049 632 3087 62.
