1900 3380
544 197 921 235 iso-FLORs-N’rm
947 197 993 232 26
1020 196 1181 232 MARm
1214 197 1303 232 1538
1604 195 1675 230 583

93 300 390 346 bdomadam
425 296 515 341 sibi
551 305 681 340 esset
707 310 767 338 ex
792 293 884 338 hac
911 293 1013 337 uita
1038 292 1366 348 migrandum:
1394 291 1720 347 quamobrem

94 378 222 423 1isus
256 386 404 432 atque
439 374 682 419 choraeas
723 371 765 415 in
808 380 991 415 metum
1032 385 1127 413 non
1166 369 1466 414 mediocrem
1503 383 1721 412 commu—

93 463 278 500 tarunt.

151 532 194 578 4.
260 530 424 586 Atque
464 527 637 572 eodem
676 525 752 570 die
794 523 1089 581 peregrinus
1123 523 1319 579 quidam
1353 522 1603 579 hispanus,
1641 521 1721 577 qui

94 617 242 653 antea
266 606 433 651 iurare
458 603 663 648 subinde
688 610 1038 657 consueuerat,
1065 600 1232 644 statim
1253 609 1305 644 ut
1323 600 1386 643 ab
1406 598 1578 643 eodem
1606 598 1717 643 Pre.

92 685 370 730 iuramenta
405 691 456 727 ut
492 689 694 726 caueret
730 688 804 723 est
838 677 1135 731 admonituS,
1162 691 1259 720 non
1293 676 1438 720 modo
1472 691 1523 720 se
1549 690 1721 731 perpe-

92 777 199 807 ram
223 760 384 817 egisse
409 757 665 804 confessus
691 766 781 809 est,
804 771 975 800 uerum
1001 754 1147 799 etiam
1172 762 1493 809 peccatorum
1518 767 1721 797 suorum

91 838 208 884 fecit
231 834 654 891 hexomologesin.
685 832 909 890 Cumque
935 832 1030 876 duo
1055 831 1149 876 sint
1174 831 1219 874 in
1257 831 1348 875 hac
1382 830 1504 874 urbe
1540 829 1720 886 puella-

92 930 217 971 rum,
247 928 369 970 quas
394 911 660 956 derelictas
685 919 882 965 uocant,
912 909 1037 964 loca,
1073 922 1282 964 quorum
1317 907 1444 951 alter
1483 906 1719 962 uirgines,

92 992 219 1036 alter
254 1005 373 1034 uero
408 988 597 1045 puellas
633 987 873 1043 quasdam
908 985 1125 1030 continet
1156 999 1299 1041 quae,
1326 999 1436 1029 cum
1463 993 1611 1028 antea
1636 998 1724 1039 per

92 1068 264 1112 urbem
296 1065 477 1123 passim
512 1074 820 1120 uagarentur
855 1072 903 1108 et
936 1060 1247 1119 grauissimis
1281 1060 1514 1117 periculis
1549 1075 1722 1116 pecca-

92 1144 250 1201 tisque
284 1152 530 1200 paterent,
558 1141 751 1198 piorum
787 1140 1035 1185 hominum
1071 1137 1313 1183 industria
1344 1138 1390 1182 in
1425 1153 1574 1182 unum
1610 1152 1722 1182 coa-

93 1231 203 1267 ctae
227 1229 353 1265 sunt:
393 1220 451 1264 ad
486 1218 672 1275 primas
707 1218 900 1275 quidem
936 1216 1140 1273 singulis
1177 1215 1349 1260 diebus
1382 1214 1613 1259 mercurii
1649 1230 1723 1259 su-

92 1298 346 1355 pradictus
370 1296 521 1342 Pater
555 1295 764 1352 accedit,
792 1293 1095 1350 posteriores
1129 1303 1297 1338 autem
1332 1292 1540 1349 singulis
1575 1291 1723 1336 domi-

93 1374 213 1421 nicis
248 1373 599 1429 lunaribusque
634 1372 805 1417 diebus
841 1371 1018 1426 inuisit,
1048 1370 1423 1426 doctrinamque
1458 1369 1567 1414 illas
1602 1368 1725 1414 chri-

93 1451 304 1497 stianam
344 1451 506 1495 docet.
545 1449 624 1494 Ex
657 1464 752 1506 quo
793 1464 886 1493 non
928 1447 1227 1492 mediocrem
1268 1447 1485 1492 fructum
1519 1446 1721 1502 percipi,

93 1530 171 1574 uel
196 1529 311 1574 illud
336 1527 488 1584 possit
513 1542 621 1572 esse
646 1536 965 1582 argumentO,
994 1525 1123 1582 quod
1149 1541 1261 1570 cum
1285 1535 1435 1570 antea
1470 1540 1521 1569 se
1561 1524 1723 1568 Domi-

92 1622 207 1651 num
242 1604 450 1651 IESUM
485 1604 708 1649 amisisse
738 1604 931 1660 puellae
956 1603 1195 1658 dicerent,
1224 1602 1517 1657 simulatque
1542 1601 1724 1646 nostris

94 1695 205 1729 sunt
229 1682 507 1738 confessae,
535 1681 763 1727 eumdem
788 1696 840 1726 se
860 1680 1106 1736 reperisse
1132 1678 1514 1736 profitebantur.

150 1760 193 1806 5.
260 1760 415 1806 Rdus.
444 1759 597 1804 Pater
620 1758 842 1813 Fuluius,
871 1758 950 1815 qui
986 1768 1032 1803 et
1068 1757 1193 1802 idem
1227 1756 1383 1801 nostri
1419 1756 1616 1812 collegii
1652 1771 1723 1800 re-

93 1847 201 1883 ctor
225 1848 315 1894 est,
342 1836 548 1893 singulis
572 1835 830 1881 dominicis
854 1835 1090 1891 festisque
1115 1835 1286 1879 diebus
1322 1834 1365 1878 in
1403 1843 1574 1878 nostro
1609 1842 1724 1877 tem-

94 1916 173 1972 plo
213 1915 429 1959 inaximo
470 1929 583 1958 cum
618 1913 785 1958 fructu
820 1912 1161 1967 concionatur,
1199 1920 1339 1955 tanto
1375 1910 1503 1955 enim
1539 1910 1725 1954 audito-

95 2009 221 2047 rum,
250 1992 473 2049 quamuis
496 1991 710 2047 inopum,
733 1990 978 2046 excipitur
1002 1989 1260 2045 applausu,
1283 1997 1333 2032 ut
1357 1987 1524 2032 dicere
1550 1986 1725 2031 merito

88 2085 248 2127 -queas
272 2085 383 2114 eum
407 2084 557 2124 super
581 2070 759 2113 bonam
785 2078 973 2112 terram
1000 2081 1165 2111 semen
1193 2066 1374 2120 iacere,
1412 2080 1539 2121 quae
1574 2064 1725 2108 multo

96 2148 203 2204 plus
227 2145 378 2191 affert
401 2161 548 2202 quam
573 2144 841 2201 acceperit.
870 2143 1102 2188 Priuatas
1127 2143 1277 2188 etiam
1312 2142 1375 2187 ad
1409 2150 1607 2186 nostros
1631 2141 1725 2185 sin-

96 2225 223 2282 gulis
265 2223 590 2269 hebdomadis
634 2223 783 2268 habet
826 2221 1200 2267 exhortationes
1245 2219 1420 2276 quibus
1460 2216 1726 2263 Societatis

95 2298 298 2348 nostrae
332 2301 537 2357 regulas
570 2300 698 2345 solet
731 2299 1001 2356 explicare,
1029 2298 1156 2354 quod
1191 2306 1474 2342 nostrorum
1510 2295 1725 2340 omnium

96 2379 288 2424 animos
324 2378 385 2424 ad
421 2378 632 2422 uirtutes
665 2375 1026 2433 capesssendas
1060 2391 1155 2420 non
1189 2373 1507 2419 mediocriter
1540 2372 1724 2417 inflam-

96 2465 215 2501 mat.
244 2454 468 2511 Contigit
492 2453 832 2510 superioribus
863 2452 1034 2498 diebus
1065 2462 1133 2507 ut,
1168 2451 1339 2496 eodem
1376 2450 1487 2495 Pre.
1525 2458 1727 2494 rectore

97 2534 423 2583 auscultante,
452 2530 552 2588 (qui
576 2530 707 2575 forte
732 2530 794 2575 ad
826 2529 1065 2586 quasdam
1096 2529 1204 2573 Deo
1238 2536 1471 2573 sacratas
1506 2526 1727 2583 uirgines

98 2618 385 2655 accesserat
410 2606 774 2663 concionatum)
795 2606 993 2663 quidam
1017 2605 1111 2650 Dei
1135 2620 1310 2650 nomen
1338 2603 1724 2659 blasphemaret,

91 2702 257 2743 quem,
285 2701 411 2742 cum,
438 2694 490 2730 ut
525 2700 616 2742 par
650 2693 775 2740 erat,
813 2683 1135 2728 uehementer
1168 2681 1501 2737 obiurgasset,
1539 2679 1724 2737 effecit,

99 2773 151 2809 ut
175 2773 222 2810 et
244 2774 434 2809 terram
459 2761 626 2808 statim
661 2762 766 2806 eius
800 2761 933 2806 iussu
968 2760 1296 2811 oscularetur,
1321 2768 1369 2803 et
1393 2773 1445 2803 se
1469 2757 1620 2803 totius
1643 2772 1727 2802 an-

97 2849 295 2886 teactae
319 2841 452 2885 uitae
477 2849 686 2896 peccata
710 2837 1052 2883 confessurum
1077 2835 1412 2892 polliceretur.

155 2918 198 2963 6.
268 2917 368 2962 Eos
393 2916 542 2962 etiam
572 2916 651 2972 qui
684 2916 728 2960 in
766 2930 973 2960 carcere
1008 2913 1156 2958 uincti
1191 2912 1486 2969 detinentur,
1520 2912 1728 2969 singulis

97 2994 421 3040 hebdomadis
446 2993 799 3038 consolaturus
822 2991 1000 3047 inuisit;
1028 2989 1157 3046 apud
1191 3005 1313 3046 quos
1347 2998 1538 3035 tantum
1563 2989 1727 3046 profe-
