1900 3380
558 242 894 280 loa—PANORMO
924 244 961 280 11
993 244 1100 290 MAJi
1132 244 1221 280 1558
1586 247 1657 282 633

62 340 413 397 'adiungendae
449 351 827 396 quaererentur3
854 341 1051 385 tandem
1086 340 1194 384 R.¹¹¹i
1226 341 1494 386 cardinalis
1527 344 1539 365 ¹
1566 342 1701 387 iussu

67 417 421 464 monasterium
462 432 619 472 nuper
658 426 1001 462 constructum
1041 418 1073 471 ⁴2,
1111 417 1156 461 in
1192 433 1287 473 quo
1322 433 1444 474 prae
1484 418 1702 463 caeteris

65 494 366 550 concionari,
409 494 844 550 confessionesque
889 495 1063 539 audire
1108 496 1265 540 nostri
1310 506 1696 550 consueuerant,

65 584 175 618 sunt
215 572 490 629 ingressae:
540 571 638 627 vbi,
677 571 806 628 quod
852 572 1008 617 minus
1047 573 1393 628 sperabamus,
1437 573 1576 617 breui
1622 588 1698 617 us-

65 650 286 707 queadeo
327 649 371 693 in
411 649 586 704 spiritu
628 648 970 705 profecerunt,
1008 658 1070 693 utv
1098 649 1394 694 monialibus
1433 665 1561 705 quae
1602 664 1699 694 una

61 742 172 772 cum
198 727 289 771 illis
314 726 518 782 degunt,
547 725 942 781 admirationem,
970 737 1016 770 et
1048 726 1185 770 nobis
1221 726 1448 770 omnibus
1482 727 1700 782 stuporis

62 805 202 850 simul
226 814 274 848 et
298 803 652 848 consolationis
686 802 950 859 plurimum
985 802 1221 848 afferant.
1260 802 1514 848 Exercent
1549 804 1695 859 enim,

63 894 113 927 ut
138 881 377 937 referunt,
405 880 642 925 uilissima
669 896 893 937 quaeque
919 881 1172 936 religionis
1197 879 1379 937 officia,
1414 881 1699 926 ministrare

57 959 167 1004 'aliis
206 959 544 1016 gratulantur,
582 958 825 1003 inseruire
864 974 1109 1003 summam
1148 958 1334 1003 ducunt
1369 960 1695 1014 uoluptatem,

60 1037 208 1081 horas
234 1036 502 1081 canonicas
526 1051 717 1080 summa
743 1035 891 1079 animi
927 1036 1199 1080 attentione
1236 1035 1464 1091 recitant,
1505 1036 1697 1080 concio-

60 1114 202 1159 nibus
242 1113 389 1169 (quod
436 1113 570 1169 prius
609 1112 903 1169 irridebant)
949 1112 1308 1158 attentissimas
1348 1128 1401 1157 se
1436 1113 1693 1168 praebent.

59 1190 181 1236 Illud
206 1190 355 1236 etiam
381 1190 579 1245 addam,
616 1190 746 1246 quod
780 1189 1030 1234 subticere
1065 1190 1144 1246 qui
1181 1189 1362 1246 possim
1400 1205 1494 1233 non
1531 1189 1694 1246 uideo,

61 1267 187 1324 quod
213 1267 403 1312 admitti
428 1268 474 1312 in
499 1266 781 1312 monialium
807 1282 1067 1312 numerum
1093 1267 1413 1311 uehementer
1437 1275 1693 1323 exoptant.

61 1344 205 1401 Quod
230 1354 367 1389 certo
393 1344 613 1390 futurum
637 1344 847 1399 confido,
876 1343 964 1389 nisi
990 1344 1120 1400 quod
1143 1344 1354 1400 grauius
1378 1344 1586 1389 mundus
1611 1356 1697 1389 aut

59 1437 179 1468 caro
203 1431 420 1478 opponat
443 1421 860 1478 impedimentum.
899 1420 1008 1466 Hoc
1043 1430 1209 1466 autem
1234 1436 1382 1477 quum
1407 1421 1694 1478 contigerit,

60 1514 294 1555 magnam
319 1499 431 1544 hinc
453 1498 562 1543 Deo
590 1499 784 1544 laudem
809 1514 870 1544 ac
894 1498 981 1544 toti
1007 1499 1117 1543 vrbi
1153 1498 1534 1544 admirationem
1571 1499 1696 1544 citra

59 1576 456 1622 controuersiam
482 1587 839 1632 prouenturam
865 1576 1095 1622 conficio,

116 1655 158 1699 4.
226 1653 330 1706 [Ait
347 1667 447 1699 non
466 1654 751 1699 omittenda
769 1668 902 1711 quae
920 1653 1281 1711 sequanmur]
1305 1653 1430 1699 Cum
1450 1654 1526 1698 hic
1546 1654 1591 1698 in
1612 1670 1692 1710 pu-

57 1731 195 1777 blicis
219 1731 454 1777 custodiis
478 1731 614 1776 multi
639 1731 719 1787 qui
743 1731 982 1776 soluendo
1007 1746 1103 1776 non
1127 1741 1287 1785 erant,
1310 1730 1491 1775 misere
1511 1730 1691 1775 detine-

58 1819 247 1867 rentur,
275 1825 334 1854 ac
369 1825 537 1854 rerum
572 1809 789 1854 omnium
822 1818 1079 1865 premente
1114 1809 1295 1865 inopia,
1332 1808 1510 1854 nociua
1546 1824 1692 1865 quae-

57 1887 170 1932 dam
194 1886 470 1932 bestiarum
495 1901 651 1941 more,
679 1886 808 1943 quod
838 1901 928 1931 nos
961 1887 1041 1931 uel
1075 1885 1291 1931 maxime
1326 1886 1689 1939 commouebat,

57 1965 337 2010 auidissime
362 1980 422 2009 ac
445 1963 675 2009 certatim
699 1964 1047 2021 absorberent;
1076 1972 1362 2008 nostrorum
1393 1978 1548 2019 opera
1573 1961 1692 2007 effe·

56 2040 314 2099 ctum'est,
340 2051 393 2087 ut
424 2041 601 2087 diuites
635 2041 822 2097 aliquot
857 2041 1031 2098 quibus
1063 2041 1336 2086 affluebant
1371 2039 1606 2097 pecunias
1641 2040 1690 2084 li-

53 2119 248 2164 bentius
271 2134 418 2175 quam
443 2118 580 2164 credi
604 2118 759 2175 possit
782 2127 1072 2175 erogarent:
1107 2118 1174 2164 ita
1210 2118 1348 2163 multi
1380 2117 1564 2163 nostris
1600 2116 1689 2162 Pa-

55 2195 213 2241 tribus
237 2195 483 2252 supplices
512 2210 572 2240 ac
606 2195 734 2240 humi
769 2195 1008 2251 prostrati
1042 2195 1235 2252 gratias
1270 2203 1480 2252 agentes
1514 2194 1691 2250 quibus

53 2281 245 2318 tantum
269 2271 560 2318 beneficium
583 2281 845 2329 acceptum
870 2287 980 2317 esse
1014 2272 1430 2328 referentiumque
1464 2271 1690 2317 fateban-

53 2358 150 2404 tur,
176 2349 373 2406 impune
396 2350 460 2394 ad
483 2357 733 2406 parentes,
759 2364 962 2407 uxores,
996 2349 1197 2406 liberos,
1234 2349 1438 2404 amicos,
1476 2364 1688 2404 quorum

54 2426 271 2471 omnium
311 2425 615 2471 commercio
654 2441 715 2471 ac
753 2425 1097 2472 familiaritate
1138 2426 1321 2471 iamdiu
1355 2434 1626 2471 caruerant
1648 2429 1685 2481 ἃ,

54 2504 454 2548 reuertebantur.
498 2502 665 2559 Aliqui
700 2503 848 2548 etiam
886 2512 1090 2559 praeter
1123 2503 1186 2560 id,
1229 2512 1438 2560 accepta
1476 2502 1688 2559 pecunia

44 2593 151 2635 -qua
175 2579 346 2625 uiuere
370 2579 557 2636 aliquot
580 2579 683 2624 dies
707 2594 818 2625 eum
843 2580 1083 2625 uxoribus
1109 2589 1310 2636 possent
1340 2579 1525 2637 (omnia
1559 2581 1687 2626 enim

100 2734 120 2754 a
170 2734 356 2772 Emend.
379 2746 430 2771 ex
448 2740 698 2771 corruerant.

101 2880 111 2899 ²
162 2878 310 2916 Petrus
329 2878 549 2925 Tagliavia
567 2878 616 2914 de
636 2877 823 2925 Aragon,
844 2878 1062 2915 cardinalis
1082 2882 1122 2914 et
1141 2877 1468 2925 archiepiscopus
1487 2879 1686 2926 panormi-

53 2943 186 2975 tanus.

99 2998 112 3017 ²
162 2997 317 3044 Agitur
335 2998 385 3034 de
404 2999 650 3036 monasterio
669 2997 745 3036 Sti.
758 2998 940 3045 Joannis,
959 3002 1228 3044 cognomento
1246 2997 1484 3045 «Roglion».
1504 2997 1567 3036 Cf.
1587 2998 1686 3036 Lai-

54 3058 122 3094 nz'z'
137 3057 351 3102 Monam„
370 3057 440 3103 III,
459 3057 543 3095 288.
