1909 3328
237 238 306 276 960
704 244 927 281 LITTERAE
955 244 1261 290 QUADRIMESTR
1268 256 1311 283 ss

193 347 296 381 stra
341 339 469 384 scire
509 340 716 396 intersit,
758 349 806 385 te
840 340 1106 386 certiorem
1140 342 1337 387 faciam.
1380 342 1598 388 Primum
1637 343 1817 401 itaque,

193 413 317 468 quod
352 415 415 459 ad
440 416 772 461 valetudinem
796 418 988 471 attinet,
1016 428 1275 475 postquam
1300 419 1586 476 superiores
1615 420 1678 465 ad
1701 429 1748 465 te
1772 420 1821 465 li-

192 498 326 534 teras
351 492 476 548 dedi,
514 507 686 538 omnes
719 493 825 538 fere
848 493 894 538 in
925 494 1017 539 hoc
1041 495 1254 551 collegio
1279 496 1534 541 commode
1558 496 1819 550 valuimus,

191 576 392 621 praeter
415 568 614 614 Patrem
638 569 873 616 Iacobum
897 571 1108 629 Bayros,
1137 572 1216 628 qui
1247 572 1408 618 subita
1442 584 1488 618 et
1521 573 1821 629 grauissima

191 642 317 688 febri
344 655 621 703 correptus,
653 646 848 693 infirma
883 648 1165 694 valetudine
1199 658 1247 694 et
1286 649 1392 695 fere
1426 650 1707 707 periculosa
1738 651 1821 695 ali-

190 721 401 775 quandiu
437 722 526 767 fuit
561 723 838 781 impeditus.
875 724 985 770 Hoc
1023 734 1186 771 tamen
1225 735 1447 783 tempore
1486 743 1546 772 ea
1584 727 1822 773 liberatus

189 796 286 844 2³⁰¹
311 799 521 845 classem
548 801 851 859 moderatur,
874 794 950 848 cui
971 803 1050 859 qui
1074 812 1223 848 antea
1247 814 1496 861 praeerat,
1524 804 1606 850 Pr.
1634 804 1820 850 Nonius

188 876 421 933 Aluarez,
448 877 494 921 in
519 876 812 923 febriculam
836 878 1002 925 incidit
1021 879 1376 936 aliquantulum
1396 881 1673 926 molestam.
1697 880 1820 926 Cae-

191 953 284 998 teri
308 953 414 999 fere
450 969 621 1000 omnes
653 971 847 1012 semper
881 957 1005 1002 belle
1038 957 1333 1017 habuerunt,
1361 974 1457 1004 vno
1488 968 1698 1016 excepto
1722 958 1819 1003 fra-

188 1039 264 1075 tre
298 1030 378 1086 qui
412 1031 583 1087 paucis
621 1032 771 1077 etiam
811 1044 925 1078 ante
963 1034 1134 1079 diebus
1167 1034 1325 1080 minus
1359 1035 1615 1080 commode
1650 1036 1821 1080 valens

187 1108 585 1165 purgationibus,
622 1119 670 1154 et
709 1110 1016 1167 potissimum
1058 1112 1149 1157 Dei
1185 1110 1299 1168 Opt.
1337 1112 1472 1158 Max.
1510 1113 1709 1169 auxilio,
1746 1121 1819 1158 est

188 1184 422 1241 pristinae
447 1186 714 1232 valetudini
738 1188 1012 1234 restitutus.
1040 1188 1228 1234 Omnes
1250 1189 1417 1246 itaque
1450 1190 1496 1235 in
1533 1189 1819 1235 muneribus

185 1261 274 1307 sibi
299 1277 329 1307 a
347 1272 523 1308 sancta
547 1264 823 1310 obedientia
851 1266 1171 1323 praescriptis
1203 1269 1517 1323 exercentur,
1555 1278 1602 1312 et
1635 1266 1820 1312 fratres

186 1348 234 1384 et
258 1339 450 1386 Patres.
477 1340 572 1386 Hic
596 1340 721 1386 enim
747 1351 939 1387 tantum
964 1342 1028 1387 illi
1054 1351 1166 1389 sunt
1184 1343 1263 1401 qui
1282 1359 1364 1388 res
1389 1343 1689 1389 domesticas
1712 1359 1818 1400 pos-

186 1425 298 1462 sunt
321 1416 672 1463 administrare
692 1427 740 1464 et
757 1419 914 1464 solitis
933 1420 1375 1466 exercitationibus
1395 1420 1707 1478 satisfacere,
1729 1419 1818 1465 Pa-

184 1501 287 1538 tres
311 1493 390 1550 qui
414 1493 460 1538 in
484 1494 737 1540 audiendis
761 1495 1153 1541 confessionibus
1178 1506 1499 1554 occupentur,
1525 1506 1818 1553 praecepto-

185 1584 267 1615 res
289 1570 368 1627 qui
393 1571 580 1616 classes
603 1571 941 1630 moderentur,
968 1573 1048 1618 alii
1073 1573 1152 1630 qui
1186 1574 1458 1620 domestica
1497 1582 1686 1620 curent.
1724 1573 1817 1619 Re-

184 1648 332 1703 gulae
356 1656 457 1693 tam
482 1648 709 1705 priuatae
734 1664 879 1705 quam
903 1652 1182 1706 generales,
1209 1651 1423 1697 Domino
1446 1650 1664 1707 fauente,
1687 1666 1816 1697 com-

184 1725 327 1770 mode
350 1735 631 1771 seruantur.
659 1726 805 1783 Quod
828 1727 867 1773 si
891 1728 999 1785 quis
1022 1728 1085 1774 ab
1109 1729 1178 1774 eis
1202 1728 1468 1785 aliquando
1493 1729 1711 1782 aberret,
1734 1728 1817 1773 im-

184 1802 353 1858 positis
376 1803 688 1859 poenitentiis
711 1805 775 1849 ad
805 1820 891 1850 eas
924 1806 1156 1851 continuo
1196 1806 1443 1863 dirigitur.
1480 1806 1622 1852 Haec
1654 1816 1817 1852 tamen

183 1879 398 1925 omnium
424 1896 522 1926 vna
548 1883 724 1938 regula
748 1892 839 1939 est,
866 1899 1012 1940 quam
1038 1883 1124 1929 tibi
1148 1883 1250 1929 scio
1274 1899 1384 1929 esse
1407 1883 1733 1942 notissimam,
1763 1894 1812 1928 vt

185 1972 354 2003 omnes
398 1959 696 2016 praepositis
733 1959 802 2005 ita
846 1969 1056 2017 pareant
1095 1969 1143 2006 et
1181 1962 1538 2019 obsequantur,
1582 1970 1635 2006 vt
1674 1960 1815 2018 quasi

185 2156 347 2202 quidem
375 2156 481 2194 inter
507 2157 672 2204 collegii
698 2157 864 2196 incolas.
891 2158 975 2195 Imo
1000 2163 1061 2196 est
1080 2159 1161 2196 alia
1180 2161 1283 2196 ratio
1301 2172 1406 2207 quae
1426 2172 1498 2196 nos
1516 2159 1647 2206 magis
1666 2163 1814 2196 movet.

183 2215 229 2252 In
247 2217 435 2263 catalogo
455 2217 563 2255 enim
582 2218 746 2265 collegii
765 2218 973 2255 eborensis
993 2219 1093 2265 (cod.
1117 2219 1221 2256 Lus.
1244 2219 1312 2263 43,
1333 2219 1374 2256 ff.
1403 2219 1451 2257 96
1476 2221 1594 2267 sqq),
1624 2219 1693 2266 qui
1721 2219 1817 2256 licet

187 2275 283 2312 anni
309 2277 518 2314 notatione
544 2282 696 2324 careat,
727 2290 777 2314 ex
802 2278 941 2315 multis
965 2278 1121 2315 indiciis
1146 2292 1252 2316 anno
1273 2279 1363 2316 1559
1381 2279 1554 2326 scriptus
1573 2279 1746 2325 videtur,
1766 2279 1815 2316 de

184 2334 229 2372 P.
252 2335 408 2373 Didaco
426 2336 593 2374 Bairros
612 2339 678 2384 qui
698 2337 805 2374 inter
822 2337 987 2384 collegii
1005 2338 1159 2375 incolas
1178 2344 1380 2385 censetur,
1402 2339 1503 2375 haec
1522 2339 1628 2375 inter
1652 2339 1734 2376 alia
1760 2338 1814 2375 di-

182 2400 341 2432 cuntur:
365 2395 430 2433 «P.
452 2396 588 2443 Diego
603 2397 652 2433 de
671 2396 882 2436 Bairros...
904 2397 955 2434 ha
972 2397 996 2434 8
1013 2402 1035 2434 ό
1049 2398 1072 2434 9
1088 2411 1219 2435 meses
1233 2411 1312 2445 que
1328 2411 1404 2446 oye
1419 2411 1532 2436 casos
1547 2398 1595 2435 de
1611 2398 1814 2435 conscien—

183 2453 258 2499 cia,
278 2468 304 2501 y
321 2455 575 2503 juntamente
594 2469 668 2493 con
689 2462 775 2494 esto
794 2469 870 2505 oye
898 2458 936 2494 el
964 2458 1130 2494 cursillo
1156 2470 1234 2504 que
1261 2470 1304 2495 se
1331 2459 1396 2496 lee
1428 2470 1479 2495 en
1509 2471 1669 2496 casa...»
1698 2457 1814 2503 Quae

185 2514 347 2561 quidem
366 2528 444 2552 non
460 2516 649 2553 videntur
667 2529 783 2564 posse
803 2517 880 2554 dici
899 2517 932 2554 si
959 2530 1099 2554 mense
1122 2518 1244 2564 Junio
1273 2518 1364 2555 1559
1389 2523 1564 2555 exeunte
1592 2518 1632 2555 in
1659 2517 1815 2565 olisipo-

183 2574 299 2610 nensi
325 2574 500 2622 collegio
528 2574 683 2613 fuisset.
713 2576 800 2613 Nec
826 2589 898 2614 nos
916 2577 957 2613 in
975 2578 1059 2613 ullo
1078 2578 1278 2624 catalogo,
1300 2590 1391 2614 cum
1410 2578 1558 2614 multos
1577 2577 1810 2622 viderimus,

184 2634 450 2680 collegiorum
466 2634 704 2673 Lusitaniae
720 2636 830 2673 illius
845 2636 1050 2683 temporis,
1071 2636 1195 2673 alium
1214 2636 1260 2674 P.
1282 2636 1482 2674 Didacum
1501 2636 1666 2674 Bairros
1685 2637 1813 2674 adhuc

182 2693 420 2739 reperimus.
442 2693 653 2732 Postremo
671 2695 773 2732 illud
792 2695 914 2732 etiam
933 2695 1107 2732 suadere
1122 2700 1254 2742 potest
1269 2696 1481 2743 epistolam
1496 2709 1601 2733 anno
1618 2696 1709 2732 1558
1723 2707 1812 2732 esse

182 2751 386 2799 scriptam,
402 2753 509 2800 quod
522 2753 563 2790 in
581 2754 840 2801 inscriptione
854 2766 1002 2791 nomen
1016 2754 1236 2801 praepositi
1254 2755 1462 2802 generalis
1477 2755 1698 2796 omittatur;
1717 2760 1812 2792 tunc

185 2811 293 2848 enim
311 2813 577 2860 congregatio
595 2813 646 2850 ad
664 2814 779 2851 illum
798 2813 1033 2861 eligendum
1052 2813 1295 2850 habebatur.
1321 2814 1385 2852 Ex
1402 2815 1484 2852 alia
1502 2820 1630 2862 parte,
1652 2814 1685 2851 si
1703 2814 1811 2862 poni-

183 2882 269 2907 mus
289 2871 500 2918 epistolam
520 2873 711 2919 scriptam
738 2886 844 2911 anno
873 2872 976 2919 1558,
1006 2873 1140 2910 omnia
1166 2885 1270 2920 quae
1297 2874 1339 2911 in
1365 2874 1437 2911 illa
1463 2878 1695 2919 narrantur,
1723 2874 1810 2911 sine

182 2930 299 2975 gravi
328 2931 414 2967 ulla
439 2931 677 2970 difficultate
703 2932 880 2979 intelligi
898 2937 1081 2980 possunt.
1106 2932 1201 2969 Ideo
1219 2932 1333 2970 illam
1352 2935 1390 2970 in
1409 2934 1485 2971 hac
1504 2933 1726 2982 appendice
1745 2933 1811 2969 da-

183 2999 283 3034 mus;
305 3001 352 3026 eo
370 2991 438 3027 vel
457 2991 588 3037 magis
606 2991 712 3038 quod
730 2992 883 3029 nullam
902 2992 1024 3029 aliam
1044 2992 1256 3038 epistolam
1282 2993 1621 3039 quadrimestrem
1646 2992 1810 3039 collegii

183 3047 461 3095 olisiponensis
480 3050 574 3088 anni
595 3050 686 3088 1558
703 3051 889 3090 invenire
907 3051 1123 3099 potuimus.
