1910 3380
549 325 868 361 59.—-LAURETO
893 325 939 361 ‘20
967 325 1076 371 MAJI
1106 326 1194 361 1:337
1575 327 1640 362 241

62 419 138 463 hic
162 418 276 463 item
302 418 517 463 diuinam
541 418 777 475 justitiam
803 420 1044 464 aduersus
1069 426 1084 445 ⁸
1113 420 1258 464 diuini
1281 422 1439 464 cultus
1461 421 1690 476 uitaeque

62 495 278 550 perfecte
314 495 594 550 proditores
627 495 818 540 silentio
854 497 1094 551 preterire.
1130 511 1224 539 non
1262 496 1438 552 patiar.
1477 498 1689 551 Quidam

61 571 344 624 monachus,
373 571 570 616 deserto
605 573 798 617 diuinae
834 573 1034 616 militiae
1067 581 1403 620 sacramento,
1432 573 1492 616 ad
1519 588 1688 618 casira

60 647 222 693 mundi
247 649 564 705 militiamque
591 649 827 705 profugit,
856 650 899 693 in
936 650 1190 705 uerbaque
1225 649 1449 702 hominis,
1485 650 1686 695 Clu-isto

59 725 183 770 duce
206 735 505 781 contempto,
531 725 720 781 iurauit
749 725 782 780 ¹³,
820 727 1132 781 animumque
1168 741 1309 770 suum
1342 727 1570 782 corporis
1606 744 1686 771 uo—

59 801 325 858 luptatibus
350 802 496 849 dedit,
525 803 772 858 uariisque
797 802 1152 847 contaminauit
1189 803 1460 847 sceleribus
1492 804 1559 856 (ut
1598 820 1684 848 usu

60 878 225 924 uenire
248 880 371 923 solet
395 878 452 923 iis
476 879 556 934 qui
581 879 794 924 diuinam
818 880 1039 924 militiam
1065 879 1315 935 deserunt,
1344 890 1391 924 et
1426 881 1488 924 ad
1520 882 1685 925 hostes

57 955 376 1012 perfugiunt).
404 955 627 1001 Tandem
654 957 766 1001 dum
792 967 1017 1001 maneret
1041 957 1086 1001 in
1113 956 1308 1013 castris,
1336 956 1381 1002 in
1407 972 1533 1013 agro
1569 958 1685 1002 ami-

57 1047 224 1078 corum
250 1042 298 1077 et
323 1032 447 1078 inter
472 1032 827 1078 commilitones
852 1033 1038 1078 iaceret
1062 1034 1152 1078 sub
1184 1032 1262 1078 dio
1293 1034 1505 1089 quadam
1541 1044 1685 1079 nocte

56 1109 100 1155 in
126 1110 254 1153 illum
281 1109 535 1155 coniectus
559 1121 632 1154 est
658 1110 796 1167 lapis,
823 1119 1070 1166 caputque
1094 1121 1167 1155 est
1192 1110 1356 1155 laetali
1384 1111 1590 1155 uulnere
1621 1112 1684 1155 di-

57 1187 307 1243 minutum3
336 1187 413 1243 qui
438 1203 651 1243 surgens
675 1203 768 1232 non
795 1187 952 1244 potuit
975 1203 1285 1244 cognoscere
1320 1204 1349 1233 a
1384 1203 1479 1244 quo
1511 1188 1685 1233 uulnus

54 1263 339 1319 accepisset,
367 1272 453 1309 aut
476 1264 605 1309 unde
628 1280 805 1309 saxum
832 1265 1031 1319 iactum,
1064 1264 1155 1309 nisi
1190 1280 1220 1309 a
1254 1280 1404 1309 manu
1439 1265 1601 1309 diuina
1638 1265 1683 1310 in

53 1350 369 1397 peccatorum
406 1341 781 1386 commissorum
818 1342 1070 1398 ultionem,
1098 1351 1150 1387 ut
1174 1341 1252 1387 ille
1277 1351 1450 1398 aperte
1470 1352 1682 1387 testatus

51 1427 122 1462 est
146 1433 328 1472 magno
352 1418 501 1463 animi
524 1419 710 1463 dolore.
739 1419 866 1464 Nam
893 1430 1000 1474 post
1025 1429 1213 1475 septem
1233 1428 1320 1464 aut
1339 1428 1452 1464 octo
1471 1420 1574 1464 dies
1603 1435 1679 1465 ue—

51 1494 116 1539 nit
141 1494 200 1539 ad
226 1495 587 1540 xenodochium
622 1496 720 1553 (cui
754 1511 845 1540 nos
881 1496 1117 1553 prepositi
1151 1511 1319 1541 sumus
1354 1506 1590 1553 quantum
1616 1498 1679 1542 ad

51 1571 324 1617 animarum
370 1573 846 1618 administrationem
892 1573 1119 1629 spectat),
1163 1582 1211 1618 et
1250 1573 1326 1618 hic
1365 1573 1493 1618 diem
1537 1589 1679 1618 suum

52 1647 181 1694 obiit.

105 1724 147 1770 9.
214 1726 359 1770 Alter
383 1726 598 1771 eiusdem
625 1742 831 1782 prorsus
855 1726 1146 1771 conditionis
1167 1736 1215 1771 et
1239 1727 1413 1771 eodem
1433 1727 1579 1771 modo
1598 1743 1679 1772 no-

49 1811 127 1847 ctu
146 1802 191 1847 in
211 1803 389 1848 castris
408 1805 623 1859 quodam
646 1819 771 1848 saxo
798 1819 1081 1860 percussus,
1109 1804 1272 1860 capite
1296 1804 1437 1848 ulcus
1462 1804 1680 1849 mortife-

49 1893 154 1924 rum
176 1880 386 1936 accepit,
413 1897 508 1925 non
533 1881 704 1925 uidens
728 1896 818 1926 nec
843 1896 1154 1937 cognoscens
1187 1897 1217 1926 a
1252 1897 1348 1937 quo
1374 1882 1678 1936 laederetur,

47 1955 333 2002 testificatus
367 1968 441 2003 est
465 1958 510 2002 in
534 1958 846 2003 xenodochio
873 1974 1056 2014 magno
1092 1959 1256 2005 cordis
1290 1974 1523 2004 moerore
1559 1959 1675 2004 diui-

46 2047 157 2078 nam
181 2033 224 2078 in
251 2050 304 2079 se
327 2033 566 2091 justitiam
603 2051 941 2092 progressam.
980 2033 1139 2092 Spero
1174 2046 1341 2081 tamen
1374 2036 1447 2081 his
1481 2037 1674 2081 duobus

47 2110 258 2156 animam
283 2127 312 2156 a
336 2112 500 2156 mundi
523 2112 792 2157 liberatore
813 2112 1014 2157 Christo
1033 2111 1184 2157 fuisse
1204 2125 1617 2158 conseruatam...
1642 2120 1673 2157 ς.

104 2186 170 2232 10.
236 2187 487 2234 Amantur
510 2189 665 2234 nostri
690 2205 719 2233 a
750 2190 942 2246 populis
978 2190 1022 2235 in
1060 2191 1152 2234 hac
1188 2190 1410 2247 regione3
1449 2199 1497 2234 et
1531 2190 1674 2234 simul

45 2270 188 2320 atque
226 2265 468 2322 quispiam
502 2265 549 2310 in
582 2267 676 2311 hac
711 2266 962 2311 Societate
997 2266 1197 2312 Christo
1233 2266 1508 2323 dedicatur,
1547 2267 1673 2311 adeo

43 2340 218 2387 colitur
241 2352 289 2388 et
311 2344 627 2400 obseruatur‚
655 2353 707 2389 ut
730 2344 935 2401 quisque
959 2345 1024 2390 illi
1049 2344 1230 2389 cedere
1264 2353 1414 2401 atque
1449 2343 1671 2389 reuereri

46 2417 282 2466 uideatur.
323 2419 434 2465 Hoc
473 2437 622 2466 unum
662 2422 841 2467 addam
877 2423 936 2467 de
976 2423 1140 2467 multis
1179 2422 1328 2480 (quod
1368 2422 1561 2478 quidem
1595 2435 1701 2466 me.

45 2509 222 2552 magno
246 2497 485 2543 suffundit
508 2498 731 2555 pudore),
759 2499 982 2544 extitisse
1015 2500 1277 2545 nonnullos
1313 2499 1392 2555 qui
1428 2514 1535 2543 sese
1570 2513 1673 2543 ma·

42 2585 188 2627 gnum
224 2574 454 2630 quiddam
488 2574 506 2601 d
536 2585 832 2632 assequutos
867 2592 976 2622 esse
1011 2577 1397 2632 arbitrarentur,
1435 2575 1474 2619 si
1507 2584 1672 2621 uestes

44 2658 325 2696 nostrorum
349 2651 564 2697 fratrum
583 2652 907 2709 attingerent.

105 2725 170 2772 ll.
236 2727 401 2774 Tanta
436 2730 564 2774 enim
599 2739 673 2775 est
706 2730 949 2776 modestia
983 2747 1043 2776 ac
1077 2731 1236 2788 pietas
1271 2730 1465 2775 illorum
1502 2729 1574 2786 (ut
1608 2729 1672 2775 ad

42 2804 302 2849 secundam
325 2814 520 2861 partem
546 2806 840 2865 ueniamus),
863 2818 911 2853 et
935 2816 1074 2853 tanta
1093 2807 1348 2863 disciplina
1369 2816 1422 2852 ut
1446 2808 1674 2864 plerique

41 2881 260 2948 consulto
284 2881 463 2928 sistant
487 2883 701 2940 gradum
725 2884 771 2929 in
808 2884 887 2930 uia
912 2894 964 2931 ut
987 2894 1210 2942 spectent
1233 2884 1483 2930 incessum
1502 2891 1534 2943 e,
1571 2899 1671 2930 mo-

85 3009 103 3030 a
152 3003 263 3043 2vv.
281 3007 484 3052 praeced.
505 3007 685 3044 obscure
711 3013 909 3046 exarata.
967 3009 1034 3036 ——b
1067 3008 1210 3045 Lectio
1237 3009 1392 3046 dubia.
1446 3016 1508 3036 —c
1537 3009 1670 3046 Omit-

38 3064 191 3101 tuntur
206 3065 277 3102 hic
295 3076 344 3103 ea
363 3077 476 3113 qnae
489 3071 595 3104 sunt
613 3069 659 3104 in
675 3079 749 3106 nn.
771 3068 845 3106 9-8
861 3070 983 3115 epist.
1000 3068 1069 3103 34.
1126 3067 1194 3095 ——d
1214 3069 1377 3115 quidam
1398 3079 1479 3106 ms.
1531 3075 1594 3096 -e
1613 3069 1670 3106 in-

40 3132 220 3160 caessum
243 3135 323 3162 ms.

143 3204 309 3234 Liri-firme
330 3207 628 3241 Quaoaimfisrrzfis.
650 3209 739 3238 ΤοΜ.
762 3210 798 3238 V.
1531 3210 1564 3239 16
