1909 3328
247 236 316 270 9:50
720 236 939 272 LITTERAE
965 235 1324 279 QUADRIMESTRES

191 332 318 376 blice
356 332 582 387 populum
620 347 649 375 a
687 341 975 376 nostrorum
1020 331 1259 376 societate
1304 338 1577 384 auerteret,
1619 328 1731 385 quin
1771 340 1818 373 et

191 422 381 452 merces
405 407 587 452 nostris
611 408 755 452 uendi
780 407 1082 465 prohiberet,
1110 422 1319 464 quorum
1344 405 1535 451 animus
1565 406 1633 450 ita
1657 405 1701 450 in
1736 420 1817 449 no-

192 493 323 529 stros
346 494 692 541 exasperarat,
720 493 772 529 ut
796 484 1009 540 quadam
1034 485 1143 529 uice
1177 483 1416 541 quosdam
1450 493 1646 528 nostros
1682 483 1819 539 pueri

193 561 433 617 lapidibus
457 562 751 618 impeterent
775 572 822 606 et
852 561 1054 607 ciuitate
1073 561 1325 607 eiicerent.
1348 560 1493 616 Quod
1512 560 1819 605 animaduer-

193 650 298 682 tens
322 638 519 693 quidam
545 638 782 695 egregius
811 638 1119 695 adolescenS,
1158 647 1306 684 antea
1336 637 1519 694 optime
1553 637 1597 682 in
1633 653 1722 682 nos
1752 637 1820 682 af-

193 715 367 771 fectus,
395 715 600 771 ignarus
624 716 854 761 nimirum
880 715 1063 761 Christi
1088 716 1307 772 militiae,
1335 715 1574 761 delicatus
1600 724 1727 771 tyro,
1756 715 1820 759 ef—

192 790 458 837 feminatus
503 792 616 838 Xhi.
664 792 818 849 miles,
866 792 1055 838 amicus
1094 792 1455 849 prosperitatis,
1498 791 1722 836 inimicus
1761 792 1823 836 ad

193 868 306 926 Xpi.
334 870 498 915 crucis
521 880 795 927 aspectum,
823 871 984 916 subito
1009 871 1175 916 animo
1199 871 1328 927 cepit
1362 886 1391 916 a
1425 870 1564 916 nobis
1594 870 1819 915 alienari.

195 946 328 992 Inter
351 947 474 992 haec
498 958 663 993 tamen
683 948 848 993 omnia
868 947 1095 994 Zitauiae
1114 946 1164 993 S.
1190 947 1447 993 Francisci
1468 946 1821 992 monasterium

195 1024 334 1069 nobis
359 1034 432 1069 est
456 1025 781 1081 resignatum.
810 1025 959 1071 Faxit
982 1025 1225 1070 Dominus
1248 1034 1301 1070 ut
1331 1040 1426 1070 non
1453 1024 1600 1070 modo
1632 1024 1823 1080 praelu-

198 1102 281 1147 dat
305 1111 466 1159 satan,
493 1102 580 1148 sed
604 1112 652 1148 et
675 1118 844 1148 omnes
868 1103 941 1148 sui
976 1103 1162 1148 furoris
1195 1102 1411 1160 sagittas
1446 1102 1735 1155 eiaculetur,
1774 1111 1825 1146 ut

197 1178 305 1223 Xri.
333 1179 574 1235 operariis
599 1180 983 1225 aduentantibus
1007 1180 1207 1225 liberius
1239 1195 1384 1225 omne
1419 1179 1539 1236 eius,
1578 1179 1707 1235 quod
1742 1178 1821 1223 ibi-

199 1255 309 1300 dem
334 1256 614 1314 occupauit,
641 1265 901 1302 euastetur
924 1272 1151 1313 regnum.

262 1333 329 1378 10.
396 1333 562 1390 Atque
596 1333 655 1379 de
688 1333 901 1380 fratrum
937 1350 1129 1392 quoque
1164 1333 1446 1379 domesticis
1485 1332 1735 1378 exercitiis
1768 1348 1827 1377 ne

199 1409 311 1467 quid
335 1410 781 1466 praetermittatur,
808 1426 978 1456 omnes
1012 1410 1228 1468 quotidie
1262 1411 1308 1456 in
1341 1410 1515 1467 spiritu
1546 1408 1825 1466 proficiunt,

200 1485 456 1533 humilitati
480 1497 529 1533 et
552 1488 781 1533 charitati
806 1503 857 1534 se
881 1488 1144 1544 plurimum
1169 1488 1420 1533 dedentes.
1465 1487 1598 1533 Vota
1634 1502 1828 1544 quoque

199 1564 415 1610 nonnulli
449 1565 718 1611 emiserunt
752 1580 848 1610 non
883 1565 1118 1611 mediocri
1154 1566 1432 1610 animarum
1470 1557 1825 1617 consolatione,

202 1649 410 1699 quorum
432 1652 507 1689 est
532 1659 655 1689 unus
679 1642 1037 1701 Wolfgangus,
1065 1659 1208 1700 quem
1233 1653 1281 1689 et
1306 1643 1586 1689 sacerdotio
1612 1642 1830 1688 dedicari

203 1730 405 1777 cuperet
430 1720 483 1765 P.
512 1730 696 1777 rector,
732 1736 844 1766 cum
878 1736 1060 1766 nouum
1096 1720 1277 1778 alioqui
1313 1721 1374 1766 sit
1408 1721 1453 1765 in
1493 1720 1565 1765 his
1601 1720 1750 1765 terris
1783 1728 1831 1765 et
1868 1763 1872 1767 .

204 1807 503 1854 suspectum,
531 1813 641 1843 eum
665 1797 990 1843 concionandi
1014 1798 1154 1843 obire
1179 1813 1354 1843 munus
1378 1797 1457 1854 qui
1483 1797 1638 1842 sacris
1657 1812 1752 1842 non
1772 1796 1832 1842 sit

206 1874 436 1920 initiatus.
474 1873 648 1920 Iubeat
682 1874 739 1920 T.
776 1874 836 1919 R.
870 1875 922 1919 P.
957 1875 1084 1932 quod
1119 1875 1181 1921 ad
1216 1875 1310 1920 Dei
1344 1874 1557 1932 gloriam
1591 1873 1832 1930 expediet.

205 1951 415 1997 Fratres
439 1951 605 2009 (prout
628 1951 689 1997 R.
712 1951 765 1996 Ρ.
793 1951 1027 1997 Victoria
1046 1952 1396 2009 mandauerat)
1417 1953 1428 1976 ¹
1451 1951 1497 1996 in
1517 1952 1704 1996 classes
1722 1961 1833 1996 sunt

206 2029 363 2085 diuisi,
388 2029 588 2075 mutatis
611 2029 801 2075 uicibus
826 2038 874 2074 et
897 2029 1106 2075 diuersis
1129 2030 1317 2088 diebus,
1345 2038 1396 2075 ut
1416 2029 1697 2086 diligentius
1717 2044 1767 2073 se
1788 2028 1832 2073 in

206 2106 359 2152 literis
392 2115 677 2164 exerceant;
722 2121 845 2152 unus
884 2106 1202 2162 rhetoricam,
1245 2107 1372 2152 alter
1412 2106 1621 2163 copiam,
1659 2105 1835 2150 tertius

208 2183 476 2240 Virgilium
499 2183 635 2239 legit3
663 2182 759 2240 qui,
787 2197 877 2239 pro
902 2183 1155 2239 paucitate
1181 2198 1278 2240 qua
1302 2198 1431 2228 nunc
1450 2198 1634 2238 sumus,
1657 2182 1733 2226 uel
1755 2181 1834 2225 do-

209 2260 423 2311 mesticis
447 2259 658 2316 negotiis
682 2260 761 2305 uel
785 2260 1017 2306 classium
1041 2260 1215 2317 quibus
1249 2259 1355 2305 fere
1390 2276 1559 2305 omnes
1595 2259 1834 2305 destinen-

210 2347 304 2394 tur,
332 2353 425 2383 non
461 2337 870 2383 contemnendam
905 2337 950 2382 in
985 2337 1159 2383 litteris
1192 2337 1383 2384 faciunt
1416 2338 1831 2394 progressionem.

210 2414 338 2460 Tres
361 2423 471 2460 sunt
494 2414 783 2460 sacerdotes
807 2415 982 2471 quibus
1005 2429 1101 2470 ego
1126 2414 1199 2460 his
1223 2415 1402 2471 elapsis
1426 2415 1596 2460 diebus
1615 2415 1646 2470 ²,
1674 2427 1836 2470 quam-

211 2491 284 2536 uis
308 2491 484 2537 diutius
518 2491 634 2537 illud
667 2507 790 2536 onus
822 2490 1072 2536 declinare
1107 2491 1367 2547 cupiissem
1402 2491 1473 2547 (ut
1508 2506 1627 2536 uere
1657 2489 1837 2545 fatear)

213 2576 446 2623 tanquam
470 2568 745 2624 abortiuus,
771 2567 906 2613 iussu
929 2566 988 2613 T.
1016 2567 1069 2612 Ρ.
1093 2576 1141 2612 et
1159 2577 1363 2613 sanctae
1382 2567 1709 2622 obedientiae,
1732 2581 1837 2611 sum

214 2644 489 2699 adiunctus;
518 2645 596 2701 qui
620 2660 716 2702 quo
741 2644 971 2702 inutilior,
998 2653 1184 2700 quanto
1214 2644 1470 2701 abiectior,
1505 2653 1689 2700 quanto
1725 2642 1840 2687 indi-

215 2721 359 2777 gnior
383 2737 586 2767 munere
609 2731 765 2779 tantO,
788 2737 846 2767 eo
870 2721 1152 2777 diligentius
1175 2730 1310 2766 tuam
1330 2723 1554 2767 obtestor
1574 2720 1839 2777 paternita-

216 2806 331 2855 tem,
359 2813 484 2854 quae
509 2799 623 2844 illud
658 2799 905 2855 imposuit,
942 2808 993 2844 ut
1026 2798 1126 2844 suis
1165 2799 1474 2844 orationibus
1508 2798 1668 2843 Deum
1703 2798 1840 2842 obse-

268 2983 274 3000 ¹
333 2982 435 3018 Vide
456 2995 547 3028 pag.
570 2982 649 3019 432.

266 3041 278 3059 ²
329 3040 474 3086 Supra,
496 3053 588 3088 pag.
609 3041 690 3079 5213.
