1910 3380
624 336 902 373 64.-PAR1S1s
928 337 950 372 4
975 347 1078 383 JUNn
1108 337 1197 373 1557
1608 337 1678 374 255

91 432 414 479 subuentione
449 432 573 477 delle
608 432 715 477 loro
749 431 926 477 anime.
956 429 1041 476 Sia
1076 432 1277 477 laudato
1302 432 1420 490 Jesu
1454 433 1542 478 X.0
1567 433 1656 478 che
1681 433 1722 478 ci

90 509 153 554 ha
203 508 329 553 fatto
374 508 591 565 operarii
635 508 741 552 suoi
785 508 915 553 nella
955 523 1044 553 sua
1084 507 1252 564 uigna.
1296 508 1404 552 Non
1447 510 1590 554 altro.
1638 508 1722 554 Sia

90 586 209 646 Jesu
228 585 319 631 X.0
338 601 534 642 sempre
554 586 729 630 dentro
749 585 861 631 delli
887 585 1023 630 cuori
1044 585 1103 630 de
1123 585 1251 630 tutti.
1274 585 1451 630 Amen.
1476 586 1537 629 Di
1559 586 1721 642 Napo-

90 662 121 707 li
144 662 225 708 alli
247 662 276 708 3
299 662 344 707 di
369 661 570 719 Giugno
611 661 738 707 1557.
766 661 842 707 De
877 662 942 706 V.
983 662 1040 706 R.
1076 662 1204 718 pta,
1232 678 1320 718 per
1355 662 1718 718 commissione,

89 754 238 785 seruo
264 739 417 791 inutil,

1070 813 1188 860 Gio.
1228 814 1533 861 FRANCESCO
1572 816 1599 860 ¹.

872 1014 948 1064 64

463 1127 516 1172 P.
554 1126 899 1172 NICOLAUS
934 1126 1369 1172 BELLEFILLE

647 1232 822 1258 PARisns
850 1222 872 1258 4
898 1232 1002 1268 me'u
1032 1221 1122 1257 1557
1149 1222 1173 1257 ².

82 1306 163 1344 .1-2.
192 1306 260 1343 De
279 1310 527 1343 nostratum
548 1305 930 1343 exercitationibus
956 1305 1332 1341 scholasticis—3.
1364 1304 1430 1340 De
1455 1304 1602 1340 stadio
1631 1305 1725 1340 reli-

155 1367 305 1412 giosae
316 1366 597 1411 peffectz'om's
613 1364 1032 1412 adipz·scendae.-4.
1055 1364 1363 1410 Cozfitetztz'zmz
1380 1374 1617 1400 concursus
1632 1367 1725 1400 tan-

160 1428 231 1462 tus
258 1428 332 1468 est,
363 1428 413 1461 ut
437 1425 489 1462 P.
519 1426 731 1462 Nz'colans
757 1427 942 1470 nequeat
960 1424 1164 1460 omnibus
1191 1423 1455 1468 satisfacere.
1472 1422 1588 1460 —5-6.
1618 1423 1726 1460 Fru—

160 1487 254 1521 ctus
271 1486 391 1521 varii
406 1485 542 1532 lzzcjzcs
568 1486 687 1522 sacri
703 1486 942 1521 ministerii
969 1483 1349 1521 recensentur—7.
1383 1483 1667 1528 Aegrotantes
1698 1494 1724 1519 a

160 1547 322 1581 nostris
341 1544 700 1582 z'nvz‘szmtm.—8.
737 1545 972 1581 Tumultus
1000 1545 1215 1580 excitatus
1242 1545 1356 1580 inter
1381 1543 1661 1579 scholasticos
1689 1547 1726 1579 el

158 1605 450 1650 magistratus
481 1604 714 1651 quosdam,
745 1603 873 1650 cujus
900 1613 1084 1640 causam
1113 1604 1159 1639 in
1187 1604 1324 1639 socios
1355 1603 1499 1648 aliqui
1524 1601 1727 1639 derivare

162 1663 480 1700 conanum—9.
511 1663 756 1709 Episcopus
791 1664 1154 1700 claromontanus
1188 1661 1242 1698 ab
1279 1662 1542 1707 infirmitate
1572 1672 1725 1698 conva-

161 1723 292 1759 lescz't.

152 1806 189 1851 1.
256 1811 284 1859 †
323 1805 485 1864 jesus,
528 1806 707 1852 Maria.
749 1805 929 1852 Gratia
969 1816 1017 1851 et
1050 1821 1149 1862 pax
1184 1804 1381 1850 Domini
1415 1805 1572 1850 nostri
1605 1804 1721 1864 Jesu

92 1882 203 1940 Xpi.
247 1882 309 1928 sit
353 1898 552 1940 semper
596 1899 707 1929 cum
753 1883 978 1928 omnibus
1018 1883 1173 1927 nobis.
1217 1882 1396 1927 Amen.
1439 1880 1725 1939 [Majorzmt

90 1960 328 2017 exempla
351 1964 616 2018 sequutus,
643 1960 1052 2018 mazarimestres
1075 1959 1287 2016 scribit]

178 2037 397 2083 Primum
421 2038 615 2095 quidem
646 2054 675 2083 a
699 2037 982 2083 domesticis
1017 2037 1353 2094 exordiemur,
1391 2051 1561 2082 omnes
1596 2036 1723 2081 enim

92 2115 246 2160 nostri
271 2115 518 2172 protensis
541 2115 709 2160 neruis
734 2130 940 2171 operam
966 2123 1168 2169 nauant,
1197 2123 1346 2170 atque
1371 2113 1415 2158 in
1452 2113 1723 2169 limpidissi-

91 2191 181 2236 mis
207 2191 425 2237 fontibus
449 2191 668 2249 quotidie
691 2191 940 2245 hauriunt,
979 2200 1032 2236 vt
1064 2191 1264 2236 tandem
1288 2190 1574 2247 impertiant
1609 2189 1630 2209 a
1663 2190 1722 2234 si-

93 2268 337 2314 tientibus.

148 2345 189 2391 2.
256 2346 403 2391 Domi
429 2361 551 2391 vero
571 2346 787 2403 quotidie
811 2348 992 2391 crebro
1013 2345 1278 2401 disputant,
1301 2345 1599 2399 declamant,
1627 2359 1722 2388 non

71 2437 210 2481 ,raro
243 2422 426 2480 gallico
462 2423 696 2469 idiomate
731 2423 1106 2477 concionantur,
1144 2423 1230 2468 sed
1264 2421 1428 2479 sepius
1468 2420 1633 2477 latine,
1676 2431 1723 2465 et

91 2499 320 2545 certatim
345 2500 469 2545 alius
493 2499 662 2557 alium,
689 2500 836 2545 immo
867 2499 1083 2557 seipsum
1107 2499 1154 2544 in
1179 2500 1281 2545 dies
1316 2499 1518 2543 vincere
1553 2512 1613 2542 ac
1647 2512 1722 2542 su-

92 2590 270 2632 perare
295 2577 559 2622 contendit.
583 2576 695 2634 Quo
715 2577 954 2622 exercitio
973 2592 1062 2633 per
1080 2576 1173 2622 Dei
1192 2576 1410 2633 gratiam
1430 2590 1524 2619 non
1545 2590 1723 2630 parum

92 2662 398 2708 promouent.
427 2653 568 2699 Multi
597 2653 879 2699 iamdudum
913 2652 1133 2710 flagrant
1167 2651 1413 2698 desiderio
1448 2650 1722 2707 prodeundi

88 2728 138 2773 in
157 2731 488 2787 propatulum,
516 2746 576 2776 ac
599 2730 843 2776 introduci
868 2730 914 2775 in
939 2731 1137 2776 vineam
1168 2728 1381 2784 Domini,
1419 2743 1504 2784 spe
1539 2729 1719 2784 allecti,

139 2881 159 2901 a
206 2882 440 2930 impertient
459 2895 544 2922 ms.

91 3013 164 3109 ΜΞ
201 3013 322 3061 Vide,
343 3015 410 3059 sis,
432 3027 536 3062 quae
556 3015 605 3052 de
626 3028 673 3052 eo
692 3016 881 3052 dicuntur
900 3015 1003 3062 apud
1026 3015 1162 3060 Epist.
1193 3014 1245 3051 P.
1267 3014 1552 3058 Salmeroizis,
1574 3015 1604 3059 I,
1637 3015 1721 3060 301,

140 3136 153 3156 ²
202 3137 264 3174 Ex
282 3140 535 3186 autographo
555 3139 595 3176 in
613 3140 750 3176 codice
772 3140 865 3177 Gal.
888 3139 956 3181 53.
974 3139 996 3175 2
1016 3138 1078 3183 ff.‚
1101 3151 1138 3180 n.
1155 3139 1213 3184 Βάκ
1236 3140 1347 3185 prius
1364 3139 1423 3182 23,
1443 3139 1502 3177 24.
