2043 3467
411 290 456 327 3¹2
875 289 1094 328 er‘rEszE
1120 291 1424 336 QUADRIMEsTR
1432 298 1477 329 Es

365 393 462 430 tem
498 385 557 431 de
596 384 668 430 his
702 384 942 444 omnibus,
979 402 1106 443 quae
1144 385 1190 432 in
1229 387 1321 431 hoc
1359 396 1529 432 nostro
1563 384 1772 444 collegio
1805 384 1988 443 (diuino

364 463 564 508 fauente
603 463 817 519 numine)
857 463 930 508 his
969 465 1217 509 mensibus
1257 473 1472 521 quatuor
1511 465 1778 522 contigisse
1823 480 1987 510 recor-

363 540 554 586 damur.

421 617 461 663 2.
530 618 757 663 Verbum
782 619 873 664 Dei
899 618 969 675 <ut
993 619 1103 664 inde
1128 635 1379 665 sumamus
1402 619 1589 665 initium
1624 620 1750 665 unde
1784 629 1987 665 caetera

362 696 491 740 bona
526 712 709 753 magna
733 712 795 741 ex
819 705 961 752 parte
985 699 1317 754 promanant),
1344 698 1559 743 maiores
1583 698 1628 742 in
1654 697 1756 742 dies
1779 712 1986 754 prouen-

359 782 438 818 tus
462 773 596 827 facit,
619 783 666 819 et
690 790 808 820 raro
835 789 1047 819 uacuum
1071 784 1156 821 aut
1179 776 1281 821 sine
1307 790 1488 832 magno
1513 775 1779 820 multarum
1803 774 1985 819 anima-

362 865 471 895 rum
510 850 714 896 foenore
752 852 894 897 redit.
937 850 1155 908 Singulis
1195 853 1363 898 diebus
1405 851 1656 898 dominicis
1695 867 1754 897 ac
1789 851 1987 909 reliquis

358 937 645 973 sanctorum
685 929 823 975 festis
862 930 906 974 in
945 939 1119 976 nostra
1157 931 1369 976 ecclesia
1406 946 1501 975 non
1536 945 1695 987 paruo
1734 929 1983 974 hominum

359 1021 604 1051 concursu
627 1007 984 1053 concionantur
1006 1008 1176 1053 nostri.

416 1081 459 1127 3.
526 1083 634 1127 Non
660 1083 836 1129 desunt
866 1085 1241 1141 quamplurimae
1276 1084 1541 1141 religiosae
1575 1084 1822 1141 mulieres,
1859 1098 1985 1140 quae

358 1160 483 1205 adeo
523 1161 739 1206 animum
779 1162 842 1207 ad
882 1178 961 1208 res
1000 1162 1192 1208 diuinas
1229 1162 1508 1219 conferunt,
1556 1171 1607 1207 ut
1650 1171 1698 1208 et
1741 1161 1848 1207 aliis
1891 1161 1986 1206 sint

357 1239 600 1295 exemplo,
643 1248 691 1285 et
729 1240 911 1285 nostris
954 1240 1074 1286 ΧΨ]
1114 1240 1293 1286 Dnum.
1331 1240 1563 1286 laudandi
1602 1255 1839 1297 magnam
1876 1254 1984 1295 sup-

358 1316 575 1372 peditent
618 1318 895 1363 materiam.
944 1317 1210 1364 Confiuunt
1258 1319 1415 1376 plebei
1459 1318 1700 1375 homines,
1751 1316 1984 1362 nobilium

356 1392 503 1437 etiam
545 1394 680 1439 multi
720 1410 782 1439 ex
821 1395 1185 1441 distantissimis
1223 1395 1437 1441 ciuitatis
1477 1395 1717 1452 partibus,
1759 1394 1983 1450 hyberno

355 1469 503 1515 etiam
528 1479 767 1528 tempore,
795 1471 865 1516 sic
889 1472 1003 1517 laeti
1028 1471 1262 1517 festinant
1286 1472 1349 1517 ad
1372 1471 1623 1528 templum,
1650 1481 1703 1516 ut
1727 1471 1765 1515 si
1786 1470 1982 1528 quando

356 1546 503 1603 (quod
537 1547 652 1604 ipsis
687 1563 804 1593 raro
839 1549 1035 1605 accidit)
1070 1549 1358 1594 concionem
1392 1549 1490 1594 iam
1520 1549 1798 1605 incoeptam
1828 1546 1981 1592 offen-

354 1623 488 1681 dant,
525 1624 695 1670 dolere
734 1635 870 1671 certe
903 1641 1216 1683 summopere
1255 1626 1534 1684 uideantur,
1570 1635 1623 1672 ut
1661 1641 1723 1671 ex
1757 1625 1983 1682 corporis

353 1710 497 1757 gestu
518 1701 663 1747 facile
683 1702 796 1748 licet
814 1703 1075 1749 coniicere.
1098 1703 1291 1760 Reliqui
1311 1719 1432 1749 uero
1451 1704 1630 1748 mirum
1650 1703 1782 1748 dictu
1797 1711 1982 1759 quanta

352 1778 500 1823 animi
524 1779 763 1824 auiditate
787 1780 850 1825 ad
874 1780 1170 1826 audiendum
1196 1780 1288 1826 Dei
1313 1781 1523 1826 uerbum
1548 1781 1791 1826 ferantur.
1818 1779 1981 1825 Relin-

354 1871 449 1912 quo
473 1856 665 1902 interim
690 1858 936 1914 mulieres,
966 1874 1091 1915 quae
1115 1867 1217 1903 tam
1241 1874 1372 1904 noua
1397 1858 1545 1904 diuini
1579 1858 1720 1904 uerbi
1755 1856 1981 1903 audiendi

352 1934 608 1980 uoluntate
642 1934 937 1993 detinentur,
974 1945 1025 1981 ut
1058 1936 1287 1982 absoluta
1310 1936 1566 1995 concione,
1593 1935 1810 1981 maximo
1833 1934 1981 1980 animi

351 2010 539 2056 affectu
563 2011 626 2056 ad
649 2027 737 2056 nos
761 2013 1017 2070 accedant,
1045 2029 1160 2058 num
1184 2013 1405 2070 sequenti
1429 2013 1506 2059 die
1529 2012 1701 2059 futura
1725 2012 1786 2058 sit
1809 2011 1982 2058 concio

349 2097 589 2146 petentes,
612 2089 807 2146 quando
832 2089 877 2134 id
902 2105 931 2135 a
951 2090 1304 2136 concionatore
1328 2091 1487 2137 minus
1510 2090 1812 2147 acceperint.
1836 2088 1982 2146 Quod

350 2165 388 2210 si
416 2165 581 2211 futura
604 2166 681 2223 sit,
708 2167 776 2212 ita
801 2167 943 2212 laetis
966 2168 1237 2224 suscipiunt
1260 2168 1455 2224 animis,
1489 2177 1541 2214 ut
1571 2167 1759 2214 laetitia
1794 2167 1981 2224 gestire

351 2243 629 2300 uideantur;
656 2259 815 2301 neque
839 2245 931 2290 hoc
955 2245 1001 2289 in
1026 2255 1198 2291 nostra
1222 2247 1378 2291 solum
1402 2245 1455 2292 fit
1481 2246 1708 2303 ecclesia,
1735 2245 1822 2290 sed
1846 2245 1893 2289 in
1916 2243 1980 2289 di-

349 2320 506 2365 uersis
529 2320 678 2366 etiam
702 2321 837 2375 locis,
864 2337 960 2379 quo
985 2337 1046 2366 ex
1071 2323 1252 2368 nostris
1277 2323 1413 2368 multi
1439 2321 1782 2368 concionaturi
1817 2321 1978 2378 singu-

347 2397 404 2442 lis
427 2396 532 2442 fere
556 2397 727 2442 diebus
750 2397 887 2443 festis
911 2399 1170 2456 accedunt,
1204 2399 1470 2457 aliquando
1501 2407 1675 2456 sponte
1698 2413 1804 2454 sua,
1832 2397 1980 2443 inter-

348 2473 461 2518 dum
485 2473 634 2520 etiam
658 2475 925 2519 multorum
950 2475 1184 2521 nobilium
1218 2476 1450 2533 precibus
1483 2475 1692 2533 inuitati;
1730 2475 1906 2532 quibus
1940 2474 1979 2519 si

346 2550 474 2596 forte
499 2552 723 2597 omnibus
747 2552 986 2597 uellemus
1008 2552 1318 2610 satisfacere,
1345 2569 1442 2599 non
1466 2553 1622 2598 modo·
1638 2552 1768 2609 festi,
1794 2551 1880 2597 sed
1905 2566 1978 2596 re-
2042 2583 2043 2587 ,

347 2628 460 2685 liqui
479 2644 673 2686 quoque
692 2629 794 2675 dies
818 2645 847 2674 a
871 2629 1051 2675 nostris
1071 2630 1412 2676 concionando
1436 2631 1823 2676 insumerentur:
1845 2627 1977 2686 quod

345 2714 511 2751 tamen
545 2706 686 2751 nobis
720 2721 807 2763 per
840 2706 937 2752 alia
973 2722 1066 2752 non
1105 2707 1266 2753 minus
1300 2707 1589 2753 necessaria
1628 2706 1978 2764 impedimenta

346 2782 517 2828 facere
542 2783 738 2829 minime
761 2784 890 2830 licet.

402 2860 444 2904 A.
512 2859 565 2905 In
588 2861 897 2906 xenodochio
916 2877 1012 2906 non
1031 2861 1177 2907 modo
1196 2877 1443 2919 pauperes
1462 2870 1717 2920 aegrotOS,
1741 2870 1844 2907 tum
1862 2875 1976 2906 con-

344 2935 565 2981 cionibus
589 2945 691 2982 tum
715 2937 922 2994 priuatis
946 2938 1374 2984 exhortationibus
1404 2938 1643 2984 adiuuant
1681 2937 1856 2994 nostri,
1890 2937 1976 2983 sed
2025 2992 2027 2994 q

344 3013 694 3069 complurimas
728 3015 876 3059 etiam
910 3014 1098 3072 puellas
1127 3023 1340 3071 utroque
1364 3025 1571 3072 parente
1596 3014 1667 3072 (ut
1687 3013 1869 3071 dicunt)
1895 3028 1972 3059 or-

344 3090 504 3147 bataS,
530 3090 577 3135 in
601 3091 820 3137 moribus
843 3092 1089 3138 instruunt
1112 3092 1407 3138 christianis.
1435 3092 1488 3138 In
1511 3092 1619 3138 aliis
1653 3106 1847 3150 quoque
1885 3090 1976 3148 piis
