<?xml version="1.0" encoding="UTF-8"?>
<!DOCTYPE html PUBLIC "-//W3C//DTD XHTML 1.0 Transitional//EN"
    "http://www.w3.org/TR/xhtml1/DTD/xhtml1-transitional.dtd">
<html xmlns="http://www.w3.org/1999/xhtml" xml:lang="en" lang="en">
 <head>
  <title>
</title>
<meta http-equiv="Content-Type" content="text/html;charset=utf-8" />
  <meta name='ocr-system' content='tesseract 3.04.00' />
  <meta name='ocr-capabilities' content='ocr_page ocr_carea ocr_par ocr_line ocrx_word'/>
</head>
<body>
  <div class='ocr_page' id='page_1' title='image "./litteraequadrime1705lain_0838.png"; bbox 0 0 1909 3328; ppageno 0'>
   <div class='ocr_carea' id='block_1_1' title="bbox 257 272 1335 318">
    <p class='ocr_par' dir='ltr' id='par_1_1' title="bbox 257 272 1335 318">
     <span class='ocr_line' id='line_1_1' title="bbox 257 272 1335 318; baseline -0.006 -5"><span class='ocrx_word' id='word_1_1' title='bbox 257 276 327 313; x_wconf 59' lang='lat'><strong>506</strong></span> <span class='ocrx_word' id='word_1_2' title='bbox 728 274 949 309; x_wconf 67' lang='lat' dir='ltr'><strong>Lir&#39;rERAE</strong></span> <span class='ocrx_word' id='word_1_3' title='bbox 978 272 1335 318; x_wconf 73' lang='lat' dir='ltr'><strong>QUADfflMEsrREs</strong></span> 
     </span>
    </p>
   </div>
   <div class='ocr_carea' id='block_1_2' title="bbox 212 365 1867 2978">
    <p class='ocr_par' dir='ltr' id='par_1_2' title="bbox 212 365 1867 891">
     <span class='ocr_line' id='line_1_2' title="bbox 212 365 1850 426; baseline -0.003 -11"><span class='ocrx_word' id='word_1_4' title='bbox 212 370 424 416; x_wconf 86' lang='lat' dir='ltr'><strong>rectoris</strong></span> <span class='ocrx_word' id='word_1_5' title='bbox 459 370 622 426; x_wconf 87' lang='lat' dir='ltr'><strong>(abest</strong></span> <span class='ocrx_word' id='word_1_6' title='bbox 655 369 785 413; x_wconf 87' lang='lat' dir='ltr'><strong>enim</strong></span> <span class='ocrx_word' id='word_1_7' title='bbox 810 368 964 413; x_wconf 87' lang='lat' dir='ltr'><strong>Pater</strong></span> <span class='ocrx_word' id='word_1_8' title='bbox 988 366 1191 424; x_wconf 86' lang='lat' dir='ltr'><strong>Gaspar</strong></span> <span class='ocrx_word' id='word_1_9' title='bbox 1215 369 1247 424; x_wconf 85' lang='lat'><strong>¹,</strong></span> <span class='ocrx_word' id='word_1_10' title='bbox 1275 367 1357 423; x_wconf 92' lang='lat' dir='ltr'><strong>qui</strong></span> <span class='ocrx_word' id='word_1_11' title='bbox 1383 376 1551 412; x_wconf 87' lang='lat' dir='ltr'><strong>rector</strong></span> <span class='ocrx_word' id='word_1_12' title='bbox 1576 375 1725 411; x_wconf 90' lang='lat' dir='ltr'><strong>antea</strong></span> <span class='ocrx_word' id='word_1_13' title='bbox 1748 365 1850 410; x_wconf 77' lang='lat' dir='ltr'><strong>fue-</strong></span> 
     </span>
     <span class='ocr_line' id='line_1_3' title="bbox 213 443 1850 505; baseline -0.002 -13"><span class='ocrx_word' id='word_1_14' title='bbox 213 459 306 505; x_wconf 74' lang='lat' dir='ltr'><strong>rat,</strong></span> <span class='ocrx_word' id='word_1_15' title='bbox 344 448 390 492; x_wconf 90' lang='lat' dir='ltr'><strong>in</strong></span> <span class='ocrx_word' id='word_1_16' title='bbox 431 447 724 504; x_wconf 88' lang='lat' dir='ltr'><strong>obsequium</strong></span> <span class='ocrx_word' id='word_1_17' title='bbox 758 446 820 491; x_wconf 89' lang='lat' dir='ltr'><strong>D.</strong></span> <span class='ocrx_word' id='word_1_18' title='bbox 860 445 1130 491; x_wconf 89' lang='lat' dir='ltr'><strong>cardinalis</strong></span> <span class='ocrx_word' id='word_1_19' title='bbox 1168 444 1430 502; x_wconf 90' lang='lat' dir='ltr'><strong>burgensis</strong></span> <span class='ocrx_word' id='word_1_20' title='bbox 1464 444 1526 489; x_wconf 89' lang='lat' dir='ltr'><strong>ad</strong></span> <span class='ocrx_word' id='word_1_21' title='bbox 1561 443 1850 500; x_wconf 90' lang='lat' dir='ltr'><strong>praedican-</strong></span> 
     </span>
     <span class='ocr_line' id='line_1_4' title="bbox 213 521 1867 581; baseline -0.003 -11"><span class='ocrx_word' id='word_1_22' title='bbox 213 527 324 571; x_wconf 90' lang='lat' dir='ltr'><strong>dum</strong></span> <span class='ocrx_word' id='word_1_23' title='bbox 361 525 559 581; x_wconf 89' lang='lat' dir='ltr'><strong>missus)</strong></span> <span class='ocrx_word' id='word_1_24' title='bbox 596 524 797 570; x_wconf 90' lang='lat' dir='ltr'><strong>tandem</strong></span> <span class='ocrx_word' id='word_1_25' title='bbox 837 523 1026 581; x_wconf 79' lang='lat' dir='ltr'><strong>recepti</strong></span> <span class='ocrx_word' id='word_1_26' title='bbox 1066 533 1198 580; x_wconf 90' lang='lat' dir='ltr'><strong>sunt,</strong></span> <span class='ocrx_word' id='word_1_27' title='bbox 1236 533 1283 568; x_wconf 92' lang='lat' dir='ltr'><strong>et</strong></span> <span class='ocrx_word' id='word_1_28' title='bbox 1324 534 1375 567; x_wconf 89' lang='lat' dir='ltr'><strong>vt</strong></span> <span class='ocrx_word' id='word_1_29' title='bbox 1414 522 1552 567; x_wconf 91' lang='lat' dir='ltr'><strong>uiros</strong></span> <span class='ocrx_word' id='word_1_30' title='bbox 1587 521 1867 578; x_wconf 83' lang='lat' dir='ltr'><strong>religiosos.</strong></span> 
     </span>
     <span class='ocr_line' id='line_1_5' title="bbox 213 599 1851 660; baseline -0.004 -12"><span class='ocrx_word' id='word_1_31' title='bbox 213 604 370 660; x_wconf 82' lang='lat' dir='ltr'><strong>decet,</strong></span> <span class='ocrx_word' id='word_1_32' title='bbox 398 617 604 647; x_wconf 89' lang='lat' dir='ltr'><strong>munere</strong></span> <span class='ocrx_word' id='word_1_33' title='bbox 628 601 799 659; x_wconf 83' lang='lat' dir='ltr'><strong>functi,</strong></span> <span class='ocrx_word' id='word_1_34' title='bbox 827 602 1097 646; x_wconf 89' lang='lat' dir='ltr'><strong>multorum</strong></span> <span class='ocrx_word' id='word_1_35' title='bbox 1121 600 1212 646; x_wconf 84' lang='lat' dir='ltr'>sibi</span> <span class='ocrx_word' id='word_1_36' title='bbox 1236 599 1636 645; x_wconf 88' lang='lat' dir='ltr'><strong>beneuolentiam</strong></span> <span class='ocrx_word' id='word_1_37' title='bbox 1660 613 1851 654; x_wconf 91' lang='lat' dir='ltr'><strong>prome-</strong></span> 
     </span>
     <span class='ocr_line' id='line_1_6' title="bbox 212 675 1852 734; baseline -0.004 -9"><span class='ocrx_word' id='word_1_38' title='bbox 212 690 437 725; x_wconf 90' lang='lat' dir='ltr'><strong>ruerunt.</strong></span> <span class='ocrx_word' id='word_1_39' title='bbox 484 679 624 725; x_wconf 87' lang='lat' dir='ltr'><strong>Haec</strong></span> <span class='ocrx_word' id='word_1_40' title='bbox 662 678 867 724; x_wconf 74' lang='lat' dir='ltr'><strong>fauente</strong></span> <span class='ocrx_word' id='word_1_41' title='bbox 906 678 1104 723; x_wconf 90' lang='lat' dir='ltr'><strong>numine</strong></span> <span class='ocrx_word' id='word_1_42' title='bbox 1144 677 1276 722; x_wconf 88' lang='lat' dir='ltr'><strong>domi</strong></span> <span class='ocrx_word' id='word_1_43' title='bbox 1315 686 1478 734; x_wconf 90' lang='lat' dir='ltr'><strong>gesta,</strong></span> <span class='ocrx_word' id='word_1_44' title='bbox 1521 675 1646 721; x_wconf 80' lang='lat' dir='ltr'><strong>foris</strong></span> <span class='ocrx_word' id='word_1_45' title='bbox 1685 683 1852 720; x_wconf 90' lang='lat' dir='ltr'><strong>autem</strong></span> 
     </span>
     <span class='ocr_line' id='line_1_7' title="bbox 212 752 1850 815; baseline -0.004 -12"><span class='ocrx_word' id='word_1_46' title='bbox 212 773 306 803; x_wconf 87' lang='lat' dir='ltr'><strong>non</strong></span> <span class='ocrx_word' id='word_1_47' title='bbox 335 773 513 815; x_wconf 90' lang='lat' dir='ltr'><strong>pauca,</strong></span> <span class='ocrx_word' id='word_1_48' title='bbox 541 773 603 803; x_wconf 85' lang='lat' dir='ltr'><strong>ex</strong></span> <span class='ocrx_word' id='word_1_49' title='bbox 629 757 804 814; x_wconf 85' lang='lat' dir='ltr'><strong>quibus</strong></span> <span class='ocrx_word' id='word_1_50' title='bbox 828 757 970 802; x_wconf 89' lang='lat' dir='ltr'><strong>breui</strong></span> <span class='ocrx_word' id='word_1_51' title='bbox 995 755 1307 812; x_wconf 89' lang='lat' dir='ltr'><strong>compendio,</strong></span> <span class='ocrx_word' id='word_1_52' title='bbox 1330 770 1390 800; x_wconf 88' lang='lat' dir='ltr'><strong>ne</strong></span> <span class='ocrx_word' id='word_1_53' title='bbox 1413 753 1638 811; x_wconf 88' lang='lat' dir='ltr'><strong>prolixus</strong></span> <span class='ocrx_word' id='word_1_54' title='bbox 1660 752 1850 803; x_wconf 80' lang='lat' dir='ltr'><strong>videar,</strong></span> 
     </span>
     <span class='ocr_line' id='line_1_8' title="bbox 212 835 832 891; baseline -0.005 -10"><span class='ocrx_word' id='word_1_55' title='bbox 212 835 450 881; x_wconf 89' lang='lat' dir='ltr'><strong>nonnulla</strong></span> <span class='ocrx_word' id='word_1_56' title='bbox 475 835 832 891; x_wconf 72' lang='lat' dir='ltr'>perstringam.</span> 
     </span>
    </p>

    <p class='ocr_par' dir='ltr' id='par_1_3' title="bbox 213 906 1864 2978">
     <span class='ocr_line' id='line_1_9' title="bbox 255 906 1847 969; baseline -0.004 -12"><span class='ocrx_word' id='word_1_57' title='bbox 255 913 299 958; x_wconf 75' lang='lat'><strong>6.</strong></span> <span class='ocrx_word' id='word_1_58' title='bbox 353 912 460 957; x_wconf 89' lang='lat' dir='ltr'><strong>Non</strong></span> <span class='ocrx_word' id='word_1_59' title='bbox 483 912 701 969; x_wconf 81' lang='lat' dir='ltr'>ignorat,</span> <span class='ocrx_word' id='word_1_60' title='bbox 724 920 778 956; x_wconf 90' lang='lat' dir='ltr'><strong>vt</strong></span> <span class='ocrx_word' id='word_1_61' title='bbox 797 911 1037 967; x_wconf 75' lang='lat' dir='ltr'>arbitror,</span> <span class='ocrx_word' id='word_1_62' title='bbox 1064 910 1341 967; x_wconf 90' lang='lat' dir='ltr'><strong>paternitas</strong></span> <span class='ocrx_word' id='word_1_63' title='bbox 1363 918 1551 960; x_wconf 88' lang='lat' dir='ltr'><strong>vestra,</strong></span> <span class='ocrx_word' id='word_1_64' title='bbox 1573 906 1722 952; x_wconf 87' lang='lat' dir='ltr'><strong>Rum.</strong></span> <span class='ocrx_word' id='word_1_65' title='bbox 1745 921 1847 951; x_wconf 88' lang='lat' dir='ltr'><strong>car-</strong></span> 
     </span>
     <span class='ocr_line' id='line_1_10' title="bbox 213 983 1852 1046; baseline -0.005 -11"><span class='ocrx_word' id='word_1_66' title='bbox 213 990 426 1035; x_wconf 88' lang='lat' dir='ltr'><strong>dinalem</strong></span> <span class='ocrx_word' id='word_1_67' title='bbox 451 990 735 1046; x_wconf 89' lang='lat' dir='ltr'><strong>burgensen</strong></span> <span class='ocrx_word' id='word_1_68' title='bbox 761 989 961 1034; x_wconf 90' lang='lat' dir='ltr'><strong>ineunte</strong></span> <span class='ocrx_word' id='word_1_69' title='bbox 984 1003 1106 1033; x_wconf 88' lang='lat' dir='ltr'><strong>uere</strong></span> <span class='ocrx_word' id='word_1_70' title='bbox 1131 1003 1160 1032; x_wconf 91' lang='lat' dir='ltr'><strong>a</strong></span> <span class='ocrx_word' id='word_1_71' title='bbox 1183 987 1336 1032; x_wconf 85' lang='lat' dir='ltr'><strong>Patre</strong></span> <span class='ocrx_word' id='word_1_72' title='bbox 1356 984 1632 1030; x_wconf 84' lang='lat' dir='ltr'><strong>Francisco</strong></span> <span class='ocrx_word' id='word_1_73' title='bbox 1651 983 1852 1029; x_wconf 82' lang='lat' dir='ltr'><strong>nonnul-</strong></span> 
     </span>
     <span class='ocr_line' id='line_1_11' title="bbox 214 1060 1853 1122; baseline -0.005 -10"><span class='ocrx_word' id='word_1_74' title='bbox 214 1069 286 1113; x_wconf 89' lang='lat' dir='ltr'><strong>los</strong></span> <span class='ocrx_word' id='word_1_75' title='bbox 311 1083 376 1112; x_wconf 87' lang='lat' dir='ltr'><strong>ex</strong></span> <span class='ocrx_word' id='word_1_76' title='bbox 394 1067 577 1112; x_wconf 88' lang='lat' dir='ltr'><strong>nostris</strong></span> <span class='ocrx_word' id='word_1_77' title='bbox 602 1066 665 1111; x_wconf 88' lang='lat' dir='ltr'><strong>ad</strong></span> <span class='ocrx_word' id='word_1_78' title='bbox 688 1081 741 1111; x_wconf 91' lang='lat' dir='ltr'><strong>se</strong></span> <span class='ocrx_word' id='word_1_79' title='bbox 765 1066 986 1111; x_wconf 90' lang='lat' dir='ltr'><strong>mitteret</strong></span> <span class='ocrx_word' id='word_1_80' title='bbox 1006 1064 1334 1122; x_wconf 83' lang='lat' dir='ltr'><strong>efflagitasse,</strong></span> <span class='ocrx_word' id='word_1_81' title='bbox 1357 1063 1438 1120; x_wconf 88' lang='lat' dir='ltr'><strong>qui</strong></span> <span class='ocrx_word' id='word_1_82' title='bbox 1463 1062 1711 1107; x_wconf 88' lang='lat' dir='ltr'><strong>montanis</strong></span> <span class='ocrx_word' id='word_1_83' title='bbox 1729 1060 1853 1105; x_wconf 84' lang='lat' dir='ltr'><strong>Bur-</strong></span> 
     </span>
     <span class='ocr_line' id='line_1_12' title="bbox 214 1139 1853 1202; baseline -0.004 -12"><span class='ocrx_word' id='word_1_84' title='bbox 214 1161 395 1202; x_wconf 89' lang='lat' dir='ltr'><strong>gorum</strong></span> <span class='ocrx_word' id='word_1_85' title='bbox 420 1144 541 1190; x_wconf 91' lang='lat' dir='ltr'><strong>locis</strong></span> <span class='ocrx_word' id='word_1_86' title='bbox 565 1144 847 1189; x_wconf 91' lang='lat' dir='ltr'><strong>doctrinam</strong></span> <span class='ocrx_word' id='word_1_87' title='bbox 883 1144 1100 1188; x_wconf 83' lang='lat' dir='ltr'><strong>xianam.</strong></span> <span class='ocrx_word' id='word_1_88' title='bbox 1140 1142 1511 1199; x_wconf 67' lang='lat' dir='ltr'>praedicarent,</span> <span class='ocrx_word' id='word_1_89' title='bbox 1545 1139 1757 1185; x_wconf 88' lang='lat' dir='ltr'><strong>clericos</strong></span> <span class='ocrx_word' id='word_1_90' title='bbox 1788 1139 1853 1183; x_wconf 89' lang='lat' dir='ltr'><strong>in-</strong></span> 
     </span>
     <span class='ocr_line' id='line_1_13' title="bbox 213 1215 1855 1278; baseline -0.005 -11"><span class='ocrx_word' id='word_1_91' title='bbox 213 1231 484 1278; x_wconf 76' lang='lat' dir='ltr'><strong>struerent,</strong></span> <span class='ocrx_word' id='word_1_92' title='bbox 527 1222 877 1266; x_wconf 79' lang='lat' dir='ltr'><strong>examinarent</strong></span> <span class='ocrx_word' id='word_1_93' title='bbox 916 1236 1039 1277; x_wconf 85' lang='lat' dir='ltr'><strong>quos</strong></span> <span class='ocrx_word' id='word_1_94' title='bbox 1080 1220 1280 1275; x_wconf 83' lang='lat' dir='ltr'><strong>uellent,</strong></span> <span class='ocrx_word' id='word_1_95' title='bbox 1323 1219 1516 1275; x_wconf 89' lang='lat' dir='ltr'><strong>ineptos</strong></span> <span class='ocrx_word' id='word_1_96' title='bbox 1555 1216 1752 1273; x_wconf 84' lang='lat' dir='ltr'><strong>quidem</strong></span> <span class='ocrx_word' id='word_1_97' title='bbox 1792 1215 1855 1260; x_wconf 92' lang='lat' dir='ltr'><strong>ad</strong></span> 
     </span>
     <span class='ocr_line' id='line_1_14' title="bbox 215 1292 1854 1355; baseline -0.005 -10"><span class='ocrx_word' id='word_1_98' title='bbox 215 1301 497 1350; x_wconf 84' lang='lat' dir='ltr'><strong>animarum</strong></span> <span class='ocrx_word' id='word_1_99' title='bbox 522 1315 698 1344; x_wconf 89' lang='lat' dir='ltr'><strong>curam</strong></span> <span class='ocrx_word' id='word_1_100' title='bbox 718 1299 993 1355; x_wconf 89' lang='lat' dir='ltr'><strong>gerendam</strong></span> <span class='ocrx_word' id='word_1_101' title='bbox 1018 1292 1268 1353; x_wconf 83' lang='lat' dir='ltr'><strong>notarent,</strong></span> <span class='ocrx_word' id='word_1_102' title='bbox 1295 1297 1502 1342; x_wconf 90' lang='lat' dir='ltr'><strong>idoneos</strong></span> <span class='ocrx_word' id='word_1_103' title='bbox 1526 1305 1694 1339; x_wconf 86' lang='lat' dir='ltr'><strong>autem</strong></span> <span class='ocrx_word' id='word_1_104' title='bbox 1719 1303 1767 1338; x_wconf 91' lang='lat' dir='ltr'><strong>et</strong></span> <span class='ocrx_word' id='word_1_105' title='bbox 1791 1293 1854 1338; x_wconf 88' lang='lat' dir='ltr'><strong>ad</strong></span> 
     </span>
     <span class='ocr_line' id='line_1_15' title="bbox 216 1371 1854 1434; baseline -0.005 -12"><span class='ocrx_word' id='word_1_106' title='bbox 216 1379 402 1434; x_wconf 85' lang='lat' dir='ltr'><strong>probos</strong></span> <span class='ocrx_word' id='word_1_107' title='bbox 443 1392 610 1422; x_wconf 92' lang='lat' dir='ltr'><strong>mores</strong></span> <span class='ocrx_word' id='word_1_108' title='bbox 644 1388 690 1421; x_wconf 90' lang='lat' dir='ltr'><strong>et</strong></span> <span class='ocrx_word' id='word_1_109' title='bbox 725 1377 787 1421; x_wconf 88' lang='lat' dir='ltr'><strong>ad</strong></span> <span class='ocrx_word' id='word_1_110' title='bbox 828 1376 1172 1433; x_wconf 86' lang='lat' dir='ltr'><strong>proximorum</strong></span> <span class='ocrx_word' id='word_1_111' title='bbox 1207 1374 1355 1419; x_wconf 89' lang='lat' dir='ltr'><strong>saluti</strong></span> <span class='ocrx_word' id='word_1_112' title='bbox 1395 1371 1754 1430; x_wconf 85' lang='lat' dir='ltr'><strong>inuigilandum</strong></span> <span class='ocrx_word' id='word_1_113' title='bbox 1788 1371 1854 1415; x_wconf 89' lang='lat' dir='ltr'><strong>in-</strong></span> 
     </span>
     <span class='ocr_line' id='line_1_16' title="bbox 215 1449 1852 1510; baseline -0.004 -11"><span class='ocrx_word' id='word_1_114' title='bbox 215 1455 546 1500; x_wconf 84' lang='lat' dir='ltr'><strong>flammarent.</strong></span> <span class='ocrx_word' id='word_1_115' title='bbox 570 1454 701 1498; x_wconf 88' lang='lat' dir='ltr'><strong>Misit</strong></span> <span class='ocrx_word' id='word_1_116' title='bbox 727 1469 851 1510; x_wconf 90' lang='lat' dir='ltr'><strong>ergo</strong></span> <span class='ocrx_word' id='word_1_117' title='bbox 872 1453 953 1498; x_wconf 84' lang='lat' dir='ltr'><strong>Pr.</strong></span> <span class='ocrx_word' id='word_1_118' title='bbox 976 1452 1281 1497; x_wconf 81' lang='lat' dir='ltr'><strong>Franciscus</strong></span> <span class='ocrx_word' id='word_1_119' title='bbox 1300 1452 1423 1496; x_wconf 87' lang='lat' dir='ltr'><strong>duos</strong></span> <span class='ocrx_word' id='word_1_120' title='bbox 1447 1449 1757 1506; x_wconf 79' lang='lat' dir='ltr'><strong>presbiteros</strong></span> <span class='ocrx_word' id='word_1_121' title='bbox 1781 1458 1852 1493; x_wconf 90' lang='lat' dir='ltr'><strong>to-</strong></span> 
     </span>
     <span class='ocr_line' id='line_1_17' title="bbox 215 1525 1849 1588; baseline -0.005 -11"><span class='ocrx_word' id='word_1_122' title='bbox 215 1532 464 1588; x_wconf 88' lang='lat' dir='ltr'><strong>tidemque</strong></span> <span class='ocrx_word' id='word_1_123' title='bbox 495 1531 750 1585; x_wconf 81' lang='lat' dir='ltr'><strong>diaconos,</strong></span> <span class='ocrx_word' id='word_1_124' title='bbox 778 1531 838 1576; x_wconf 93' lang='lat' dir='ltr'><strong>de</strong></span> <span class='ocrx_word' id='word_1_125' title='bbox 863 1546 1072 1587; x_wconf 85' lang='lat' dir='ltr'><strong>quorum</strong></span> <span class='ocrx_word' id='word_1_126' title='bbox 1099 1530 1144 1574; x_wconf 88' lang='lat' dir='ltr'><strong>in</strong></span> <span class='ocrx_word' id='word_1_127' title='bbox 1171 1530 1264 1574; x_wconf 89' lang='lat' dir='ltr'><strong>hoc</strong></span> <span class='ocrx_word' id='word_1_128' title='bbox 1288 1528 1517 1573; x_wconf 91' lang='lat' dir='ltr'><strong>obeundo</strong></span> <span class='ocrx_word' id='word_1_129' title='bbox 1554 1542 1759 1571; x_wconf 88' lang='lat' dir='ltr'><strong>munere</strong></span> <span class='ocrx_word' id='word_1_130' title='bbox 1783 1525 1849 1570; x_wconf 89' lang='lat' dir='ltr'><strong>di-</strong></span> 
     </span>
     <span class='ocr_line' id='line_1_18' title="bbox 216 1603 1857 1667; baseline -0.004 -13"><span class='ocrx_word' id='word_1_131' title='bbox 216 1609 439 1667; x_wconf 83' lang='lat' dir='ltr'><strong>ligentia,</strong></span> <span class='ocrx_word' id='word_1_132' title='bbox 476 1609 522 1654; x_wconf 91' lang='lat' dir='ltr'><strong>in</strong></span> <span class='ocrx_word' id='word_1_133' title='bbox 559 1608 884 1665; x_wconf 87' lang='lat' dir='ltr'><strong>profligandis</strong></span> <span class='ocrx_word' id='word_1_134' title='bbox 919 1608 1049 1652; x_wconf 90' lang='lat' dir='ltr'><strong>uitiis</strong></span> <span class='ocrx_word' id='word_1_135' title='bbox 1091 1606 1386 1663; x_wconf 76' lang='lat' dir='ltr'><strong>acrimonia,</strong></span> <span class='ocrx_word' id='word_1_136' title='bbox 1424 1606 1468 1651; x_wconf 89' lang='lat' dir='ltr'><strong>in</strong></span> <span class='ocrx_word' id='word_1_137' title='bbox 1505 1603 1761 1650; x_wconf 87' lang='lat' dir='ltr'><strong>flectendis</strong></span> <span class='ocrx_word' id='word_1_138' title='bbox 1794 1603 1857 1648; x_wconf 92' lang='lat' dir='ltr'><strong>ad</strong></span> 
     </span>
     <span class='ocr_line' id='line_1_19' title="bbox 216 1681 1857 1743; baseline -0.003 -13"><span class='ocrx_word' id='word_1_139' title='bbox 216 1687 568 1743; x_wconf 85' lang='lat' dir='ltr'><strong>poenitentiam</strong></span> <span class='ocrx_word' id='word_1_140' title='bbox 606 1686 866 1742; x_wconf 78' lang='lat' dir='ltr'><strong>flagitiosis</strong></span> <span class='ocrx_word' id='word_1_141' title='bbox 896 1685 1172 1730; x_wconf 90' lang='lat' dir='ltr'><strong>hominibus</strong></span> <span class='ocrx_word' id='word_1_142' title='bbox 1198 1684 1246 1729; x_wconf 92' lang='lat' dir='ltr'><strong>ui</strong></span> <span class='ocrx_word' id='word_1_143' title='bbox 1270 1695 1318 1729; x_wconf 90' lang='lat' dir='ltr'><strong>et</strong></span> <span class='ocrx_word' id='word_1_144' title='bbox 1342 1683 1564 1739; x_wconf 84' lang='lat' dir='ltr'><strong>energia,</strong></span> <span class='ocrx_word' id='word_1_145' title='bbox 1590 1681 1857 1738; x_wconf 89' lang='lat' dir='ltr'><strong>superiori-</strong></span> 
     </span>
     <span class='ocr_line' id='line_1_20' title="bbox 219 1758 1858 1820; baseline -0.004 -11"><span class='ocrx_word' id='word_1_146' title='bbox 219 1766 312 1810; x_wconf 90' lang='lat' dir='ltr'><strong>bus</strong></span> <span class='ocrx_word' id='word_1_147' title='bbox 336 1764 510 1809; x_wconf 85' lang='lat' dir='ltr'><strong>diebus</strong></span> <span class='ocrx_word' id='word_1_148' title='bbox 544 1764 848 1820; x_wconf 80' lang='lat' dir='ltr'><strong>scripsimus.</strong></span> <span class='ocrx_word' id='word_1_149' title='bbox 887 1763 1018 1819; x_wconf 83' lang='lat' dir='ltr'><strong>Quid</strong></span> <span class='ocrx_word' id='word_1_150' title='bbox 1054 1778 1178 1807; x_wconf 90' lang='lat' dir='ltr'><strong>uero</strong></span> <span class='ocrx_word' id='word_1_151' title='bbox 1216 1760 1412 1818; x_wconf 85' lang='lat' dir='ltr'><strong>postea?</strong></span> <span class='ocrx_word' id='word_1_152' title='bbox 1447 1759 1781 1805; x_wconf 82' lang='lat' dir='ltr'><strong>Perstiterunt</strong></span> <span class='ocrx_word' id='word_1_153' title='bbox 1810 1758 1858 1803; x_wconf 91' lang='lat' dir='ltr'><strong>in</strong></span> 
     </span>
     <span class='ocr_line' id='line_1_21' title="bbox 217 1836 1853 1897; baseline -0.005 -10"><span class='ocrx_word' id='word_1_154' title='bbox 217 1841 381 1887; x_wconf 75' lang='lat' dir='ltr'><strong>officio</strong></span> <span class='ocrx_word' id='word_1_155' title='bbox 409 1841 655 1886; x_wconf 81' lang='lat' dir='ltr'><strong>indefesso</strong></span> <span class='ocrx_word' id='word_1_156' title='bbox 681 1841 845 1886; x_wconf 87' lang='lat' dir='ltr'><strong>animo</strong></span> <span class='ocrx_word' id='word_1_157' title='bbox 871 1850 918 1885; x_wconf 91' lang='lat' dir='ltr'><strong>et</strong></span> <span class='ocrx_word' id='word_1_158' title='bbox 942 1856 1134 1897; x_wconf 88' lang='lat' dir='ltr'><strong>genera</strong></span> <span class='ocrx_word' id='word_1_159' title='bbox 1158 1838 1569 1896; x_wconf 84' lang='lat' dir='ltr'><strong>superstitionum</strong></span> <span class='ocrx_word' id='word_1_160' title='bbox 1594 1836 1738 1881; x_wconf 89' lang='lat' dir='ltr'><strong>uaria</strong></span> <span class='ocrx_word' id='word_1_161' title='bbox 1763 1851 1853 1892; x_wconf 87' lang='lat' dir='ltr'><strong>pro</strong></span> 
     </span>
     <span class='ocr_line' id='line_1_22' title="bbox 217 1913 1857 1975; baseline -0.005 -11"><span class='ocrx_word' id='word_1_162' title='bbox 217 1919 407 1964; x_wconf 85' lang='lat' dir='ltr'><strong>uiribus</strong></span> <span class='ocrx_word' id='word_1_163' title='bbox 432 1918 764 1975; x_wconf 87' lang='lat' dir='ltr'><strong>extirparunt,</strong></span> <span class='ocrx_word' id='word_1_164' title='bbox 793 1918 970 1975; x_wconf 88' lang='lat' dir='ltr'><strong>quibus</strong></span> <span class='ocrx_word' id='word_1_165' title='bbox 1005 1918 1098 1962; x_wconf 87' lang='lat' dir='ltr'><strong>hae</strong></span> <span class='ocrx_word' id='word_1_166' title='bbox 1133 1916 1404 1973; x_wconf 87' lang='lat' dir='ltr'><strong>praecipue</strong></span> <span class='ocrx_word' id='word_1_167' title='bbox 1438 1923 1616 1970; x_wconf 84' lang='lat' dir='ltr'><strong>gentes</strong></span> <span class='ocrx_word' id='word_1_168' title='bbox 1641 1913 1857 1958; x_wconf 83' lang='lat' dir='ltr'><strong>maxime</strong></span> 
     </span>
     <span class='ocr_line' id='line_1_23' title="bbox 218 1990 1856 2050; baseline -0.004 -10"><span class='ocrx_word' id='word_1_169' title='bbox 218 1997 466 2042; x_wconf 89' lang='lat' dir='ltr'><strong>laborant.</strong></span> <span class='ocrx_word' id='word_1_170' title='bbox 517 1995 797 2040; x_wconf 75' lang='lat' dir='ltr'><strong>Audierunt</strong></span> <span class='ocrx_word' id='word_1_171' title='bbox 851 1995 1119 2039; x_wconf 87' lang='lat' dir='ltr'><strong>multorum</strong></span> <span class='ocrx_word' id='word_1_172' title='bbox 1173 1993 1441 2050; x_wconf 87' lang='lat' dir='ltr'><strong>generales</strong></span> <span class='ocrx_word' id='word_1_173' title='bbox 1491 1990 1856 2046; x_wconf 75' lang='lat' dir='ltr'><strong>confessiones,</strong></span> 
     </span>
     <span class='ocr_line' id='line_1_24' title="bbox 217 2067 1858 2131; baseline -0.005 -12"><span class='ocrx_word' id='word_1_174' title='bbox 217 2089 431 2131; x_wconf 88' lang='lat' dir='ltr'><strong>quarum</strong></span> <span class='ocrx_word' id='word_1_175' title='bbox 455 2088 550 2117; x_wconf 91' lang='lat' dir='ltr'><strong>non</strong></span> <span class='ocrx_word' id='word_1_176' title='bbox 577 2088 763 2129; x_wconf 83' lang='lat' dir='ltr'><strong>paruus</strong></span> <span class='ocrx_word' id='word_1_177' title='bbox 797 2071 889 2117; x_wconf 77' lang='lat' dir='ltr'><strong>fuit</strong></span> <span class='ocrx_word' id='word_1_178' title='bbox 924 2085 1242 2128; x_wconf 87' lang='lat' dir='ltr'><strong>concurssus;</strong></span> <span class='ocrx_word' id='word_1_179' title='bbox 1271 2069 1629 2127; x_wconf 83' lang='lat' dir='ltr'><strong>praedicarunt</strong></span> <span class='ocrx_word' id='word_1_180' title='bbox 1658 2067 1858 2113; x_wconf 88' lang='lat' dir='ltr'><strong>assidue</strong></span> 
     </span>
     <span class='ocr_line' id='line_1_25' title="bbox 218 2146 1858 2207; baseline -0.004 -11"><span class='ocrx_word' id='word_1_181' title='bbox 218 2152 429 2196; x_wconf 87' lang='lat' dir='ltr'><strong>verbum</strong></span> <span class='ocrx_word' id='word_1_182' title='bbox 456 2150 568 2207; x_wconf 88' lang='lat' dir='ltr'><strong>Dei,</strong></span> <span class='ocrx_word' id='word_1_183' title='bbox 595 2159 644 2195; x_wconf 91' lang='lat' dir='ltr'><strong>et</strong></span> <span class='ocrx_word' id='word_1_184' title='bbox 668 2165 754 2195; x_wconf 88' lang='lat' dir='ltr'><strong>eos</strong></span> <span class='ocrx_word' id='word_1_185' title='bbox 779 2150 857 2206; x_wconf 89' lang='lat' dir='ltr'><strong>qui</strong></span> <span class='ocrx_word' id='word_1_186' title='bbox 884 2149 1058 2206; x_wconf 87' lang='lat' dir='ltr'><strong>quauis</strong></span> <span class='ocrx_word' id='word_1_187' title='bbox 1084 2149 1142 2194; x_wconf 88' lang='lat' dir='ltr'><strong>de</strong></span> <span class='ocrx_word' id='word_1_188' title='bbox 1167 2163 1350 2193; x_wconf 89' lang='lat' dir='ltr'><strong>caussa</strong></span> <span class='ocrx_word' id='word_1_189' title='bbox 1385 2146 1663 2192; x_wconf 89' lang='lat' dir='ltr'><strong>inimicitias</strong></span> <span class='ocrx_word' id='word_1_190' title='bbox 1690 2154 1858 2190; x_wconf 88' lang='lat' dir='ltr'><strong>mutuo</strong></span> 
     </span>
     <span class='ocr_line' id='line_1_26' title="bbox 219 2223 1860 2285; baseline -0.005 -11"><span class='ocrx_word' id='word_1_191' title='bbox 219 2229 483 2285; x_wconf 89' lang='lat' dir='ltr'><strong>gerebant,</strong></span> <span class='ocrx_word' id='word_1_192' title='bbox 510 2227 557 2272; x_wconf 89' lang='lat' dir='ltr'><strong>in</strong></span> <span class='ocrx_word' id='word_1_193' title='bbox 582 2227 801 2284; x_wconf 89' lang='lat' dir='ltr'><strong>gratiam</strong></span> <span class='ocrx_word' id='word_1_194' title='bbox 837 2226 1094 2284; x_wconf 90' lang='lat' dir='ltr'><strong>pristinam</strong></span> <span class='ocrx_word' id='word_1_195' title='bbox 1132 2225 1455 2271; x_wconf 89' lang='lat' dir='ltr'><strong>reduxerunt.</strong></span> <span class='ocrx_word' id='word_1_196' title='bbox 1485 2223 1711 2268; x_wconf 85' lang='lat' dir='ltr'><strong>Tandem</strong></span> <span class='ocrx_word' id='word_1_197' title='bbox 1736 2223 1860 2267; x_wconf 91' lang='lat' dir='ltr'><strong>duos</strong></span> 
     </span>
     <span class='ocr_line' id='line_1_27' title="bbox 219 2298 1860 2363; baseline -0.004 -13"><span class='ocrx_word' id='word_1_198' title='bbox 219 2322 282 2351; x_wconf 91' lang='lat' dir='ltr'><strong>ex</strong></span> <span class='ocrx_word' id='word_1_199' title='bbox 306 2305 396 2363; x_wconf 91' lang='lat' dir='ltr'><strong>his,</strong></span> <span class='ocrx_word' id='word_1_200' title='bbox 425 2321 501 2350; x_wconf 91' lang='lat' dir='ltr'><strong>me</strong></span> <span class='ocrx_word' id='word_1_201' title='bbox 526 2304 788 2349; x_wconf 89' lang='lat' dir='ltr'><strong>diaconum</strong></span> <span class='ocrx_word' id='word_1_202' title='bbox 813 2304 892 2360; x_wconf 88' lang='lat' dir='ltr'><strong>(de</strong></span> <span class='ocrx_word' id='word_1_203' title='bbox 926 2319 1002 2348; x_wconf 87' lang='lat' dir='ltr'><strong>me</strong></span> <span class='ocrx_word' id='word_1_204' title='bbox 1036 2303 1164 2348; x_wconf 87' lang='lat' dir='ltr'><strong>enim</strong></span> <span class='ocrx_word' id='word_1_205' title='bbox 1200 2302 1423 2347; x_wconf 87' lang='lat' dir='ltr'><strong>scribere</strong></span> <span class='ocrx_word' id='word_1_206' title='bbox 1457 2299 1625 2358; x_wconf 90' lang='lat' dir='ltr'><strong>jussus</strong></span> <span class='ocrx_word' id='word_1_207' title='bbox 1659 2298 1786 2356; x_wconf 86' lang='lat' dir='ltr'><strong>sum)</strong></span> <span class='ocrx_word' id='word_1_208' title='bbox 1812 2307 1860 2344; x_wconf 84' lang='lat' dir='ltr'><strong>et</strong></span> 
     </span>
     <span class='ocr_line' id='line_1_28' title="bbox 220 2376 1859 2439; baseline -0.004 -11"><span class='ocrx_word' id='word_1_209' title='bbox 220 2383 423 2428; x_wconf 87' lang='lat' dir='ltr'><strong>Patrem</strong></span> <span class='ocrx_word' id='word_1_210' title='bbox 460 2381 663 2439; x_wconf 85' lang='lat' dir='ltr'><strong>Garsia,</strong></span> <span class='ocrx_word' id='word_1_211' title='bbox 701 2381 1084 2439; x_wconf 89' lang='lat' dir='ltr'><strong>praesbiterum,</strong></span> <span class='ocrx_word' id='word_1_212' title='bbox 1122 2380 1204 2437; x_wconf 92' lang='lat' dir='ltr'><strong>qui</strong></span> <span class='ocrx_word' id='word_1_213' title='bbox 1242 2379 1289 2425; x_wconf 89' lang='lat' dir='ltr'><strong>in</strong></span> <span class='ocrx_word' id='word_1_214' title='bbox 1323 2378 1581 2425; x_wconf 91' lang='lat' dir='ltr'><strong>territorio</strong></span> <span class='ocrx_word' id='word_1_215' title='bbox 1621 2376 1859 2434; x_wconf 87' lang='lat' dir='ltr'><strong>burgensi</strong></span> 
     </span>
     <span class='ocr_line' id='line_1_29' title="bbox 220 2457 1856 2517; baseline -0.005 -11"><span class='ocrx_word' id='word_1_216' title='bbox 220 2461 359 2506; x_wconf 87' lang='lat' dir='ltr'><strong>uicos</strong></span> <span class='ocrx_word' id='word_1_217' title='bbox 393 2461 602 2517; x_wconf 90' lang='lat' dir='ltr'><strong>triginta</strong></span> <span class='ocrx_word' id='word_1_218' title='bbox 636 2458 918 2517; x_wconf 89' lang='lat' dir='ltr'><strong>hujusmodi</strong></span> <span class='ocrx_word' id='word_1_219' title='bbox 953 2458 1207 2504; x_wconf 89' lang='lat' dir='ltr'><strong>exercitiis</strong></span> <span class='ocrx_word' id='word_1_220' title='bbox 1241 2457 1391 2502; x_wconf 89' lang='lat' dir='ltr'><strong>dediti</strong></span> <span class='ocrx_word' id='word_1_221' title='bbox 1425 2469 1856 2513; x_wconf 89' lang='lat' dir='ltr'><strong>percurreramus,</strong></span> 
     </span>
     <span class='ocr_line' id='line_1_30' title="bbox 220 2532 1859 2595; baseline -0.005 -12"><span class='ocrx_word' id='word_1_222' title='bbox 220 2538 486 2583; x_wconf 84' lang='lat' dir='ltr'><strong>accerssiri</strong></span> <span class='ocrx_word' id='word_1_223' title='bbox 521 2536 659 2595; x_wconf 84' lang='lat' dir='ltr'><strong>jubet</strong></span> <span class='ocrx_word' id='word_1_224' title='bbox 693 2535 1140 2582; x_wconf 87' lang='lat' dir='ltr'><strong>reverendissimus</strong></span> <span class='ocrx_word' id='word_1_225' title='bbox 1175 2533 1462 2588; x_wconf 87' lang='lat' dir='ltr'><strong>cardinalis,</strong></span> <span class='ocrx_word' id='word_1_226' title='bbox 1490 2541 1539 2578; x_wconf 91' lang='lat' dir='ltr'><strong>et</strong></span> <span class='ocrx_word' id='word_1_227' title='bbox 1562 2532 1769 2578; x_wconf 88' lang='lat' dir='ltr'><strong>comites</strong></span> <span class='ocrx_word' id='word_1_228' title='bbox 1793 2532 1859 2577; x_wconf 92' lang='lat' dir='ltr'><strong>in-</strong></span> 
     </span>
     <span class='ocr_line' id='line_1_31' title="bbox 220 2612 1860 2670; baseline -0.004 -11"><span class='ocrx_word' id='word_1_229' title='bbox 220 2615 446 2660; x_wconf 90' lang='lat' dir='ltr'><strong>diuiduos</strong></span> <span class='ocrx_word' id='word_1_230' title='bbox 470 2614 561 2660; x_wconf 90' lang='lat' dir='ltr'><strong>sibi</strong></span> <span class='ocrx_word' id='word_1_231' title='bbox 587 2614 778 2670; x_wconf 86' lang='lat' dir='ltr'><strong>recipit.</strong></span> <span class='ocrx_word' id='word_1_232' title='bbox 805 2613 1125 2658; x_wconf 91' lang='lat' dir='ltr'><strong>Decreuerat</strong></span> <span class='ocrx_word' id='word_1_233' title='bbox 1144 2612 1273 2658; x_wconf 91' lang='lat' dir='ltr'><strong>enim</strong></span> <span class='ocrx_word' id='word_1_234' title='bbox 1292 2612 1355 2656; x_wconf 89' lang='lat' dir='ltr'><strong>ad</strong></span> <span class='ocrx_word' id='word_1_235' title='bbox 1374 2619 1612 2656; x_wconf 89' lang='lat' dir='ltr'><strong>montana</strong></span> <span class='ocrx_word' id='word_1_236' title='bbox 1630 2625 1728 2654; x_wconf 92' lang='lat' dir='ltr'><strong>non</strong></span> <span class='ocrx_word' id='word_1_237' title='bbox 1748 2623 1860 2665; x_wconf 90' lang='lat' dir='ltr'><strong>par-</strong></span> 
     </span>
     <span class='ocr_line' id='line_1_32' title="bbox 222 2684 1859 2748; baseline -0.004 -12"><span class='ocrx_word' id='word_1_238' title='bbox 222 2708 284 2737; x_wconf 90' lang='lat' dir='ltr'><strong>ua</strong></span> <span class='ocrx_word' id='word_1_239' title='bbox 307 2693 540 2738; x_wconf 89' lang='lat' dir='ltr'><strong>clientum</strong></span> <span class='ocrx_word' id='word_1_240' title='bbox 567 2692 776 2737; x_wconf 91' lang='lat' dir='ltr'><strong>cohorte</strong></span> <span class='ocrx_word' id='word_1_241' title='bbox 800 2690 1093 2748; x_wconf 87' lang='lat' dir='ltr'><strong>procedere,</strong></span> <span class='ocrx_word' id='word_1_242' title='bbox 1121 2689 1252 2746; x_wconf 90' lang='lat' dir='ltr'><strong>quod</strong></span> <span class='ocrx_word' id='word_1_243' title='bbox 1277 2697 1326 2734; x_wconf 91' lang='lat' dir='ltr'><strong>et</strong></span> <span class='ocrx_word' id='word_1_244' title='bbox 1348 2687 1482 2733; x_wconf 77' lang='lat' dir='ltr'><strong>fecit.</strong></span> <span class='ocrx_word' id='word_1_245' title='bbox 1510 2686 1639 2731; x_wconf 86' lang='lat' dir='ltr'><strong>Tum</strong></span> <span class='ocrx_word' id='word_1_246' title='bbox 1675 2694 1726 2730; x_wconf 90' lang='lat' dir='ltr'><strong>ut</strong></span> <span class='ocrx_word' id='word_1_247' title='bbox 1751 2684 1859 2730; x_wconf 90' lang='lat' dir='ltr'><strong>visi-</strong></span> 
     </span>
     <span class='ocr_line' id='line_1_33' title="bbox 220 2760 1860 2825; baseline -0.005 -11"><span class='ocrx_word' id='word_1_248' title='bbox 220 2769 421 2814; x_wconf 88' lang='lat' dir='ltr'><strong>tationis</strong></span> <span class='ocrx_word' id='word_1_249' title='bbox 445 2768 715 2825; x_wconf 79' lang='lat' dir='ltr'><strong>praefectis</strong></span> <span class='ocrx_word' id='word_1_250' title='bbox 739 2769 957 2813; x_wconf 89' lang='lat' dir='ltr'><strong>animum</strong></span> <span class='ocrx_word' id='word_1_251' title='bbox 981 2766 1208 2823; x_wconf 84' lang='lat' dir='ltr'><strong>adderet,</strong></span> <span class='ocrx_word' id='word_1_252' title='bbox 1235 2764 1488 2822; x_wconf 89' lang='lat' dir='ltr'><strong>pigritiam</strong></span> <span class='ocrx_word' id='word_1_253' title='bbox 1513 2771 1790 2818; x_wconf 83' lang='lat' dir='ltr'><strong>excuteret,</strong></span> <span class='ocrx_word' id='word_1_254' title='bbox 1811 2760 1860 2806; x_wconf 91' lang='lat' dir='ltr'><strong>fi-</strong></span> 
     </span>
     <span class='ocr_line' id='line_1_34' title="bbox 221 2839 1864 2897; baseline -0.005 -6"><span class='ocrx_word' id='word_1_255' title='bbox 221 2846 297 2892; x_wconf 86' lang='lat' dir='ltr'><strong>dei</strong></span> <span class='ocrx_word' id='word_1_256' title='bbox 332 2847 529 2892; x_wconf 88' lang='lat' dir='ltr'><strong>illorum</strong></span> <span class='ocrx_word' id='word_1_257' title='bbox 562 2847 609 2891; x_wconf 91' lang='lat' dir='ltr'><strong>in</strong></span> <span class='ocrx_word' id='word_1_258' title='bbox 648 2855 788 2891; x_wconf 89' lang='lat' dir='ltr'><strong>tanto</strong></span> <span class='ocrx_word' id='word_1_259' title='bbox 823 2860 1028 2890; x_wconf 88' lang='lat' dir='ltr'><strong>munere</strong></span> <span class='ocrx_word' id='word_1_260' title='bbox 1061 2853 1240 2889; x_wconf 84' lang='lat' dir='ltr'><strong>exacte</strong></span> <span class='ocrx_word' id='word_1_261' title='bbox 1271 2841 1553 2888; x_wconf 86' lang='lat' dir='ltr'><strong>seruandae</strong></span> <span class='ocrx_word' id='word_1_262' title='bbox 1587 2839 1864 2897; x_wconf 88' lang='lat' dir='ltr'><strong>periculum</strong></span> 
     </span>
     <span class='ocr_line' id='line_1_35' title="bbox 221 2916 1859 2978; baseline -0.005 -9"><span class='ocrx_word' id='word_1_263' title='bbox 221 2924 430 2978; x_wconf 77' lang='lat' dir='ltr'><strong>faceret;</strong></span> <span class='ocrx_word' id='word_1_264' title='bbox 458 2934 561 2969; x_wconf 90' lang='lat' dir='ltr'><strong>tum</strong></span> <span class='ocrx_word' id='word_1_265' title='bbox 586 2932 635 2968; x_wconf 91' lang='lat' dir='ltr'><strong>et</strong></span> <span class='ocrx_word' id='word_1_266' title='bbox 659 2933 713 2968; x_wconf 91' lang='lat' dir='ltr'><strong>vt</strong></span> <span class='ocrx_word' id='word_1_267' title='bbox 737 2921 971 2968; x_wconf 89' lang='lat' dir='ltr'><strong>barbaris</strong></span> <span class='ocrx_word' id='word_1_268' title='bbox 994 2933 1241 2966; x_wconf 88' lang='lat' dir='ltr'><strong>terrorem</strong></span> <span class='ocrx_word' id='word_1_269' title='bbox 1260 2920 1525 2974; x_wconf 88' lang='lat' dir='ltr'><strong>incuteret,</strong></span> <span class='ocrx_word' id='word_1_270' title='bbox 1546 2917 1676 2962; x_wconf 90' lang='lat' dir='ltr'><strong>colla</strong></span> <span class='ocrx_word' id='word_1_271' title='bbox 1695 2916 1859 2961; x_wconf 83' lang='lat' dir='ltr'><strong>doma·</strong></span> 
     </span>
    </p>
   </div>
   <div class='ocr_carea' id='block_1_3' title="bbox 269 3089 858 3137">
    <p class='ocr_par' dir='ltr' id='par_1_4' title="bbox 269 3089 858 3137">
     <span class='ocr_line' id='line_1_36' title="bbox 269 3089 858 3137; baseline 0 -11"><span class='ocrx_word' id='word_1_272' title='bbox 269 3091 279 3110; x_wconf 86' lang='lat'>¹</span> <span class='ocrx_word' id='word_1_273' title='bbox 331 3090 376 3126; x_wconf 87' lang='grc' dir='ltr'><strong>Ρ.</strong></span> <span class='ocrx_word' id='word_1_274' title='bbox 399 3089 561 3137; x_wconf 87' lang='lat' dir='ltr'><strong>Gaspar</strong></span> <span class='ocrx_word' id='word_1_275' title='bbox 579 3090 629 3126; x_wconf 86' lang='lat' dir='ltr'><strong>de</strong></span> <span class='ocrx_word' id='word_1_276' title='bbox 648 3089 858 3126; x_wconf 88' lang='lat' dir='ltr'><strong>Acebedo.</strong></span> 
     </span>
    </p>
   </div>
  </div>
 </body>
</html>
