1950 3348
306 200 375 235 ΒΗ
774 201 960 238 Li'r'rEnA
970 214 994 239 Ε
1021 203 1375 248 (ᾈυΑΙΜΙΜΕΞΤΕΕΞ

221 286 226 291 ’
260 305 356 351 tur,
384 305 548 340 tamen
574 297 703 351 apud
729 313 817 341 nos
842 297 1139 342 correctioni
1167 298 1370 341 subesse
1396 298 1597 354 malunt,
1631 312 1804 354 (ynam,
1834 303 1888 344 ut

260 372 409 416 multi
430 373 527 417 llas
551 375 1095 432 lc‘alzfiestalc‘jaciam?,
1122 374 1321 429 perdite
1345 377 1391 417 cl
1409 374 1674 429 deplorate
1692 375 1883 431 wilere.

318 449 358 493 2.
427 449 636 495 Possum
676 451 881 507 quidem
917 452 1128 496 reticere
1162 453 1181 470 ‘⁰¹'
1216 460 1523 506 quantopere
1564 451 1793 496 studeant
1827 467 1887 497 ac

259 525 521 581 impensius
547 528 789 584 laborent,
818 538 868 573 ut
891 529 1154 585 plerosque
1185 527 1573 572 commilitonum
1599 529 1661 572 ad
1696 529 1886 573 confes-

257 602 444 647 sionem
470 604 747 659 pelliceam.
789 604 972 650 Verum
997 618 1326 661 nequaqnam
1358 603 1376 629 b
1410 604 1594 648 factum
1631 604 1886 650 cuiusdam

257 680 586 725 adolescentis
610 682 924 737 praeclarum
950 681 1142 727 silentio
1174 681 1592 737 praetereundum
1618 697 1726 726 esse
1751 682 1883 728 duxi.

261 755 303 800 ls
326 756 453 800 enim
479 772 589 801 cum
614 758 803 802 socium
827 774 969 803 suum
994 757 1218 803 confiteri
1244 757 1480 801 ardenter
1504 767 1724 813 cuperet,
1763 759 1885 803 eius-

257 847 349 887 que
375 833 444 877 rei
470 848 623 878 causa
646 834 780 878 illum
811 835 873 879 ad
908 850 995 879 nos
1030 833 1358 890 perduxisset,
1397 833 1585 878 veritus
1619 843 1793 889 postea
1826 850 1886 880 ne

256 909 433 965 socius,
462 925 605 965 quem
633 911 810 956 timore
834 913 1117 967 perculsum
1142 911 1450 965 aduerterat,
1473 911 1766 955 sententiam
1787 911 1885 956 ani-

258 1002 486 1042 mumque
512 997 742 1043 mutaret,
770 998 818 1034 et
842 989 1005 1046 aliquo
1042 988 1186 1033 modo
1222 1003 1274 1032 se
1309 987 1622 1041 subduceret,
1661 988 1805 1033 irruit
1839 989 1885 1034 in

256 1063 380 1108 illius
405 1065 682 1121 amplexus,
710 1066 932 1122 ostioque
958 1066 1141 1122 patenti
1167 1080 1275 1110 eum
1308 1065 1437 1109 intro
1468 1064 1689 1110 coniecit.
1725 1066 1794 1111 At
1826 1081 1886 1111 ne

256 1140 392 1196 prius
416 1156 562 1196 quam
589 1152 719 1187 esset
743 1143 1001 1188 confessus
1031 1142 1375 1198 egrederetur,
1414 1141 1590 1186 ostium
1626 1141 1691 1187 illi
1725 1143 1884 1188 occlu-

254 1217 330 1262 sit.
360 1216 458 1262 Sed
482 1226 496 1244 ς
518 1219 696 1264 timore
721 1221 896 1275 posito,
923 1236 1035 1265 cum
1061 1219 1277 1264 maximo
1297 1218 1445 1263 animi
1470 1233 1615 1263 sensu
1634 1220 1883 1266 sacerdoti

255 1304 463 1350 peccata
488 1311 576 1340 sua
601 1298 843 1352 exposuit.
873 1296 1083 1353 Saepius
1107 1295 1402 1340 confitentur
1426 1305 1473 1340 et
1507 1306 1882 1342 sacrosanctum

255 1370 437 1416 Christi
479 1388 661 1429 corpus
701 1383 899 1418 sumunt
938 1373 1095 1418 nostri
1140 1372 1385 1429 gymnasii
1425 1372 1591 1427 pubes
1629 1372 1663 1417 d.
1711 1374 1880 1419 Nostri

255 1460 419 1493 autem
445 1449 758 1496 conuictores
784 1451 866 1495 uix
892 1451 936 1495 in
961 1440 1125 1506 aliquo
1151 1466 1179 1494 a
1203 1448 1469 1494 Societatis
1503 1450 1711 1495 alumnis
1746 1451 1905 1496 dissi-⁴

254 1526 382 1581 dent;
411 1536 573 1583 orant,
600 1527 914 1582 confitentur,
944 1527 1324 1582 communicant,
1361 1526 1657 1582 studentque
1690 1544 1880 1574 summa

254 1617 365 1646 cum
391 1603 661 1659 diligentia,
688 1620 783 1649 non
809 1620 952 1649 secus
976 1620 1035 1649 ac
1061 1604 1246 1648 fratres
1270 1603 1442 1648 nostri.

345 1679 660 1735 [Omittamus
683 1682 784 1726 clito
808 1682 1048 1738 exempla
1071 1695 1203 1738 qnae
1223 1681 1348 1738 fere
1382 1680 1577 1725 eisdem
1608 1681 1777 1726 verbis
1806 1683 1878 1727 in-

254 1756 537 1801 veniuntur
557 1759 818 1815 superius,
845 1764 932 1814 pp.
960 1756 1227 1814 297-298,
1256 1771 1342 1801 llll.
1371 1755 1506 1813 5-6.]
1919 1760 1921 1762 ’

310 1832 352 1879 3.
420 1833 560 1878 Multi
586 1835 733 1879 etiam
758 1835 1101 1880 adolescentes
1126 1834 1315 1879 decimo
1351 1833 1519 1890 quinto
1554 1849 1749 1890 quoque
1784 1834 1882 1892 die„

253 1918 434 1954 octauo
459 1910 625 1967 etiam,
663 1920 711 1955 et
744 1910 1056 1967 confitentur,
1094 1920 1141 1956 et
1175 1911 1237 1955 ad
1272 1926 1469 1955 sacram
1503 1911 1764 1966 synnaxim
1799 1927 1877 1956 ac-

254 1986 449 2031 cedunt.
1829 2039 1833 2052 ¹
1923 1975 1928 1980 ”

311 2063 353 2108 4.
420 2063 536 2121 Ego
561 2065 619 2109 de
654 2065 944 2110 lectionibus
978 2075 1138 2119 taceO,
1177 2064 1290 2121 quia
1325 2064 1456 2108 nulla
1491 2064 1709 2120 ipsarum
1744 2064 1885 2110 facta.

253 2149 326 2186 est
351 2141 573 2197 mutatio,
603 2141 690 2186 nbi
710 2142 982 2199 quippiam
993 2142 1169 2199 fuerit
1198 2142 1547 2193 immantatum,
1583 2141 1696 2186 ilico
1738 2141 1787 2186 T.
1814 2141 1874 2187 P.

252 2218 517 2263 certiorem
528 2218 757 2276 faciam.
786 2219 865 2264 Fit
889 2219 1103 2275 quotidie
1128 2218 1481 2274 discipulorum
1501 2217 1738 2263 accessio.
1763 2217 1875 2263 Dia-

251 2294 410 2339 lectici
435 2294 863 2352 disputationibus,
891 2295 1209 2352 grammatici
1235 2294 1471 2352 epistolis,
1508 2294 1733 2340 rhetores
1768 2310 1875 2340 ora-

251 2371 466 2416 tionibus
489 2372 858 2417 conscribendis
883 2372 1054 2417 sedulo
1075 2377 1389 2417 exercentur.
1415 2370 1601 2416 Eorum
1621 2371 1700 2428 qui
1718 2372 1875 2417 decla-

251 2457 387 2493 mant
409 2457 523 2493 sunt
560 2449 628 2505 14,
666 2449 793 2494 inter
827 2464 948 2505 quos
983 2448 1209 2505 superior
1243 2448 1440 2504 quidam
1474 2453 1759 2506 germanus,
1796 2448 1876 2504 qui

253 2525 335 2569 vix
363 2525 416 2571 13
439 2541 622 2571 annum
646 2526 876 2581 excessit,
904 2526 1029 2571 adeo
1054 2526 1349 2571 concinnam
1367 2526 1643 2592 orationem
1664 2541 1874 2582 pronun-

251 2602 408 2659 tiauit,
437 2613 486 2648 ut
510 2603 746 2648 vniuerso
770 2604 1052 2657 auditorum
1077 2603 1236 2648 coetui
1260 2614 1390 2648 esset
1414 2618 1635 2648 summae
1665 2603 1872 2648 admira-

251 2679 385 2725 tioni.
414 2680 667 2725 Eiusmodi
692 2680 1065 2725 exercitationis
1098 2695 1274 2735 genus,
1313 2695 1424 2725 cum
1459 2680 1612 2725 Pater
1644 2693 1832 2737 regens
1859 2685 1875 2706 Ε

251 2757 398 2812 paulo
421 2756 578 2802 fusius
601 2757 663 2802 D.
691 2755 956 2814 Groppero
981 2768 1285 2813 enarrasset,
1312 2772 1406 2801 non
1432 2758 1578 2802 modo
1602 2757 1873 2802 institutum

295 2953 314 2974 ²
361 2947 440 2983 Vix
458 2947 605 2994 possim
625 2948 864 2994 exprimere.
915 2947 980 2973 —b
1002 2946 1127 2983 Certe
1206 2960 1283 2982 non
1300 2948 1657 2993 praetereundum.
1711 2953 1773 2974 -C
1792 2945 1873 2984 Sed

247 3006 331 3043 ille.
385 3006 451 3033 —d
482 3011 714 3044 sectatores.
767 3014 828 3034 -e
851 3006 1028 3053 Joannes
1048 3005 1234 3041 Rethius.
