1909 3328
273 249 343 286 708
740 248 958 286 LITTERAE
985 248 1341 294 QUADRIMESTRES

229 346 507 402 exemplum
538 354 670 390 totus
702 345 1013 402 componitur
1048 346 1181 391 orbis
1207 348 1238 391 ¹.
1267 346 1455 403 Magna
1485 346 1627 392 huius
1660 347 1857 404 collegii

231 423 407 468 Patres
435 422 618 466 faciunt
642 423 921 468 animarum
946 438 1131 479 operae
1157 423 1343 479 precia,
1372 424 1483 469 dum
1511 424 1653 481 regni
1677 434 1725 469 et
1748 439 1857 480 pro·

229 500 504 545 uinciarum
539 498 704 555 capita
737 510 932 557 curant,
961 510 1008 546 et
1042 501 1105 547 ad
1130 500 1290 546 Deum
1315 500 1428 557 Opt.
1455 500 1588 546 Max.
1618 502 1859 547 reducere

229 586 487 634 conantur,
515 592 628 622 nam
655 576 747 622 hac
772 578 853 622 via
878 579 1215 624 subiectorum
1246 579 1380 624 salus
1405 578 1729 635 proculdubio
1754 595 1857 635 spe-

230 664 385 711 ratur,
413 654 493 710 qui
533 670 718 710 magna
759 671 821 700 ex
859 666 1002 711 parte
1037 656 1163 702 tales
1197 657 1357 702 solent
1397 671 1522 713 esse,
1550 656 1708 712 qualis
1731 656 1856 712 prin-

229 746 361 788 ceps,
389 731 529 776 cuius
552 731 723 777 ditioni
748 742 942 789 parent.

291 808 358 853 10.
427 808 694 854 Praesules
719 809 885 867 etiam,
913 825 1121 866 quorum
1158 810 1235 856 hic
1269 826 1482 867 magnus
1505 826 1742 856 numerus
1766 820 1856 867 est,

228 885 431 931 mirifice
464 886 701 933 iuuantur
735 898 1022 933 nostrorum
1059 887 1265 933 Patrum
1300 888 1532 945 consiliis,
1566 897 1714 945 atque
1749 888 1859 934 hinc

226 979 322 1009 non
347 964 575 1020 uulgaris
604 963 798 1010 fructus
833 964 1095 1022 accrescit,
1122 981 1318 1022 semper
1352 966 1478 1011 enim
1513 982 1539 1011 e
1574 975 1856 1011 nostrorum

226 1040 430 1087 Patrum
457 1041 712 1098 colloquiis
747 1042 1004 1088 discedunt
1038 1043 1378 1099 religiosiores
1403 1052 1452 1088 et
1475 1043 1610 1088 circa
1641 1043 1859 1100 pastoris

226 1135 402 1164 munus
436 1118 796 1176 diligentiores,
825 1120 952 1165 vnde
988 1119 1052 1165 illi
1087 1120 1263 1166 merito
1288 1132 1335 1166 et
1359 1120 1489 1166 uotis
1513 1130 1562 1166 et
1591 1120 1858 1177 praecibus

227 1196 532 1242 contendunt
565 1197 758 1254 aliquos
793 1213 819 1243 e
854 1198 1037 1243 nostris
1071 1198 1161 1243 sibi
1197 1198 1320 1256 dari,
1348 1198 1427 1254 qui
1463 1214 1581 1244 oues
1612 1198 1700 1244 sibi
1726 1213 1857 1243 corn-

227 1273 403 1319 missas
429 1274 472 1318 in
497 1273 592 1319 fide
617 1274 888 1327 instituant,
912 1284 960 1320 et
983 1285 1161 1321 contra
1186 1275 1284 1332 lupi
1309 1275 1435 1321 illius
1459 1275 1766 1332 rapacissimi
1792 1276 1858 1320 la-

226 1360 386 1397 tentes
420 1351 622 1397 insidias
656 1352 893 1410 muniant,
921 1362 1070 1409 atque
1105 1368 1189 1398 eos
1223 1352 1283 1397 in'
1306 1362 1737 1398 sacramentorum
1768 1352 1857 1398 Ec-

230 1429 414 1475 clesiae
438 1430 636 1487 pascuis
660 1430 925 1476 uberrimis
950 1442 1157 1487 pascant
1181 1432 1214 1477 ²².

289 1508 356 1552 11.
424 1506 640 1553 Senatus
674 1508 799 1565 regii
835 1524 1056 1565 praeses,
1093 1508 1304 1554 Ioannes
1339 1508 1398 1554 de
1434 1509 1601 1565 Vega,
1629 1523 1856 1565 perseue-

228 1595 305 1630 rat
328 1585 375 1629 in
400 1600 460 1630 ea
491 1585 639 1631 animi
674 1585 1037 1642 beneuolentia,
1065 1602 1213 1643 quam
1247 1601 1374 1642 erga
1408 1584 1710 1631 Societatem
1746 1601 1857 1630 con-

226 1661 402 1719 sueuit,
429 1662 560 1719 apud
585 1677 726 1719 quem
762 1662 997 1719 frequens
1033 1672 1107 1719 est
1140 1663 1340 1720 quidam
1374 1679 1436 1709 ex
1470 1663 1652 1708 nostris
1686 1662 1853 1719 Pater,

226 1740 306 1796 qui
331 1749 406 1785 est
429 1739 494 1785 illi
519 1755 548 1785 a
567 1740 725 1786 sacris
750 1739 1146 1787 confessionibus
1169 1741 1202 1798 ³,
1229 1741 1369 1786 cuius
1398 1755 1554 1797 opera
1580 1749 1628 1786 et
1653 1739 1857 1785 consilio

226 1817 272 1862 in
296 1817 608 1874 grauissimis
632 1817 905 1874 quibusque
939 1818 1082 1874 regni
1116 1818 1338 1876 negociis
1362 1818 1531 1863 utitur:
1558 1817 1687 1863 hunc
1710 1817 1858 1862 habet

227 1894 523 1952 magistrum
559 1904 608 1941 et
642 1895 898 1941 ductorem
936 1896 979 1940 in
1017 1896 1106 1953 his,
1134 1911 1261 1953 quae
1292 1895 1353 1941 ad
1385 1895 1599 1941 diuinum
1632 1903 1857 1952 spectant

227 1973 532 2030 obsequium.

288 2050 354 2095 12.
423 2050 670 2096 pontificis
705 2042 908 2096 maximi
942 2051 1139 2107 legatus
1162 2052 1179 2075 ⁴
1203 2051 1329 2096 adeo
1354 2059 1429 2096 est
1452 2050 1576 2095 bene
1612 2064 1736 2106 erga
1770 2047 1856 2094 So-

226 2129 457 2174 cietatem
482 2128 712 2186 affectus,
740 2137 791 2174 ut
814 2128 919 2174 eius
943 2137 1113 2185 partes
1137 2137 1337 2174 strenue
1362 2128 1542 2184 ubique
1573 2135 1750 2172 contra
1775 2126 1856 2171 ob-

228 2214 527 2252 trectatores
551 2218 688 2263 agat,
716 2221 867 2263 seque
892 2207 1193 2252 acerrimum
1226 2204 1496 2251 Societatis
1521 2212 1855 2262 propugnato-

229 2298 330 2328 rem
356 2283 570 2329 exibeat.
598 2283 645 2328 Is
674 2299 764 2340 pro
789 2282 938 2328 animi
962 2283 1035 2328 sui
1060 2283 1279 2329 candore
1314 2283 1361 2328 in
1396 2281 1704 2339 apostolicae
1728 2280 1856 2326 sedis

226 2360 514 2418 obsequium
554 2361 746 2406 cunctis
780 2360 889 2406 aliis
923 2360 1246 2418 religionibus
1289 2358 1596 2406 Societatem
1639 2357 1856 2414 palmam

229 2437 361 2483 ferre
395 2437 635 2495 predicat,
678 2454 769 2483 nec
803 2439 952 2483 ullam
986 2453 1095 2483 esse
1130 2437 1438 2494 religionem,
1477 2451 1603 2493 quae
1626 2444 1699 2481 tot
1722 2434 1855 2480 labo-

228 2530 308 2559 res
332 2515 579 2572 exauriat,
606 2524 679 2561 tot
704 2515 883 2572 vigiliis
916 2504 1147 2572 curisque
1181 2530 1233 2560 se
1258 2513 1491 2560 conficiat
1515 2513 1562 2558 in
1586 2514 1719 2558 cultu
1743 2511 1856 2557 diui-

229 2607 289 2636 no
315 2603 361 2637 et
385 2591 479 2637 fide
503 2592 751 2638 catholica
776 2591 1133 2649 promouenda,
1161 2607 1289 2648 quae
1324 2590 1534 2648 denique
1567 2588 1755 2635 fidelius
1791 2587 1854 2632 ui-

227 2684 370 2714 neam
395 2669 593 2715 Domini
613 2679 867 2727 exerceat,
889 2678 1165 2726 asseuerat;
1189 2669 1327 2715 cuius
1346 2667 1623 2713 institutum
1644 2665 1854 2712 libentis-

228 2746 350 2791 simo
375 2747 539 2792 animo
562 2763 617 2793 se
639 2747 983 2804 professurum
1007 2745 1243 2803 affirmat,
1266 2745 1413 2791 modo
1432 2744 1524 2790 sibi
1548 2743 1611 2789 ad
1635 2742 1854 2789 Societa-

274 2891 284 2910 ¹
338 2889 402 2927 Cf.
425 2890 664 2928 CLAUDIAN.
685 2889 748 2927 IV
766 2890 919 2927 consul.
940 2889 1125 2931 Honorii‚
1146 2888 1228 2925 298.

273 2950 286 2969 ²
339 2948 402 2987 Cf.
426 2950 466 2987 S.
489 2949 952 2996 Frmzcz'scusBorgz'a,
972 2948 1042 2995 III,
1061 2947 1145 2985 369.

272 3010 285 3029 ³
336 3008 437 3046 Erat
455 3011 488 3046 is
508 3010 550 3047 P.
574 3010 721 3046 Petrus
741 3009 966 3046 Saavedra.
987 3008 1102 3051 Ibid.,
1123 3008 1205 3050 301,
1227 3007 1309 3044 317.

272 3069 286 3088 ⁴
336 3068 577 3106 Leonardus
596 3069 758 3106 Marini.
780 3069 895 3112 Ibid.,
915 3068 999 3114 383,
1019 3067 1105 3104 386.
