<?xml version="1.0" encoding="UTF-8"?>
<!DOCTYPE html PUBLIC "-//W3C//DTD XHTML 1.0 Transitional//EN"
    "http://www.w3.org/TR/xhtml1/DTD/xhtml1-transitional.dtd">
<html xmlns="http://www.w3.org/1999/xhtml" xml:lang="en" lang="en">
 <head>
  <title>
</title>
<meta http-equiv="Content-Type" content="text/html;charset=utf-8" />
  <meta name='ocr-system' content='tesseract 3.04.00' />
  <meta name='ocr-capabilities' content='ocr_page ocr_carea ocr_par ocr_line ocrx_word'/>
</head>
<body>
  <div class='ocr_page' id='page_1' title='image "./litteraequadrime1705lain_0895.png"; bbox 0 0 1900 3380; ppageno 0'>
   <div class='ocr_carea' id='block_1_1' title="bbox 451 280 1619 327">
    <p class='ocr_par' dir='ltr' id='par_1_1' title="bbox 451 280 1619 327">
     <span class='ocr_line' id='line_1_1' title="bbox 451 280 1619 327; baseline -0.009 -1"><span class='ocrx_word' id='word_1_1' title='bbox 451 288 837 327; x_wconf 81' lang='lat' dir='ltr'>209.—V1NDOBONA</span> <span class='ocrx_word' id='word_1_2' title='bbox 864 287 906 324; x_wconf 84' lang='lat'>31</span> <span class='ocrx_word' id='word_1_3' title='bbox 936 285 1143 324; x_wconf 71' lang='lat' dir='ltr'>Ocrossffls</span> <span class='ocrx_word' id='word_1_4' title='bbox 1172 283 1262 321; x_wconf 73' lang='lat'>1558</span> <span class='ocrx_word' id='word_1_5' title='bbox 1548 280 1619 317; x_wconf 80' lang='lat'>863</span> 
     </span>
    </p>
   </div>
   <div class='ocr_carea' id='block_1_2' title="bbox 39 375 1665 749">
    <p class='ocr_par' dir='ltr' id='par_1_2' title="bbox 39 375 1665 749">
     <span class='ocr_line' id='line_1_2' title="bbox 39 375 1664 435; baseline -0.008 -2"><span class='ocrx_word' id='word_1_6' title='bbox 39 388 170 435; x_wconf 89' lang='lat' dir='ltr'>tione</span> <span class='ocrx_word' id='word_1_7' title='bbox 192 394 416 432; x_wconf 91' lang='lat' dir='ltr'>nostrum</span> <span class='ocrx_word' id='word_1_8' title='bbox 442 384 523 430; x_wconf 91' lang='lat' dir='ltr'>illa</span> <span class='ocrx_word' id='word_1_9' title='bbox 547 384 823 430; x_wconf 90' lang='lat' dir='ltr'>institutum</span> <span class='ocrx_word' id='word_1_10' title='bbox 847 389 1209 428; x_wconf 78' lang='lat' dir='ltr'>concernerent</span> <span class='ocrx_word' id='word_1_11' title='bbox 1231 386 1267 425; x_wconf 78' lang='lat'>³.</span> <span class='ocrx_word' id='word_1_12' title='bbox 1294 377 1563 424; x_wconf 85' lang='lat' dir='ltr'>Lectiones</span> <span class='ocrx_word' id='word_1_13' title='bbox 1596 375 1664 421; x_wconf 91' lang='lat' dir='ltr'>in-</span> 
     </span>
     <span class='ocr_line' id='line_1_3' title="bbox 39 451 1664 522; baseline -0.009 -11"><span class='ocrx_word' id='word_1_14' title='bbox 39 473 213 522; x_wconf 89' lang='lat' dir='ltr'>tegras</span> <span class='ocrx_word' id='word_1_15' title='bbox 252 478 281 509; x_wconf 88' lang='lat' dir='ltr'>a</span> <span class='ocrx_word' id='word_1_16' title='bbox 320 462 387 508; x_wconf 83' lang='lat' dir='ltr'>V.</span> <span class='ocrx_word' id='word_1_17' title='bbox 424 461 485 506; x_wconf 89' lang='lat' dir='ltr'>R.</span> <span class='ocrx_word' id='word_1_18' title='bbox 529 461 576 506; x_wconf 93' lang='lat' dir='ltr'>in</span> <span class='ocrx_word' id='word_1_19' title='bbox 613 461 798 517; x_wconf 91' lang='lat' dir='ltr'>templo</span> <span class='ocrx_word' id='word_1_20' title='bbox 836 468 1009 505; x_wconf 88' lang='lat' dir='ltr'>nostro</span> <span class='ocrx_word' id='word_1_21' title='bbox 1049 457 1158 505; x_wconf 91' lang='lat' dir='ltr'>istic</span> <span class='ocrx_word' id='word_1_22' title='bbox 1200 456 1397 502; x_wconf 87' lang='lat' dir='ltr'>habitas</span> <span class='ocrx_word' id='word_1_23' title='bbox 1435 451 1664 511; x_wconf 91' lang='lat' dir='ltr'>proximo</span> 
     </span>
     <span class='ocr_line' id='line_1_4' title="bbox 39 535 1664 597; baseline -0.007 -9"><span class='ocrx_word' id='word_1_24' title='bbox 39 540 234 588; x_wconf 92' lang='lat' dir='ltr'>biennio</span> <span class='ocrx_word' id='word_1_25' title='bbox 274 538 644 597; x_wconf 80' lang='lat' dir='ltr'>diligentissime</span> <span class='ocrx_word' id='word_1_26' title='bbox 683 536 991 593; x_wconf 89' lang='lat' dir='ltr'>conscripsit.</span> <span class='ocrx_word' id='word_1_27' title='bbox 1016 535 1120 581; x_wconf 90' lang='lat' dir='ltr'>Nec</span> <span class='ocrx_word' id='word_1_28' title='bbox 1154 549 1251 580; x_wconf 93' lang='lat' dir='ltr'>non</span> <span class='ocrx_word' id='word_1_29' title='bbox 1285 547 1529 579; x_wconf 90' lang='lat' dir='ltr'>summam</span> <span class='ocrx_word' id='word_1_30' title='bbox 1564 546 1664 576; x_wconf 91' lang='lat' dir='ltr'>om-</span> 
     </span>
     <span class='ocr_line' id='line_1_5' title="bbox 39 607 1665 675; baseline -0.007 -11"><span class='ocrx_word' id='word_1_31' title='bbox 39 618 172 664; x_wconf 92' lang='lat' dir='ltr'>nium</span> <span class='ocrx_word' id='word_1_32' title='bbox 211 632 338 675; x_wconf 87' lang='lat' dir='ltr'>quae</span> <span class='ocrx_word' id='word_1_33' title='bbox 376 616 425 662; x_wconf 90' lang='lat' dir='ltr'>in</span> <span class='ocrx_word' id='word_1_34' title='bbox 463 614 894 662; x_wconf 89' lang='lat' dir='ltr'>exhortationibus</span> <span class='ocrx_word' id='word_1_35' title='bbox 925 612 1208 660; x_wconf 90' lang='lat' dir='ltr'>domesticis</span> <span class='ocrx_word' id='word_1_36' title='bbox 1245 627 1274 657; x_wconf 91' lang='lat' dir='ltr'>a</span> <span class='ocrx_word' id='word_1_37' title='bbox 1307 611 1370 657; x_wconf 90' lang='lat' dir='ltr'>R.</span> <span class='ocrx_word' id='word_1_38' title='bbox 1407 609 1460 655; x_wconf 85' lang='lat' dir='ltr'>P.</span> <span class='ocrx_word' id='word_1_39' title='bbox 1498 607 1665 654; x_wconf 88' lang='lat' dir='ltr'>Natali</span> 
     </span>
     <span class='ocr_line' id='line_1_6' title="bbox 41 685 1665 749; baseline -0.007 -7"><span class='ocrx_word' id='word_1_40' title='bbox 41 695 212 742; x_wconf 91' lang='lat' dir='ltr'>aliisue</span> <span class='ocrx_word' id='word_1_41' title='bbox 247 693 568 741; x_wconf 91' lang='lat' dir='ltr'>concionibus</span> <span class='ocrx_word' id='word_1_42' title='bbox 603 692 849 749; x_wconf 77' lang='lat' dir='ltr'>audierat,</span> <span class='ocrx_word' id='word_1_43' title='bbox 887 691 1014 738; x_wconf 91' lang='lat' dir='ltr'>notis</span> <span class='ocrx_word' id='word_1_44' title='bbox 1048 689 1272 736; x_wconf 89' lang='lat' dir='ltr'>scribere</span> <span class='ocrx_word' id='word_1_45' title='bbox 1305 686 1518 734; x_wconf 90' lang='lat' dir='ltr'>curauit.</span> <span class='ocrx_word' id='word_1_46' title='bbox 1554 685 1665 731; x_wconf 93' lang='lat' dir='ltr'>Non</span> 
     </span>
    </p>
   </div>
   <div class='ocr_carea' id='block_1_3' title="bbox 40 762 1669 900">
    <p class='ocr_par' dir='ltr' id='par_1_3' title="bbox 40 762 1669 900">
     <span class='ocr_line' id='line_1_7' title="bbox 40 762 1667 831; baseline -0.006 -13"><span class='ocrx_word' id='word_1_47' title='bbox 40 771 475 831; x_wconf 83' lang='lat' dir='ltr'>praetermittebat</span> <span class='ocrx_word' id='word_1_48' title='bbox 498 771 648 816; x_wconf 86' lang='lat' dir='ltr'>etiam</span> <span class='ocrx_word' id='word_1_49' title='bbox 682 785 799 816; x_wconf 88' lang='lat' dir='ltr'>suas</span> <span class='ocrx_word' id='word_1_50' title='bbox 827 779 930 815; x_wconf 91' lang='lat' dir='ltr'>tum</span> <span class='ocrx_word' id='word_1_51' title='bbox 954 765 1321 814; x_wconf 82' lang='lat' dir='ltr'>consolationes</span> <span class='ocrx_word' id='word_1_52' title='bbox 1345 774 1448 811; x_wconf 89' lang='lat' dir='ltr'>tum</span> <span class='ocrx_word' id='word_1_53' title='bbox 1473 762 1667 810; x_wconf 85' lang='lat' dir='ltr'>desola-</span> 
     </span>
     <span class='ocr_line' id='line_1_8' title="bbox 40 835 1669 900; baseline -0.006 -10"><span class='ocrx_word' id='word_1_54' title='bbox 40 843 199 890; x_wconf 91' lang='lat' dir='ltr'>tiones</span> <span class='ocrx_word' id='word_1_55' title='bbox 238 858 511 900; x_wconf 87' lang='lat' dir='ltr'>earumque</span> <span class='ocrx_word' id='word_1_56' title='bbox 547 851 792 888; x_wconf 89' lang='lat' dir='ltr'>annotare</span> <span class='ocrx_word' id='word_1_57' title='bbox 828 839 1066 887; x_wconf 86' lang='lat' dir='ltr'>remedia.</span> <span class='ocrx_word' id='word_1_58' title='bbox 1101 837 1248 895; x_wconf 80' lang='lat' dir='ltr'>Quod</span> <span class='ocrx_word' id='word_1_59' title='bbox 1288 845 1454 882; x_wconf 90' lang='lat' dir='ltr'>autem</span> <span class='ocrx_word' id='word_1_60' title='bbox 1489 836 1535 881; x_wconf 92' lang='lat' dir='ltr'>in</span> <span class='ocrx_word' id='word_1_61' title='bbox 1574 835 1669 880; x_wconf 93' lang='lat' dir='ltr'>hac</span> 
     </span>
    </p>
   </div>
   <div class='ocr_carea' id='block_1_4' title="bbox 42 914 1687 2988">
    <p class='ocr_par' dir='ltr' id='par_1_4' title="bbox 42 914 1673 1675">
     <span class='ocr_line' id='line_1_9' title="bbox 42 914 1670 971; baseline -0.007 -4"><span class='ocrx_word' id='word_1_62' title='bbox 42 921 144 967; x_wconf 88' lang='lat' dir='ltr'>eius</span> <span class='ocrx_word' id='word_1_63' title='bbox 167 929 343 966; x_wconf 88' lang='lat' dir='ltr'>sancta</span> <span class='ocrx_word' id='word_1_64' title='bbox 366 919 609 965; x_wconf 90' lang='lat' dir='ltr'>industria</span> <span class='ocrx_word' id='word_1_65' title='bbox 643 918 967 965; x_wconf 90' lang='lat' dir='ltr'>vehementer</span> <span class='ocrx_word' id='word_1_66' title='bbox 1001 914 1241 971; x_wconf 89' lang='lat' dir='ltr'>admiror,</span> <span class='ocrx_word' id='word_1_67' title='bbox 1268 914 1362 960; x_wconf 90' lang='lat' dir='ltr'>hoc</span> <span class='ocrx_word' id='word_1_68' title='bbox 1393 928 1569 970; x_wconf 88' lang='lat' dir='ltr'>nempe</span> <span class='ocrx_word' id='word_1_69' title='bbox 1594 919 1670 957; x_wconf 85' lang='lat' dir='ltr'>est</span> 
     </span>
     <span class='ocr_line' id='line_1_10' title="bbox 42 989 1668 1056; baseline -0.006 -12"><span class='ocrx_word' id='word_1_70' title='bbox 42 998 172 1056; x_wconf 91' lang='lat' dir='ltr'>quod</span> <span class='ocrx_word' id='word_1_71' title='bbox 210 996 421 1042; x_wconf 89' lang='lat' dir='ltr'>viderim</span> <span class='ocrx_word' id='word_1_72' title='bbox 461 1012 572 1042; x_wconf 91' lang='lat' dir='ltr'>eum</span> <span class='ocrx_word' id='word_1_73' title='bbox 611 995 719 1041; x_wconf 91' lang='lat' dir='ltr'>aliis</span> <span class='ocrx_word' id='word_1_74' title='bbox 763 995 809 1040; x_wconf 93' lang='lat' dir='ltr'>in</span> <span class='ocrx_word' id='word_1_75' title='bbox 853 995 1002 1040; x_wconf 92' lang='lat' dir='ltr'>rebus</span> <span class='ocrx_word' id='word_1_76' title='bbox 1045 991 1497 1049; x_wconf 88' lang='lat' dir='ltr'>occupatissimum.</span> <span class='ocrx_word' id='word_1_77' title='bbox 1538 989 1668 1035; x_wconf 89' lang='lat' dir='ltr'>Nam</span> 
     </span>
     <span class='ocr_line' id='line_1_11' title="bbox 42 1069 1670 1132; baseline -0.006 -11"><span class='ocrx_word' id='word_1_78' title='bbox 42 1075 172 1122; x_wconf 92' lang='lat' dir='ltr'>domi</span> <span class='ocrx_word' id='word_1_79' title='bbox 206 1073 543 1132; x_wconf 81' lang='lat' dir='ltr'>professorem</span> <span class='ocrx_word' id='word_1_80' title='bbox 577 1071 915 1131; x_wconf 83' lang='lat' dir='ltr'>philosophiae</span> <span class='ocrx_word' id='word_1_81' title='bbox 949 1071 1137 1128; x_wconf 88' lang='lat' dir='ltr'>agebat</span> <span class='ocrx_word' id='word_1_82' title='bbox 1170 1069 1436 1126; x_wconf 90' lang='lat' dir='ltr'>publicum,</span> <span class='ocrx_word' id='word_1_83' title='bbox 1463 1078 1511 1113; x_wconf 87' lang='lat' dir='ltr'>et</span> <span class='ocrx_word' id='word_1_84' title='bbox 1542 1081 1670 1123; x_wconf 89' lang='lat' dir='ltr'>quae</span> 
     </span>
     <span class='ocr_line' id='line_1_12' title="bbox 43 1143 1669 1207; baseline -0.006 -9"><span class='ocrx_word' id='word_1_85' title='bbox 43 1153 89 1198; x_wconf 92' lang='lat' dir='ltr'>in</span> <span class='ocrx_word' id='word_1_86' title='bbox 124 1151 304 1198; x_wconf 89' lang='lat' dir='ltr'>scholis</span> <span class='ocrx_word' id='word_1_87' title='bbox 338 1151 578 1196; x_wconf 89' lang='lat' dir='ltr'>docturus</span> <span class='ocrx_word' id='word_1_88' title='bbox 612 1158 738 1207; x_wconf 91' lang='lat' dir='ltr'>erat,</span> <span class='ocrx_word' id='word_1_89' title='bbox 771 1148 936 1195; x_wconf 85' lang='lat' dir='ltr'>omnia</span> <span class='ocrx_word' id='word_1_90' title='bbox 969 1147 1076 1193; x_wconf 78' lang='lat' dir='ltr'>fere</span> <span class='ocrx_word' id='word_1_91' title='bbox 1110 1147 1157 1192; x_wconf 91' lang='lat' dir='ltr'>in</span> <span class='ocrx_word' id='word_1_92' title='bbox 1192 1145 1421 1192; x_wconf 90' lang='lat' dir='ltr'>cubiculo</span> <span class='ocrx_word' id='word_1_93' title='bbox 1456 1143 1669 1201; x_wconf 91' lang='lat' dir='ltr'>primum</span> 
     </span>
     <span class='ocr_line' id='line_1_13' title="bbox 44 1222 1673 1286; baseline -0.006 -10"><span class='ocrx_word' id='word_1_94' title='bbox 44 1230 215 1277; x_wconf 92' lang='lat' dir='ltr'>ordine</span> <span class='ocrx_word' id='word_1_95' title='bbox 245 1229 513 1286; x_wconf 72' lang='lat' dir='ltr'>scribebat,</span> <span class='ocrx_word' id='word_1_96' title='bbox 540 1228 678 1274; x_wconf 76' lang='lat' dir='ltr'>festis</span> <span class='ocrx_word' id='word_1_97' title='bbox 711 1236 876 1273; x_wconf 90' lang='lat' dir='ltr'>autem</span> <span class='ocrx_word' id='word_1_98' title='bbox 910 1226 1082 1272; x_wconf 91' lang='lat' dir='ltr'>diebus</span> <span class='ocrx_word' id='word_1_99' title='bbox 1115 1238 1350 1270; x_wconf 89' lang='lat' dir='ltr'>carceres</span> <span class='ocrx_word' id='word_1_100' title='bbox 1383 1222 1599 1268; x_wconf 91' lang='lat' dir='ltr'>inuisere</span> <span class='ocrx_word' id='word_1_101' title='bbox 1623 1230 1673 1267; x_wconf 92' lang='lat' dir='ltr'>et</span> 
     </span>
     <span class='ocr_line' id='line_1_14' title="bbox 47 1298 1671 1354; baseline -0.007 0"><span class='ocrx_word' id='word_1_102' title='bbox 47 1306 320 1354; x_wconf 89' lang='lat' dir='ltr'>doctrinam</span> <span class='ocrx_word' id='word_1_103' title='bbox 356 1305 678 1352; x_wconf 88' lang='lat' dir='ltr'>christianam</span> <span class='ocrx_word' id='word_1_104' title='bbox 713 1303 940 1350; x_wconf 89' lang='lat' dir='ltr'>rudiores</span> <span class='ocrx_word' id='word_1_105' title='bbox 974 1302 1157 1348; x_wconf 92' lang='lat' dir='ltr'>docere</span> <span class='ocrx_word' id='word_1_106' title='bbox 1192 1301 1272 1347; x_wconf 91' lang='lat' dir='ltr'>vel</span> <span class='ocrx_word' id='word_1_107' title='bbox 1305 1309 1442 1346; x_wconf 91' lang='lat' dir='ltr'>certe</span> <span class='ocrx_word' id='word_1_108' title='bbox 1480 1298 1671 1344; x_wconf 82' lang='lat' dir='ltr'>confes-</span> 
     </span>
     <span class='ocr_line' id='line_1_15' title="bbox 47 1378 1673 1434; baseline -0.006 -3"><span class='ocrx_word' id='word_1_109' title='bbox 47 1384 262 1431; x_wconf 91' lang='lat' dir='ltr'>sionibus</span> <span class='ocrx_word' id='word_1_110' title='bbox 285 1383 540 1430; x_wconf 90' lang='lat' dir='ltr'>audiendis</span> <span class='ocrx_word' id='word_1_111' title='bbox 574 1397 762 1428; x_wconf 88' lang='lat' dir='ltr'>vacare</span> <span class='ocrx_word' id='word_1_112' title='bbox 794 1387 1142 1427; x_wconf 91' lang='lat' dir='ltr'>consueuerat.</span> <span class='ocrx_word' id='word_1_113' title='bbox 1170 1378 1401 1424; x_wconf 83' lang='lat' dir='ltr'>Accessit</span> <span class='ocrx_word' id='word_1_114' title='bbox 1424 1386 1600 1434; x_wconf 90' lang='lat' dir='ltr'>postea</span> <span class='ocrx_word' id='word_1_115' title='bbox 1625 1384 1673 1421; x_wconf 87' lang='lat' dir='ltr'>et</span> 
     </span>
     <span class='ocr_line' id='line_1_16' title="bbox 48 1453 1668 1520; baseline -0.006 -12"><span class='ocrx_word' id='word_1_116' title='bbox 48 1461 322 1520; x_wconf 87' lang='lat' dir='ltr'>germanici</span> <span class='ocrx_word' id='word_1_117' title='bbox 356 1460 555 1517; x_wconf 88' lang='lat' dir='ltr'>collegii</span> <span class='ocrx_word' id='word_1_118' title='bbox 579 1474 717 1517; x_wconf 90' lang='lat' dir='ltr'>cura,</span> <span class='ocrx_word' id='word_1_119' title='bbox 744 1458 882 1505; x_wconf 87' lang='lat' dir='ltr'>cuius</span> <span class='ocrx_word' id='word_1_120' title='bbox 906 1457 995 1503; x_wconf 82' lang='lat' dir='ltr'>fuit</span> <span class='ocrx_word' id='word_1_121' title='bbox 1019 1466 1187 1503; x_wconf 92' lang='lat' dir='ltr'>rector</span> <span class='ocrx_word' id='word_1_122' title='bbox 1210 1455 1522 1502; x_wconf 90' lang='lat' dir='ltr'>constitutus.</span> <span class='ocrx_word' id='word_1_123' title='bbox 1550 1453 1668 1499; x_wconf 76' lang='lat' dir='ltr'>Por-v</span> 
     </span>
     <span class='ocr_line' id='line_1_17' title="bbox 48 1530 1672 1592; baseline -0.006 -7"><span class='ocrx_word' id='word_1_124' title='bbox 48 1555 104 1586; x_wconf 93' lang='lat' dir='ltr'>ro</span> <span class='ocrx_word' id='word_1_125' title='bbox 142 1539 319 1585; x_wconf 93' lang='lat' dir='ltr'>horum</span> <span class='ocrx_word' id='word_1_126' title='bbox 353 1538 571 1584; x_wconf 90' lang='lat' dir='ltr'>omnium</span> <span class='ocrx_word' id='word_1_127' title='bbox 605 1545 758 1583; x_wconf 90' lang='lat' dir='ltr'>testes</span> <span class='ocrx_word' id='word_1_128' title='bbox 790 1534 1168 1592; x_wconf 81' lang='lat' dir='ltr'>irrefragabiles</span> <span class='ocrx_word' id='word_1_129' title='bbox 1193 1542 1305 1580; x_wconf 91' lang='lat' dir='ltr'>sunt</span> <span class='ocrx_word' id='word_1_130' title='bbox 1335 1532 1445 1578; x_wconf 91' lang='lat' dir='ltr'>libri</span> <span class='ocrx_word' id='word_1_131' title='bbox 1476 1530 1672 1589; x_wconf 90' lang='lat' dir='ltr'>plurimi</span> 
     </span>
     <span class='ocr_line' id='line_1_18' title="bbox 51 1609 1529 1675; baseline -0.005 -12"><span class='ocrx_word' id='word_1_132' title='bbox 51 1632 172 1675; x_wconf 91' lang='lat' dir='ltr'>quos</span> <span class='ocrx_word' id='word_1_133' title='bbox 196 1632 286 1662; x_wconf 88' lang='lat' dir='ltr'>sua</span> <span class='ocrx_word' id='word_1_134' title='bbox 308 1631 457 1661; x_wconf 88' lang='lat' dir='ltr'>manu</span> <span class='ocrx_word' id='word_1_135' title='bbox 480 1614 789 1671; x_wconf 87' lang='lat' dir='ltr'>conscriptos</span> <span class='ocrx_word' id='word_1_136' title='bbox 811 1612 1027 1659; x_wconf 89' lang='lat' dir='ltr'>moriens</span> <span class='ocrx_word' id='word_1_137' title='bbox 1051 1612 1128 1657; x_wconf 91' lang='lat' dir='ltr'>hic</span> <span class='ocrx_word' id='word_1_138' title='bbox 1151 1611 1293 1657; x_wconf 92' lang='lat' dir='ltr'>nobis</span> <span class='ocrx_word' id='word_1_139' title='bbox 1316 1609 1529 1667; x_wconf 89' lang='lat' dir='ltr'>reliquit.</span> 
     </span>
    </p>

    <p class='ocr_par' dir='ltr' id='par_1_5' title="bbox 49 1686 1687 2988">
     <span class='ocr_line' id='line_1_19' title="bbox 110 1686 1671 1746; baseline -0.005 -7"><span class='ocrx_word' id='word_1_140' title='bbox 110 1694 178 1740; x_wconf 82' lang='grc'>14.</span> <span class='ocrx_word' id='word_1_141' title='bbox 245 1693 322 1739; x_wconf 92' lang='lat' dir='ltr'>De</span> <span class='ocrx_word' id='word_1_142' title='bbox 366 1701 528 1738; x_wconf 91' lang='lat' dir='ltr'>morte</span> <span class='ocrx_word' id='word_1_143' title='bbox 572 1691 689 1745; x_wconf 89' lang='lat' dir='ltr'>eius,</span> <span class='ocrx_word' id='word_1_144' title='bbox 734 1691 868 1737; x_wconf 90' lang='lat' dir='ltr'>vitae</span> <span class='ocrx_word' id='word_1_145' title='bbox 913 1698 1180 1736; x_wconf 89' lang='lat' dir='ltr'>anteactae</span> <span class='ocrx_word' id='word_1_146' title='bbox 1223 1688 1369 1746; x_wconf 91' lang='lat' dir='ltr'>plane</span> <span class='ocrx_word' id='word_1_147' title='bbox 1412 1686 1671 1743; x_wconf 78' lang='lat' dir='ltr'>conformi,</span> 
     </span>
     <span class='ocr_line' id='line_1_20' title="bbox 49 1764 1674 1828; baseline -0.005 -11"><span class='ocrx_word' id='word_1_148' title='bbox 49 1772 204 1818; x_wconf 90' lang='lat' dir='ltr'>multa</span> <span class='ocrx_word' id='word_1_149' title='bbox 237 1770 504 1828; x_wconf 88' lang='lat' dir='ltr'>praeclara</span> <span class='ocrx_word' id='word_1_150' title='bbox 537 1768 616 1815; x_wconf 92' lang='lat' dir='ltr'>hic</span> <span class='ocrx_word' id='word_1_151' title='bbox 648 1768 936 1825; x_wconf 88' lang='lat' dir='ltr'>scriberem,</span> <span class='ocrx_word' id='word_1_152' title='bbox 964 1767 1054 1813; x_wconf 92' lang='lat' dir='ltr'>nisi</span> <span class='ocrx_word' id='word_1_153' title='bbox 1079 1765 1367 1824; x_wconf 84' lang='lat' dir='ltr'>prolixitate</span> <span class='ocrx_word' id='word_1_154' title='bbox 1401 1764 1550 1810; x_wconf 90' lang='lat' dir='ltr'>nimia</span> <span class='ocrx_word' id='word_1_155' title='bbox 1579 1779 1674 1809; x_wconf 90' lang='lat' dir='ltr'>me-</span> 
     </span>
     <span class='ocr_line' id='line_1_21' title="bbox 50 1844 1676 1898; baseline -0.006 -3"><span class='ocrx_word' id='word_1_156' title='bbox 50 1858 240 1895; x_wconf 89' lang='lat' dir='ltr'>tuerem</span> <span class='ocrx_word' id='word_1_157' title='bbox 285 1863 393 1894; x_wconf 93' lang='lat' dir='ltr'>esse</span> <span class='ocrx_word' id='word_1_158' title='bbox 438 1846 710 1893; x_wconf 88' lang='lat' dir='ltr'>molestior.</span> <span class='ocrx_word' id='word_1_159' title='bbox 751 1844 1083 1891; x_wconf 91' lang='lat' dir='ltr'>Committere</span> <span class='ocrx_word' id='word_1_160' title='bbox 1121 1853 1288 1890; x_wconf 90' lang='lat' dir='ltr'>tamen</span> <span class='ocrx_word' id='word_1_161' title='bbox 1333 1858 1429 1888; x_wconf 94' lang='lat' dir='ltr'>non</span> <span class='ocrx_word' id='word_1_162' title='bbox 1473 1857 1676 1898; x_wconf 90' lang='lat' dir='ltr'>possum</span> 
     </span>
     <span class='ocr_line' id='line_1_22' title="bbox 50 1919 1677 1984; baseline -0.006 -12"><span class='ocrx_word' id='word_1_163' title='bbox 50 1926 162 1984; x_wconf 91' lang='lat' dir='ltr'>quin</span> <span class='ocrx_word' id='word_1_164' title='bbox 187 1925 401 1983; x_wconf 88' lang='lat' dir='ltr'>paucula</span> <span class='ocrx_word' id='word_1_165' title='bbox 434 1939 562 1981; x_wconf 90' lang='lat' dir='ltr'>quae</span> <span class='ocrx_word' id='word_1_166' title='bbox 595 1938 769 1969; x_wconf 90' lang='lat' dir='ltr'>coram</span> <span class='ocrx_word' id='word_1_167' title='bbox 803 1923 906 1980; x_wconf 92' lang='lat' dir='ltr'>ipse</span> <span class='ocrx_word' id='word_1_168' title='bbox 941 1921 1040 1968; x_wconf 89' lang='lat' dir='ltr'>vidi</span> <span class='ocrx_word' id='word_1_169' title='bbox 1075 1930 1124 1968; x_wconf 93' lang='lat' dir='ltr'>et</span> <span class='ocrx_word' id='word_1_170' title='bbox 1158 1920 1341 1977; x_wconf 91' lang='lat' dir='ltr'>audiui,</span> <span class='ocrx_word' id='word_1_171' title='bbox 1368 1919 1446 1965; x_wconf 90' lang='lat' dir='ltr'>hic</span> <span class='ocrx_word' id='word_1_172' title='bbox 1470 1919 1677 1965; x_wconf 88' lang='lat' dir='ltr'>interse-</span> 
     </span>
     <span class='ocr_line' id='line_1_23' title="bbox 49 1996 1678 2061; baseline -0.006 -10"><span class='ocrx_word' id='word_1_173' title='bbox 49 2020 174 2052; x_wconf 89' lang='lat' dir='ltr'>ram.</span> <span class='ocrx_word' id='word_1_174' title='bbox 199 2003 311 2061; x_wconf 90' lang='lat' dir='ltr'>Ipso</span> <span class='ocrx_word' id='word_1_175' title='bbox 345 2017 471 2060; x_wconf 89' lang='lat' dir='ltr'>ergo</span> <span class='ocrx_word' id='word_1_176' title='bbox 505 2002 566 2047; x_wconf 89' lang='lat' dir='ltr'>D.</span> <span class='ocrx_word' id='word_1_177' title='bbox 605 2000 876 2058; x_wconf 84' lang='lat' dir='ltr'>Micha&#39;e‘lis,</span> <span class='ocrx_word' id='word_1_178' title='bbox 903 2000 1062 2046; x_wconf 89' lang='lat' dir='ltr'>sacris</span> <span class='ocrx_word' id='word_1_179' title='bbox 1096 1999 1278 2045; x_wconf 89' lang='lat' dir='ltr'>missae</span> <span class='ocrx_word' id='word_1_180' title='bbox 1313 1996 1565 2055; x_wconf 88' lang='lat' dir='ltr'>mysteriis</span> <span class='ocrx_word' id='word_1_181' title='bbox 1599 2011 1678 2041; x_wconf 93' lang='lat' dir='ltr'>co-</span> 
     </span>
     <span class='ocr_line' id='line_1_24' title="bbox 52 2074 1678 2137; baseline -0.006 -10"><span class='ocrx_word' id='word_1_182' title='bbox 52 2097 161 2128; x_wconf 90' lang='lat' dir='ltr'>ram</span> <span class='ocrx_word' id='word_1_183' title='bbox 185 2080 378 2127; x_wconf 90' lang='lat' dir='ltr'>infirmo</span> <span class='ocrx_word' id='word_1_184' title='bbox 402 2078 621 2137; x_wconf 89' lang='lat' dir='ltr'>peractis</span> <span class='ocrx_word' id='word_1_185' title='bbox 653 2094 683 2124; x_wconf 90' lang='lat' dir='ltr'>a</span> <span class='ocrx_word' id='word_1_186' title='bbox 716 2078 777 2124; x_wconf 88' lang='lat' dir='ltr'>R.</span> <span class='ocrx_word' id='word_1_187' title='bbox 806 2077 857 2123; x_wconf 87' lang='lat' dir='ltr'>P.</span> <span class='ocrx_word' id='word_1_188' title='bbox 881 2075 1188 2135; x_wconf 86' lang='lat' dir='ltr'>prouinciali,</span> <span class='ocrx_word' id='word_1_189' title='bbox 1216 2091 1329 2121; x_wconf 90' lang='lat' dir='ltr'>cum</span> <span class='ocrx_word' id='word_1_190' title='bbox 1352 2074 1452 2120; x_wconf 90' lang='lat' dir='ltr'>iam</span> <span class='ocrx_word' id='word_1_191' title='bbox 1477 2088 1678 2119; x_wconf 91' lang='lat' dir='ltr'>sacram</span> 
     </span>
     <span class='ocr_line' id='line_1_25' title="bbox 54 2151 1679 2217; baseline -0.006 -12"><span class='ocrx_word' id='word_1_192' title='bbox 54 2158 265 2217; x_wconf 86' lang='lat' dir='ltr'>synaxin</span> <span class='ocrx_word' id='word_1_193' title='bbox 300 2158 343 2204; x_wconf 95' lang='lat' dir='ltr'>ei</span> <span class='ocrx_word' id='word_1_194' title='bbox 376 2157 442 2203; x_wconf 78' lang='lat' dir='ltr'>R.</span> <span class='ocrx_word' id='word_1_195' title='bbox 468 2156 530 2202; x_wconf 87' lang='lat' dir='ltr'>P.</span> <span class='ocrx_word' id='word_1_196' title='bbox 556 2156 881 2213; x_wconf 84' lang='lat' dir='ltr'>porrexisset,</span> <span class='ocrx_word' id='word_1_197' title='bbox 908 2155 1071 2212; x_wconf 90' lang='lat' dir='ltr'>coepit</span> <span class='ocrx_word' id='word_1_198' title='bbox 1095 2153 1316 2200; x_wconf 88' lang='lat' dir='ltr'>infirmus</span> <span class='ocrx_word' id='word_1_199' title='bbox 1340 2151 1488 2198; x_wconf 92' lang='lat' dir='ltr'>anxie</span> <span class='ocrx_word' id='word_1_200' title='bbox 1512 2151 1679 2197; x_wconf 90' lang='lat' dir='ltr'>admo-</span> 
     </span>
     <span class='ocr_line' id='line_1_26' title="bbox 54 2228 1682 2290; baseline -0.006 -8"><span class='ocrx_word' id='word_1_201' title='bbox 54 2236 170 2283; x_wconf 90' lang='lat' dir='ltr'>dum</span> <span class='ocrx_word' id='word_1_202' title='bbox 209 2244 490 2282; x_wconf 90' lang='lat' dir='ltr'>extremam</span> <span class='ocrx_word' id='word_1_203' title='bbox 529 2233 811 2279; x_wconf 90' lang='lat' dir='ltr'>vnctionem</span> <span class='ocrx_word' id='word_1_204' title='bbox 844 2233 1116 2290; x_wconf 88' lang='lat' dir='ltr'>postulare.</span> <span class='ocrx_word' id='word_1_205' title='bbox 1153 2231 1469 2288; x_wconf 88' lang='lat' dir='ltr'>Responsum</span> <span class='ocrx_word' id='word_1_206' title='bbox 1506 2228 1550 2275; x_wconf 88' lang='lat' dir='ltr'>ei</span> <span class='ocrx_word' id='word_1_207' title='bbox 1590 2228 1682 2274; x_wconf 82' lang='lat' dir='ltr'>fuit</span> 
     </span>
     <span class='ocr_line' id='line_1_27' title="bbox 54 2306 1680 2368; baseline -0.006 -9"><span class='ocrx_word' id='word_1_208' title='bbox 54 2329 151 2360; x_wconf 93' lang='lat' dir='ltr'>non</span> <span class='ocrx_word' id='word_1_209' title='bbox 176 2328 285 2359; x_wconf 91' lang='lat' dir='ltr'>esse</span> <span class='ocrx_word' id='word_1_210' title='bbox 315 2321 417 2358; x_wconf 88' lang='lat' dir='ltr'>tam</span> <span class='ocrx_word' id='word_1_211' title='bbox 450 2325 689 2368; x_wconf 89' lang='lat' dir='ltr'>praesens</span> <span class='ocrx_word' id='word_1_212' title='bbox 723 2310 996 2368; x_wconf 90' lang='lat' dir='ltr'>periculum</span> <span class='ocrx_word' id='word_1_213' title='bbox 1030 2308 1145 2366; x_wconf 89' lang='lat' dir='ltr'>quin</span> <span class='ocrx_word' id='word_1_214' title='bbox 1181 2307 1373 2353; x_wconf 79' lang='lat' dir='ltr'>differri</span> <span class='ocrx_word' id='word_1_215' title='bbox 1408 2306 1680 2363; x_wconf 88' lang='lat' dir='ltr'>aliquantu—</span> 
     </span>
     <span class='ocr_line' id='line_1_28' title="bbox 53 2383 1679 2449; baseline -0.006 -12"><span class='ocrx_word' id='word_1_216' title='bbox 53 2392 152 2437; x_wconf 92' lang='lat' dir='ltr'>lum</span> <span class='ocrx_word' id='word_1_217' title='bbox 176 2399 360 2449; x_wconf 91' lang='lat' dir='ltr'>posset,</span> <span class='ocrx_word' id='word_1_218' title='bbox 380 2388 594 2434; x_wconf 89' lang='lat' dir='ltr'>maxime</span> <span class='ocrx_word' id='word_1_219' title='bbox 619 2403 730 2434; x_wconf 89' lang='lat' dir='ltr'>cum</span> <span class='ocrx_word' id='word_1_220' title='bbox 754 2387 929 2434; x_wconf 92' lang='lat' dir='ltr'>medici</span> <span class='ocrx_word' id='word_1_221' title='bbox 948 2401 1134 2444; x_wconf 89' lang='lat' dir='ltr'>operae</span> <span class='ocrx_word' id='word_1_222' title='bbox 1154 2385 1374 2443; x_wconf 88' lang='lat' dir='ltr'>precium</span> <span class='ocrx_word' id='word_1_223' title='bbox 1399 2384 1446 2429; x_wconf 90' lang='lat' dir='ltr'>id</span> <span class='ocrx_word' id='word_1_224' title='bbox 1470 2383 1679 2429; x_wconf 90' lang='lat' dir='ltr'>necdum</span> 
     </span>
     <span class='ocr_line' id='line_1_29' title="bbox 55 2460 1682 2518; baseline -0.006 -4"><span class='ocrx_word' id='word_1_225' title='bbox 55 2483 163 2514; x_wconf 89' lang='lat' dir='ltr'>esse</span> <span class='ocrx_word' id='word_1_226' title='bbox 186 2467 478 2514; x_wconf 89' lang='lat' dir='ltr'>iudicarent.</span> <span class='ocrx_word' id='word_1_227' title='bbox 505 2465 616 2511; x_wconf 92' lang='lat' dir='ltr'>Non</span> <span class='ocrx_word' id='word_1_228' title='bbox 649 2475 814 2511; x_wconf 87' lang='lat' dir='ltr'>cessat</span> <span class='ocrx_word' id='word_1_229' title='bbox 847 2473 1013 2510; x_wconf 90' lang='lat' dir='ltr'>tamen</span> <span class='ocrx_word' id='word_1_230' title='bbox 1047 2462 1270 2509; x_wconf 89' lang='lat' dir='ltr'>infirmus</span> <span class='ocrx_word' id='word_1_231' title='bbox 1305 2477 1395 2507; x_wconf 90' lang='lat' dir='ltr'>sua</span> <span class='ocrx_word' id='word_1_232' title='bbox 1432 2460 1682 2518; x_wconf 89' lang='lat' dir='ltr'>replicare</span> 
     </span>
     <span class='ocr_line' id='line_1_30' title="bbox 54 2539 1682 2601; baseline -0.005 -10"><span class='ocrx_word' id='word_1_233' title='bbox 54 2544 315 2601; x_wconf 90' lang='lat' dir='ltr'>desideria,</span> <span class='ocrx_word' id='word_1_234' title='bbox 343 2558 593 2601; x_wconf 90' lang='lat' dir='ltr'>cuperem,</span> <span class='ocrx_word' id='word_1_235' title='bbox 619 2543 859 2600; x_wconf 86' lang='lat' dir='ltr'>inquiens,</span> <span class='ocrx_word' id='word_1_236' title='bbox 885 2541 926 2588; x_wconf 88' lang='lat' dir='ltr'>si</span> <span class='ocrx_word' id='word_1_237' title='bbox 949 2542 1018 2588; x_wconf 91' lang='lat' dir='ltr'>ita</span> <span class='ocrx_word' id='word_1_238' title='bbox 1040 2541 1299 2586; x_wconf 88' lang='lat' dir='ltr'>videretur</span> <span class='ocrx_word' id='word_1_239' title='bbox 1333 2548 1540 2585; x_wconf 89' lang='lat' dir='ltr'>sanctae</span> <span class='ocrx_word' id='word_1_240' title='bbox 1569 2539 1682 2584; x_wconf 92' lang='lat' dir='ltr'>obe-</span> 
     </span>
     <span class='ocr_line' id='line_1_31' title="bbox 57 2616 1685 2680; baseline -0.004 -12"><span class='ocrx_word' id='word_1_241' title='bbox 57 2622 284 2680; x_wconf 89' lang='lat' dir='ltr'>dientiae,</span> <span class='ocrx_word' id='word_1_242' title='bbox 322 2621 417 2667; x_wconf 91' lang='lat' dir='ltr'>hoc</span> <span class='ocrx_word' id='word_1_243' title='bbox 458 2636 536 2666; x_wconf 89' lang='lat' dir='ltr'>me</span> <span class='ocrx_word' id='word_1_244' title='bbox 574 2629 800 2667; x_wconf 88' lang='lat' dir='ltr'>extremo</span> <span class='ocrx_word' id='word_1_245' title='bbox 833 2627 1152 2666; x_wconf 88' lang='lat' dir='ltr'>sacramento</span> <span class='ocrx_word' id='word_1_246' title='bbox 1185 2617 1379 2663; x_wconf 91' lang='lat' dir='ltr'>muniri.</span> <span class='ocrx_word' id='word_1_247' title='bbox 1418 2616 1685 2674; x_wconf 88' lang='lat' dir='ltr'>Acquieuit</span> 
     </span>
     <span class='ocr_line' id='line_1_32' title="bbox 57 2694 1684 2756; baseline -0.004 -10"><span class='ocrx_word' id='word_1_248' title='bbox 57 2700 255 2746; x_wconf 86' lang='lat' dir='ltr'>tandem</span> <span class='ocrx_word' id='word_1_249' title='bbox 277 2700 337 2745; x_wconf 89' lang='lat' dir='ltr'>R.</span> <span class='ocrx_word' id='word_1_250' title='bbox 366 2699 418 2744; x_wconf 89' lang='grc' dir='ltr'>Ρ.</span> <span class='ocrx_word' id='word_1_251' title='bbox 441 2699 760 2756; x_wconf 89' lang='lat' dir='ltr'>prouincialis</span> <span class='ocrx_word' id='word_1_252' title='bbox 784 2707 832 2745; x_wconf 91' lang='lat' dir='ltr'>et</span> <span class='ocrx_word' id='word_1_253' title='bbox 855 2699 946 2744; x_wconf 93' lang='lat' dir='ltr'>sub</span> <span class='ocrx_word' id='word_1_254' title='bbox 974 2711 1239 2754; x_wconf 88' lang='lat' dir='ltr'>vesperum</span> <span class='ocrx_word' id='word_1_255' title='bbox 1271 2695 1561 2741; x_wconf 90' lang='lat' dir='ltr'>conuocatis</span> <span class='ocrx_word' id='word_1_256' title='bbox 1586 2694 1684 2740; x_wconf 84' lang='lat' dir='ltr'>fra-</span> 
     </span>
     <span class='ocr_line' id='line_1_33' title="bbox 56 2772 1682 2834; baseline -0.004 -11"><span class='ocrx_word' id='word_1_257' title='bbox 56 2777 213 2823; x_wconf 90' lang='lat' dir='ltr'>tribus</span> <span class='ocrx_word' id='word_1_258' title='bbox 236 2786 347 2834; x_wconf 85' lang='lat' dir='ltr'>post</span> <span class='ocrx_word' id='word_1_259' title='bbox 368 2776 395 2821; x_wconf 89' lang='lat'><em>7</em></span> <span class='ocrx_word' id='word_1_260' title='bbox 418 2776 636 2833; x_wconf 88' lang='lat' dir='ltr'>psalmos</span> <span class='ocrx_word' id='word_1_261' title='bbox 659 2786 707 2822; x_wconf 89' lang='lat' dir='ltr'>et</span> <span class='ocrx_word' id='word_1_262' title='bbox 729 2775 927 2822; x_wconf 90' lang='lat' dir='ltr'>litanias</span> <span class='ocrx_word' id='word_1_263' title='bbox 947 2774 1185 2821; x_wconf 89' lang='lat' dir='ltr'>recitatas</span> <span class='ocrx_word' id='word_1_264' title='bbox 1204 2772 1402 2831; x_wconf 88' lang='lat' dir='ltr'>(orante</span> <span class='ocrx_word' id='word_1_265' title='bbox 1426 2772 1682 2819; x_wconf 89' lang='lat' dir='ltr'>nobiscum</span> 
     </span>
     <span class='ocr_line' id='line_1_34' title="bbox 58 2850 1686 2911; baseline -0.003 -11"><span class='ocrx_word' id='word_1_266' title='bbox 58 2854 313 2900; x_wconf 75' lang='lat' dir='ltr'>altissima</span> <span class='ocrx_word' id='word_1_267' title='bbox 335 2853 355 2881; x_wconf 73' lang='lat' dir='ltr'>b</span> <span class='ocrx_word' id='word_1_268' title='bbox 387 2868 511 2899; x_wconf 92' lang='lat' dir='ltr'>voce</span> <span class='ocrx_word' id='word_1_269' title='bbox 545 2852 755 2911; x_wconf 90' lang='lat' dir='ltr'>infirmo)</span> <span class='ocrx_word' id='word_1_270' title='bbox 779 2853 1054 2911; x_wconf 90' lang='lat' dir='ltr'>plenariam</span> <span class='ocrx_word' id='word_1_271' title='bbox 1078 2851 1121 2897; x_wconf 92' lang='lat' dir='ltr'>ei</span> <span class='ocrx_word' id='word_1_272' title='bbox 1146 2851 1356 2909; x_wconf 90' lang='lat' dir='ltr'>primum</span> <span class='ocrx_word' id='word_1_273' title='bbox 1381 2850 1686 2897; x_wconf 87' lang='lat' dir='ltr'>authoritate</span> 
     </span>
     <span class='ocr_line' id='line_1_35' title="bbox 59 2927 1687 2988; baseline -0.002 -11"><span class='ocrx_word' id='word_1_274' title='bbox 59 2931 334 2988; x_wconf 89' lang='lat' dir='ltr'>apostolica</span> <span class='ocrx_word' id='word_1_275' title='bbox 371 2930 617 2976; x_wconf 89' lang='lat' dir='ltr'>concessit</span> <span class='ocrx_word' id='word_1_276' title='bbox 655 2930 1030 2988; x_wconf 88' lang='lat' dir='ltr'>indulgentiam,</span> <span class='ocrx_word' id='word_1_277' title='bbox 1076 2937 1124 2975; x_wconf 88' lang='lat' dir='ltr'>et</span> <span class='ocrx_word' id='word_1_278' title='bbox 1163 2943 1310 2974; x_wconf 89' lang='lat' dir='ltr'>sacro</span> <span class='ocrx_word' id='word_1_279' title='bbox 1355 2927 1530 2974; x_wconf 90' lang='lat' dir='ltr'>deinde</span> <span class='ocrx_word' id='word_1_280' title='bbox 1575 2928 1687 2973; x_wconf 92' lang='lat' dir='ltr'>oleo</span> 
     </span>
    </p>
   </div>
   <div class='ocr_carea' id='block_1_5' title="bbox 62 3040 327 3044">
    <p class='ocr_par' dir='ltr' id='par_1_6' title="bbox 62 3040 327 3044">
     <span class='ocr_line' id='line_1_36' title="bbox 62 3040 327 3044; baseline 0 0"><span class='ocrx_word' id='word_1_281' title='bbox 62 3040 327 3044; x_wconf 95' lang='lat' dir='ltr'> </span> 
     </span>
    </p>
   </div>
   <div class='ocr_carea' id='block_1_6' title="bbox 108 3096 990 3144">
    <p class='ocr_par' dir='ltr' id='par_1_7' title="bbox 108 3096 990 3144">
     <span class='ocr_line' id='line_1_37' title="bbox 108 3096 990 3144; baseline -0.001 -10"><span class='ocrx_word' id='word_1_282' title='bbox 108 3104 127 3125; x_wconf 70' lang='lat' dir='ltr'>a</span> <span class='ocrx_word' id='word_1_283' title='bbox 177 3097 228 3134; x_wconf 87' lang='lat' dir='ltr'>ad</span> <span class='ocrx_word' id='word_1_284' title='bbox 244 3102 467 3135; x_wconf 86' lang='lat' dir='ltr'>nostrum...</span> <span class='ocrx_word' id='word_1_285' title='bbox 488 3097 752 3144; x_wconf 85' lang='lat' dir='ltr'>pertinerent.</span> <span class='ocrx_word' id='word_1_286' title='bbox 805 3096 872 3124; x_wconf 85' lang='lat' dir='ltr'>—b</span> <span class='ocrx_word' id='word_1_287' title='bbox 893 3097 990 3133; x_wconf 86' lang='lat' dir='ltr'>alta.</span> 
     </span>
    </p>
   </div>
  </div>
 </body>
</html>
