1900 3380
363 297 584 335 Appiam-mx
612 300 846 336 irruam
878 301 918 336 17
942 301 1145 347 ⁴'mummi
1176 301 1222 345 (Ρ)
1254 301 1342 337 1558
1551 300 1616 335 031

39 404 160 450 cret,
188 403 239 439 ut
272 393 316 437 in
342 402 480 438 tanto
515 410 718 440 munere
753 405 801 440 et
835 412 958 441 onus
992 396 1166 453 feram,
1204 406 1252 441 et
1282 406 1332 441 ut
1354 412 1417 441 ex
1441 395 1666 452 imperse-

39 470 252 516 ctionum
277 480 506 516 ueterum
532 487 753 518 mearum
779 473 1033 519 laberintis
1057 489 1308 531 egressus,
1346 474 1391 518 in
1426 488 1486 518 ea
1521 488 1666 518 uoca-

39 548 182 593 tionis
205 557 341 594 sorte
366 548 562 595 diuinae
587 551 913 607 respondeam
939 550 1194 596 uoluntati.

100 625 167 669 11.
236 624 387 682 Atqui
426 642 514 683 per
549 642 710 672 meam
744 627 996 685 ingratam
1037 628 1333 673 obliuionem
1373 643 1497 684 pene
1532 627 1666 672 laba-

39 703 198 748 censis
222 702 438 765 episcopi
464 705 494 759 ¹,
522 704 582 749 de
603 720 697 761 quo
717 706 849 750 nullo
869 705 1015 751 modo
1034 706 1190 751 taceri
1211 715 1387 762 potest,
1410 705 1668 750 exciderat

40 779 296 825 memoria.
320 779 433 836 Qua
453 782 799 838 propensione,
822 797 918 839 qua
938 783 1259 838 benignitate,
1282 798 1378 839 quo
1398 781 1667 827 humillimo

40 856 297 902 charitatis
331 856 520 903 affectu
547 860 703 904 bonus
737 875 906 914 senex,
936 860 1091 904 bonus
1116 868 1275 916 pater,
1302 861 1458 905 bonus
1482 859 1664 916 episco-

40 949 129 991 pus
163 944 397 991 tanquam
434 934 558 981 filios
593 952 680 982 nos
714 937 1045 993 amplexatur.
1083 936 1180 993 Qui
1215 937 1366 994 regiis
1400 937 1668 982 distractus

39 1011 462 1067 occupationibus,
490 1028 681 1058 summo
705 1028 849 1058 mane
873 1014 934 1058 ad
958 1023 1182 1059 nostrum
1206 1014 1442 1070 templum
1468 1014 1513 1058 in
1538 1022 1667 1059 tene-

39 1088 141 1134 bris
167 1089 315 1147 uenit,
338 1098 390 1135 ut
414 1089 709 1136 diaconatus
732 1090 953 1136 ordinem
988 1090 1184 1136 cuidam
1218 1100 1440 1136 nostrum
1475 1091 1667 1136 confer-

40 1176 129 1223 ret,
157 1167 362 1224 singulis·
388 1168 696 1215 orationibus
720 1179 768 1215 et
792 1169 999 1226 publicis
1024 1168 1274 1214 exercitiis
1299 1168 1534 1214 interfuit.
1572 1167 1667 1213 To-

38 1253 141 1290 tum
164 1260 216 1290 se
239 1245 381 1291 nobis
405 1245 450 1291 in
475 1247 700 1292 omnibus
718 1245 885 1292 offert.

100 1321 167 1367 12.
234 1322 429 1368 Nouam
450 1339 643 1380 quoque
667 1338 875 1370 messem
901 1339 1062 1369 nouae
1087 1323 1233 1369 etatis
1257 1337 1426 1368 sumus
1445 1322 1666 1380 auspica-

37 1399 86 1445 ti.
115 1399 264 1446 Faxit
287 1401 598 1457 omnipotens
628 1400 868 1446 Dominus
903 1409 955 1446 ut
990 1400 1203 1458 undique
1237 1399 1344 1458 ejus
1377 1415 1555 1446 nomen
1589 1401 1666 1446 be-

36 1477 310 1524 nedicatur.
337 1478 468 1524 Tres
492 1479 800 1525 comensales
824 1479 870 1524 in
895 1478 1160 1535 collegium
1195 1478 1490 1535 recepimus;
1527 1478 1667 1534 pueri

37 1570 207 1600 omnes
230 1555 451 1613 egregiis
474 1555 672 1601 familiis
697 1564 744 1601 et
773 1555 1059 1613 parentibus
1093 1555 1205 1600 orti.
1244 1554 1376 1600 Puer
1410 1555 1536 1600 alius
1569 1555 1668 1612 qui-

36 1632 146 1677 dam
170 1633 249 1689 qui
273 1632 438 1678 multis
462 1633 725 1690 praecibus
748 1633 982 1679 hussitico
1006 1647 1214 1679 carcere
1238 1648 1326 1689 per
1351 1641 1549 1678 nostros
1573 1638 1591 1659 ²³
1616 1633 1665 1677 li-

14 1768 15 1771 *
36 1710 311 1756 herandum
335 1712 548 1766 curauit,
576 1712 790 1768 quotidie
814 1711 868 1756 P.
897 1720 1146 1757 rectorem
1171 1710 1386 1756 solicitat
1410 1719 1464 1756 ut
1495 1710 1556 1755 ad
1581 1709 1669 1755 So-

36 1777 268 1833 cietatem
312 1789 627 1842 admittatur;
673 1789 854 1835 maturi
894 1789 1099 1846 ingenii,
1141 1789 1302 1834 bonae
1342 1787 1467 1845 spei,
1500 1788 1669 1844 magni

37 1865 268 1923 feruoris,
304 1875 510 1923 paratus
547 1875 596 1911 ut
629 1875 861 1923 parentes
896 1876 945 1912 et
979 1866 1143 1912 omnia
1178 1867 1393 1922 deserat3
1422 1879 1512 1910 nec
1536 1864 1668 1910 aliud

36 1952 237 1999 praeter
260 1953 478 1990 aetatem
502 1944 687 1990 rectori
710 1945 912 1990 obstare
937 1944 1147 1990 uidetur.
1175 1941 1470 2000 Hujusmodi
1495 1942 1670 1988 messis

36 2020 235 2065 occasio
260 2036 356 2066 non
379 2021 539 2066 solum
562 2021 609 2066 in
633 2021 812 2078 pueris,
841 2021 903 2066 mi
928 2020 988 2066 R.
1017 2020 1090 2078 R,
1117 2020 1202 2066 sed
1226 2031 1273 2066 et
1298 2020 1344 2065 in
1363 2029 1468 2066 tota
1487 2020 1583 2065 hac
1602 2020 1667 2065 la-

36 2098 225 2144 tissima
249 2107 298 2144 et
327 2098 650 2144 incultissima
682 2098 791 2145 Xri.
829 2098 973 2144 uinea
1007 2098 1245 2154 paulatim
1278 2113 1331 2143 se
1364 2096 1504 2143 nobis
1538 2097 1669 2142 uide-

36 2186 114 2220 tur
133 2176 345 2232 aperire.
373 2176 560 2222 Multae
584 2176 880 2232 asperitates
899 2175 1114 2233 quotidie
1139 2175 1300 2232 magis
1318 2175 1666 2232 explanantur.

42 2252 283 2299 Veterum
308 2269 566 2300 rumorum
590 2253 791 2299 fabulae
820 2253 1176 2310 conticescunt;
1216 2252 1374 2309 magis
1410 2252 1669 2308 magisque

37 2330 238 2387 cognito
272 2331 404 2376 uitae
437 2330 676 2388 instituto,
712 2346 958 2386 sermone,
1001 2330 1134 2375 cultu
1169 2329 1409 2375 exteriori
1433 2338 1481 2374 et
1506 2329 1668 2374 multis

36 2407 216 2452 inditiis
238 2408 491 2453 hominum
514 2408 676 2453 studia
709 2408 752 2453 in
787 2424 875 2454 nos
900 2408 1146 2453 inclinant.
1182 2407 1286 2452 Nec
1320 2406 1519 2452 dubium
1555 2406 1667 2464 quin

37 2484 253 2531 maxima
276 2485 455 2531 demeti
479 2485 632 2542 possit
656 2486 850 2531 diuinae
874 2485 1067 2543 gloriae
1092 2500 1255 2541 seges,
1281 2484 1320 2530 si
1350 2484 1545 2540 quidam
1585 2485 1666 2530 bo-

36 2563 210 2608 hemici
234 2564 452 2609 cultores
476 2564 521 2608 in
546 2563 672 2609 hanc
695 2564 954 2610 mittantur
978 2564 1189 2617 uineam,
1217 2562 1296 2618 qui
1322 2562 1666 2607 mediocritate

37 2640 293 2687 doctrinae
316 2641 544 2698 praediti,
571 2640 678 2687 Xri.
706 2642 952 2688 charitate
976 2641 1246 2695 feruentes,
1274 2639 1440 2685 diuino
1466 2640 1668 2685 honoris

38 2733 230 2775 quoque
254 2719 359 2764 zelo
383 2717 637 2776 inflamati,
665 2718 898 2764 miseram
922 2719 1065 2772 hanc,
1094 2734 1157 2763 ex
1181 2733 1276 2774 qua
1301 2726 1373 2762 tot
1398 2717 1444 2761 in
1464 2716 1567 2762 dies
1592 2732 1667 2763 ra-

85 2927 102 2948 a
138 2934 223 2975 ¹per
240 2926 397 2958 nostros
417 2933 489 2967 per
507 2925 664 2958 nostros
685 2933 766 2959 ms.

89 3115 98 3134 ¹
153 3113 217 3151 Cf.
240 3127 332 3160 pag.
353 3112 435 3156 526,
456 3113 538 3150 685.
