1900 3380
523 288 842 326 168.—C0L0N1A
871 288 918 324 22
944 287 1053 334 MAJ1
1085 287 1175 323 1:35ss
1553 284 1624 320 669

32 388 218 435 sionem
244 386 388 432 auide
413 385 715 441 desiderant,
748 396 794 430 et
830 385 1015 430 fratres
1049 398 1322 440 germanos
1356 382 1588 427 seductos
1623 391 1672 426 et

33 464 355 512 Germaniam
380 463 594 520 patriam
619 471 856 507 uexatam
882 472 929 508 et
960 461 1197 507 afflictam
1230 459 1569 517 indignissime
1604 458 1670 503 fe-

33 552 160 588 runt.
208 541 401 587 Horum
447 540 544 585 iam
588 540 857 587 Societatis
895 548 1008 585 sunt
1054 538 1330 585 octodecim
1376 547 1462 584 aut
1505 538 1673 594 plures

34 620 195 674 etiam,
224 635 436 675 quorum
461 618 617 664 ultimi
642 628 746 664 tres
770 617 1014 663 dialectici
1047 617 1092 662 in
1125 617 1254 662 festo
1290 616 1508 673 paschae
1542 630 1594 660 se
1630 614 1672 659 ei

36 697 290 753 dederunt,
327 697 494 752 plures
529 711 638 741 esse
674 695 975 751 desiderant,
1019 710 1188 740 omnes
1227 695 1426 739 tandem
1464 699 1481 719 ⁸
1520 691 1673 737 futuri

35 783 163 829 sunt;
191 774 264 819 sin
289 773 465 830 minUS,
493 773 862 819 haereticorum
888 782 1051 818 tamen
1077 772 1246 817 hostes
1265 781 1409 816 erunt
1429 769 1671 828 perpetui,

36 862 83 898 et
107 852 220 909 quia
246 861 450 908 propter
469 860 706 907 parentes
726 850 909 907 aliquid
931 850 1061 906 apud
1080 865 1197 895 suos
1222 849 1477 903 ualebunt,
1500 858 1548 893 et
1567 862 1674 903 pro-

37 939 146 988 pter
166 929 495 975 eruditionem
514 928 666 973 multo
686 928 912 984 amplius,
936 943 1032 973 non
1053 928 1229 984 leuem,
1252 925 1463 979 confido,
1502 925 1676 970 aduer-

37 1007 181 1053 sariis
214 1007 406 1052 cladem
426 1005 654 1051 inferent.
683 1004 767 1050 Sic
791 1006 930 1050 Deus
954 1005 1031 1050 hic
1056 1004 1333 1051 exercitum
1359 1002 1677 1059 comparabit

38 1086 83 1130 in
108 1085 274 1130 hostes
300 1093 499 1130 nostros
525 1093 574 1129 et
597 1084 842 1129 bonorum
868 1083 1084 1128 omnium
1115 1082 1364 1138 totiusque
1397 1080 1672 1137 Ecclesiae,

38 1171 86 1208 et
119 1178 148 1207 a
182 1161 397 1207 fratrum
428 1161 707 1207 ceruicibus
732 1161 1102 1206 haereticorum
1128 1160 1298 1217 iugum
1330 1158 1509 1204 durum
1534 1157 1677 1202 nimis

42 1239 277 1286 excutiet.
315 1238 414 1285 Sed
450 1239 635 1284 utinam
671 1238 786 1284 cito.
824 1238 999 1284 quate
1034 1254 1123 1283 nos
1158 1236 1467 1282 orationibus
1498 1235 1679 1280 uestris

44 1316 441 1363 feruentissimis.

97 1394 140 1441 6.
207 1393 374 1440 Habet
418 1393 464 1439 in
508 1394 605 1439 hac
643 1394 867 1450 palestra
907 1408 1024 1438 suos
1065 1391 1368 1447 Franconia,
1412 1390 1675 1447 Turingia,

41 1471 357 1529 episcopatus
380 1471 632 1528 spirensis,
661 1469 1055 1527 moguntinensis
1079 1469 1113 1521 b,
1146 1468 1468 1525 treuerensis;
1492 1468 1676 1513 habent

43 1549 279 1595 finitimae
302 1548 608 1605 prouinciae.
637 1548 783 1594 Adsit
807 1548 877 1594 eis
908 1547 1046 1592 Deus
1081 1556 1133 1592 ut
1166 1545 1287 1592 fiant
1318 1544 1506 1591 strenui
1542 1544 1683 1590 Chri-

43 1627 103 1673 sti
128 1627 319 1673 milites.
347 1626 566 1672 Futuros
590 1625 801 1684 confido,
824 1625 939 1682 quia
963 1625 1027 1670 ad
1051 1625 1143 1670 hoc
1168 1625 1323 1682 probe
1349 1640 1401 1670 se
1425 1632 1680 1680 exercent,

44 1714 92 1751 et
130 1704 479 1762 impedimenta
517 1720 606 1761 per
645 1704 932 1761 frequentes
971 1701 1384 1748 mortificationes
1429 1701 1681 1747 abiiciunt.

47 1781 162 1828 Sine
196 1781 508 1839 superiorum
542 1781 786 1827 facultate
820 1797 1072 1838 nunquam
1107 1781 1154 1826 in
1188 1780 1439 1837 publicum
1478 1794 1685 1836 progre-

47 1859 262 1917 diuntur,
288 1859 526 1917 pecunias
548 1859 710 1905 nullas
734 1859 965 1916 retinent,
1003 1858 1089 1904 sed
1122 1858 1252 1915 apud
1287 1857 1574 1914 superiores
1608 1855 1686 1901 de—

48 1946 249 1995 ponunt,
276 1953 420 1982 arma
443 1936 629 1983 itidem.
668 1936 1006 1982 Poenitentias
1041 1951 1181 1981 more
1217 1934 1488 1981 Societatis
1522 1933 1687 1980 conui-

50 2024 215 2061 ctores
238 2014 369 2060 haud
394 2014 648 2071 grauatim
673 2013 856 2071 ferunt,
885 2013 988 2059 sine
1013 2013 1145 2059 omni
1169 2013 1319 2058 etiam
1344 2012 1526 2058 ciuium
1546 2027 1688 2057 scan-

51 2093 181 2149 dalo,
219 2092 317 2138 imo
352 2091 697 2138 aedificatione
731 2093 967 2148 maxima,
1011 2093 1124 2138 dum
1165 2108 1332 2137 mores
1367 2091 1549 2137 mutari
1585 2105 1689 2136 cer-

53 2182 171 2216 nunt
212 2177 243 2216 ⁰.
272 2168 485 2216 Sacrum
508 2169 725 2227 quotidie
749 2179 856 2216 tota
879 2170 1051 2216 schola
1075 2170 1212 2215 audit
1236 2169 1302 2227 (in
1328 2185 1478 2226 quam
1512 2168 1690 2214 asscri-

54 2248 125 2305 psi
150 2248 246 2293 iam
273 2249 405 2293 ultra
427 2247 515 2294 360
538 2248 883 2294 adolescentes
907 2247 1162 2305 egregios,
1190 2247 1387 2293 omnino
1412 2246 1540 2292 enirn
1575 2261 1691 2302 pue-

55 2340 138 2370 ros
163 2340 259 2370 non
284 2325 561 2382 recipimus;
599 2340 810 2382 quorum
843 2340 941 2370 non
975 2339 1162 2381 paucos
1196 2324 1510 2380 pellexerunt
1545 2322 1563 2348 ‘³
1598 2323 1693 2367 huc

56 2402 204 2448 aediti
238 2401 504 2448 lectionum
538 2402 795 2459 catalogi);
832 2418 1050 2459 sacrum,
1088 2402 1303 2458 inquam,
1341 2401 1494 2458 audit,
1521 2409 1569 2445 et
1593 2400 1692 2457 qui-

58 2480 167 2525 dem
190 2480 330 2525 flexis
354 2480 581 2536 genibus;
608 2480 792 2536 templa
815 2480 1079 2537 diligenter
1103 2479 1449 2525 adolescentes
1473 2478 1692 2535 uisitant,

59 2574 235 2615 preces
258 2558 350 2603 rite
374 2558 680 2616 persoluunt,
709 2558 922 2616 coronis,
950 2557 1165 2603 Hortulo
1184 2557 1379 2602 animae
1404 2558 1415 2580 ¹
1443 2565 1492 2602 et
1510 2554 1694 2602 Gerso-

58 2651 119 2682 ne
148 2636 410 2693 plurimum
444 2635 772 2692 delectantur;
809 2635 992 2681 altaria
1025 2636 1072 2681 in
1107 2634 1347 2680 cubiculis
1380 2641 1694 2690 construunt,

109 2828 127 2849 a
170 2827 214 2859 ut
232 2833 367 2869 spero.
426 2821 492 2849 —b
509 2826 562 2858 et.
617 2829 679 2849 -c
717 2822 847 2859 Totus
866 2822 941 2859 loc.
963 2832 990 2858 a
1008 2832 1076 2857 vv.
1095 2809 1215 2856 Multi
1232 2819 1340 2856 enim
1356 2818 1638 2857 desideratur
1652 2820 1698 2856 in

65 2882 256 2919 HANSEN.
312 2882 377 2908 —d
420 2882 462 2919 V.
483 2887 636 2928 supra,
657 2894 750 2929 pag.
771 2881 854 2924 668.
876 2884 1030 2919 annot.
1061 2887 1089 2916 c.

115 3053 125 3071 ¹
176 3051 303 3088 Liber
333 3051 422 3098 pius
452 3051 663 3088 continens
696 3049 872 3087 officium
904 3049 949 3086 Β.
989 3048 1044 3085 Μ.
1088 3047 1275 3094 Virginis
1314 3052 1354 3084 et
1393 3047 1495 3084 alias
1534 3059 1693 3094 preces.

70 3110 132 3148 Cf.
160 3112 245 3149 The
263 3111 447 3149 catholic
465 3110 805 3157 Encyclopedm,
826 3110 899 3146 sub
919 3108 1056 3145 verbo.
