1900 3380
1615 273 1636 281 ,-

498 270 820 308 ise—Comma
851 271 894 307 16
916 271 1117 318 ψῙΑΝυΑιῐΠ
1148 272 1238 308 1558
1567 274 1634 308 51]

5 394 8 433 ;
54 369 249 416 scholas
283 378 331 414 et
364 369 734 415 haereticorum
769 378 817 415 et
857 368 1214 413 catholicorum
1249 369 1522 420 mittantur;
1550 378 1598 414 et
1622 370 1684 414 ad

52 446 290 504 plurimas
315 446 461 491 modo
485 446 789 502 peruenient.
828 445 1035 501 Hocque
1070 454 1226 501 agunt
1262 446 1397 490 multi
1432 455 1485 491 ut
1518 461 1681 502 quam-

1 536 7 584 '3
52 523 243 580 plurimi
275 523 620 568 adoiescentes
654 523 713 568 ad
751 523 970 568 scholam
1005 531 1054 567 et
1088 538 1309 567 mensam
1344 532 1565 568 nostram
1603 539 1681 567 ue-

52 600 201 652 niant,
230 600 378 645 etiam
414 599 787 656 Vittembeiga,
824 599 994 656 Lipsia
1028 608 1076 644 et
1110 600 1217 644 aliis
1257 600 1376 644 locis
1412 600 1675 645 haeretico·

54 693 176 722 rum.
226 676 292 722 Vt
333 676 745 733 quemadmodum
791 678 854 722 ab
898 676 1013 732 ipsis
1057 686 1339 722 nostrorum
1384 677 1561 722 ciuium
1603 676 1681 721 filii

0 780 1 789 κ
52 763 419 811 peruertuntur‚
447 763 495 798 et
521 754 711 798 reuersi
736 754 798 799 ad
828 769 916 798 nos
943 760 960 780 ²³
985 754 1138 798 muita
1171 754 1298 798 bona
1332 754 1600 810 impediunt
1635 764 1682 799 et

0 874 1 877 ,
52 832 180 876 mala
204 831 405 883 faciunt,
431 831 498 876 ita
524 831 740 887 ipsorum
776 831 856 876 filii
892 831 967 875 hic
1003 840 1138 875 recte
1173 830 1491 875 instituantur
1527 840 1574 876 et
1609 847 1680 875 re-

51 909 180 955 uersi
211 909 256 954 in
291 909 504 966 patriam
539 925 649 954 eam
684 920 996 966 conuertant,
1034 918 1121 954 aut
1155 910 1330 953 ¹saltem
1364 910 1514 954 multa
1554 910 1681 954 bona,

0 1007 2 1010 >
49 995 379 1043 promoueant
404 996 451 1031 et
477 988 606 1032 mala
631 987 912 1044 impediant.
948 987 997 1031 [in
1031 1002 1127 1043 quo
1152 996 1359 1043 tantum,
1397 1002 1559 1043 spero,
1598 1003 1679 1032 ua-

50 1064 215 1109 lebunt
243 1064 460 1120 ipsorum
485 1064 564 1109 filii
591 1074 727 1110 recte
759 1064 982 1113 instituti.
1011 1073 1161 1121 atque
1197 1065 1362 1110 ualent
1396 1074 1681 1109 nostrorum

0 1179 1 1185 ,
51 1142 112 1186 ab
138 1140 253 1197 ipsis
277 1142 472 1186 haeresi
510 1142 695 1187 imbuti.
734 1143 835 1188 Vbi
871 1142 1007 1187 multi
1047 1142 1109 1186 e⁴x
1149 1142 1205 1186 iis
1240 1142 1483 1195 uenerint,
1526 1143 1677 1197 dabit,

0 1230 1 1255 1
49 1233 211 1274 spero,
241 1219 377 1264 Deus
403 1219 599 1264 domum
625 1220 915 1276 ampliorem
947 1229 994 1264 vt
1023 1219 1172 1275 recipi
1197 1228 1393 1275 queant.

0 1288 1 1296 ¹
109 1296 151 1341 7.
219 1296 321 1342 Iam
349 1297 441 1342 hoc
466 1306 622 1353 agunt
646 1297 791 1343 amici
817 1297 988 1349 nostri,
1010 1306 1063 1342 ut
1082 1297 1294 1353 collegio
1314 1297 1682 1354 coniungantur

0 1391 1 1442 ᾧ
40 1374 234 1430 'aliquot
269 1375 461 1420 uicinae
495 1375 682 1420 domus.
725 1375 786 1421 Et
826 1385 1033 1429 tantum,
1075 1391 1239 1431 spero,
1281 1375 1546 1431 aliquando
1587 1375 1679 1420 loci

0 1451 2 1499 ἓ
49 1453 363 1510 adiungetur,
402 1463 454 1499 vt
490 1464 705 1510 quatuor
739 1455 822 1499 illa
858 1456 1061 1499 multum
1099 1454 1384 1499 desiderata
1419 1453 1682 1510 erigantur

49 1530 275 1587 collegia:
305 1547 455 1576 vnum
480 1530 749 1576 Societatis
773 1547 884 1576 cum
909 1532 1140 1576 adiuncta
1172 1532 1317 1576 domo
1353 1530 1677 1587 probationis3

0 1622 1 1625 ’
47 1608 260 1653 alterum
296 1609 660 1665 conuictorum3
703 1610 901 1654 tertium
943 1625 1112 1654 eorum
1149 1609 1228 1666 qui
1268 1608 1471 1665 propria
1510 1609 1681 1653 uiuunt

0 1742 3 1751 k
47 1686 238 1743 quadra
269 1692 315 1732 et
340 1688 782 1743 por‘cz‘onistammn
817 1687 851 1743 Ι);
889 1696 1122 1743 quartum
1158 1702 1448 1743 pauperum.
1486 1685 1625 1742 Quos
1661 1691 1676 1711 ⁰

47 1764 474 1809 commendatione
498 1764 852 1810 iuuabimuset
878 1765 1118 1818 iuuamus,
1154 1773 1204 1809 ut
1230 1764 1361 1810 uitae
1392 1763 1678 1809 necessaria

0 1851 2 1856 ’
49 1839 276 1886 habeant.
315 1841 442 1886 Nam
478 1843 539 1887 ad
575 1842 668 1887 hoc
697 1842 835 1887 multi
865 1842 940 1888 hic
967 1843 1209 1899 procliues
1233 1850 1361 1898 sunt,
1390 1842 1486 1886 imo
1512 1841 1679 1898 plures

47 1928 156 1964 sunt
178 1919 258 1976 qui
282 1920 452 1965 uolunt
476 1920 613 1976 darey
650 1936 796 1978 quam
831 1936 927 1977 ego
961 1921 1173 1965 habeam
1210 1935 1333 1976 quos
1368 1919 1511 1965 uelim
1547 1934 1677 1964 com-

2 2021 5 2054 5
47 1997 295 2042 mendare.
321 1997 429 2043 Hec
462 1998 522 2043 de
560 1998 900 2056 superioribus
930 1998 1185 2056 germanis
1218 1998 1345 2051 dico,
1383 2014 1496 2042 nam
1533 1997 1677 2043 uicini

2 2075 199 2140 ..nostri
225 2075 340 2121 licet
364 2091 611 2132 pauperes
641 2076 750 2129 sint,
785 2076 934 2121 facile
968 2093 1029 2122 ex
1064 2076 1230 2133 patria
1264 2075 1446 2132 aliquid
1481 2075 1676 2131 conqui-

45 2166 156 2196 rere
181 2161 401 2208 possunt.
428 2152 537 2198 Hac
563 2153 772 2209 ratione,
800 2169 964 2210 spero,
1002 2154 1370 2199 haereticorum
1406 2151 1675 2197 labefacta-

3 2225 7 2234 “
46 2228 202 2291 bimus
236 2230 522 2286 potentiam.
559 2230 622 2276 Et
655 2231 885 2288 quoniam
920 2231 1159 2277 haeretici
1194 2231 1373 2275 multos
1407 2229 1542 2275 libris
1576 2229 1676 2274 suis

45 2306 300 2365 seducunt,
329 2323 510 2365 eosque
535 2309 712 2354 mirum
738 2308 783 2353 in
809 2309 1010 2354 modum
1034 2324 1124 2365 per
1148 2307 1470 2354 Germaniam
1491 2306 1674 2362 disper-

44 2393 180 2441 gunt,
217 2385 503 2431 curabimus
537 2395 590 2431 ut
628 2387 987 2438 catholicorum
1021 2386 1130 2432 libri
1164 2386 1271 2442 pari
1306 2385 1452 2430 modo
1491 2384 1674 2441 disper-

1 2451 7 2468 ²
45 2472 242 2519 gantur.
271 2462 369 2508 Sed
388 2464 576 2510 utinam
596 2464 827 2510 catholici
850 2473 923 2511 tot
943 2464 1180 2510 eiusmodi
1201 2464 1351 2509 libros
1371 2461 1676 2507 conficerent

5 2555 7 2570 ⁴
45 2547 92 2584 et
115 2539 159 2584 in
185 2539 254 2585 eis
278 2540 346 2585 ita
370 2557 423 2586 se
447 2541 510 2586 ad
535 2551 733 2598 captum
761 2543 895 2598 uulgi
920 2541 1361 2587 accommodarent
1384 2550 1531 2595 atque
1562 2539 1673 2585 hae-

45 2616 198 2662 retici.
225 2617 322 2662 Per
345 2627 610 2675 utrumque
634 2620 989 2665 catechismum
1016 2619 1067 2664 P.
1092 2617 1278 2664 Canisii
1303 2617 1508 2662 multum
1527 2616 1604 2661 hic
1623 2615 1675 2662 fit

45 2692 171 2740 boni.
200 2694 395 2741 Paruus
418 2696 497 2741 hic
519 2697 737 2742 secundo
766 2712 896 2742 nunc
919 2697 1242 2753 imprimetur:
1276 2694 1435 2739 maior
1459 2694 1555 2739 iam
1580 2694 1672 2750 pri-

0 2829 5 2843 μ
46 2771 153 2817 dem
187 2772 264 2818 hic
297 2773 570 2830 impressus
603 2783 749 2825 esset,
786 2774 833 2819 ni
867 2774 1002 2830 regis
1037 2773 1350 2830 priuilegium
1382 2771 1669 2817 obstitisset:

5 2867 9 2877 ¹
45 2848 312 2906 impressus
345 2859 512 2896 tamen
552 2861 626 2897 est
658 2851 831 2897 Leodii
865 2860 914 2897 et
946 2850 1172 2896 Louanii.
1211 2848 1564 2895 Gratissimum
1599 2858 1673 2894 est

0 2918 4 2932 i

0 3058 2 3063 ·
92 3037 109 3057 ⁸
173 3031 324 3068 Dubia
344 3032 477 3069 lectio.
530 3052 550 3056 —
580 3032 599 3059 b
639 3044 711 3068 seu
736 3031 1026 3068 conuictorum.
1079 3036 1143 3056 -C
1187 3029 1281 3066 Hoc
1314 3040 1353 3065 v.
1383 3030 1579 3075 positum
1612 3032 1673 3065 est

0 3129 2 3143 ,
24 3133 27 3137 ,
43 3093 122 3136 pro
141 3091 242 3136 alio,
262 3091 379 3138 quod
398 3092 483 3137 legi
498 3102 585 3128 non
600 3094 752 3137 potest.
