1900 3380
460 266 757 304 193.*-OCAN1A
790 267 829 302 11
860 264 1241 303 SEPTEMBRIS.1558
1554 261 1625 298 795

31 379 126 421 que
160 363 247 408 tibi
280 372 399 408 nota
434 377 544 408 esse
580 362 771 418 opinor,
809 372 856 406 et
891 361 1048 407 solum
1085 360 1314 405 indicabo
1349 356 1396 404 et
1433 357 1673 414 referam⁷

30 456 126 498 quo
152 440 196 485 in
222 450 356 485 statu
383 455 462 485 res
488 438 633 496 hujus
657 438 854 496 collegii
879 439 972 483 hoc
996 447 1222 494 tempore
1248 444 1513 482 versentur
1532 443 1574 480 ⁸.

89 517 130 563 2.
199 516 308 562 Hoc
332 526 448 562 ante
485 517 650 562 omnia
690 516 832 567 scitO,
877 516 1030 561 Pater
1069 514 1333 561 admodum
1375 513 1673 569 reverende,

34 594 326 652 religionem
359 603 582 638 nostram
608 604 654 638 et
687 592 992 638 Societatem
1027 593 1078 637 in‘
1108 593 1200 637 hoc
1237 590 1500 647 municipio
1527 592 1674 646 (sum-

31 688 112 717 ma
138 673 245 717 laus
271 671 379 716 Deo
405 670 609 727 Optimo
634 670 874 725 Maximo)
896 671 1049 715 multo
1070 670 1260 714 honore
1280 667 1413 713 affici
1437 678 1485 713 et
1504 668 1673 724 ingen-

30 751 159 796 tibus
184 749 412 794 laudibus
436 749 498 794 ad
523 749 708 805 sydera
733 764 887 805 usque
912 747 1099 799 extolli,
1126 757 1174 792 et
1199 762 1296 791 non
1317 755 1510 794 tantum
1535 761 1565 790 a
1589 761 1672 802 po-

31 827 289 885 pularibus
324 836 372 872 et
406 826 611 883 plebeiis
646 825 938 879 hominibus,
974 840 1147 869 verum
1184 824 1333 869 etiam
1366 839 1395 868 a
1428 823 1679 880 religiosis

33 916 80 950 et
104 905 430 962 presbyteris;
458 919 629 949 omnes
664 904 799 948 ciues
835 918 934 947 vna
972 917 1095 947 voce
1120 901 1360 957 fatentur,
1389 900 1569 945 Patres
1594 916 1679 946 no—

33 993 166 1028 stros
204 982 265 1026 ad
301 983 428 1027 hanc
463 983 639 1027 urbem
673 980 979 1037 peruenisse,
1007 980 1245 1035 impulsos
1270 978 1435 1023 diuino
1460 978 1676 1035 numine,

33 1070 85 1106 ut
109 1070 180 1106 tot
204 1060 452 1116 tantisque
477 1059 848 1105 calamitatibus
883 1068 931 1102 et
966 1057 1169 1114 flagitiis
1200 1056 1537 1101 mederentur.
1566 1055 1680 1112 Quo

32 1137 100 1195 fit,
127 1147 179 1183 ut
204 1137 523 1183 libentissime
547 1137 774 1182 intersint
798 1135 1138 1191 concionibus,
1166 1149 1295 1191 quae
1320 1149 1350 1178 a
1374 1133 1560 1178 nostris
1584 1133 1676 1178 Pa-

36 1216 195 1261 tribus
234 1216 482 1261 habentur
517 1215 781 1272 (habentur
821 1223 987 1259 autem
1028 1212 1288 1268 plurimae)
1329 1221 1377 1257 et
1417 1212 1462 1256 in
1506 1221 1680 1257 nostro

35 1293 218 1350 templo
243 1302 292 1338 et
316 1293 362 1338 in
388 1293 512 1350 aliis3
541 1292 787 1338 accedunt
818 1291 968 1337 etiam
1004 1290 1142 1335 multi
1178 1288 1400 1334 homines
1425 1305 1486 1334 ac
1509 1288 1680 1334 mulie-

38 1371 186 1417 resin
212 1372 330 1416 edes
360 1380 562 1415 nostras
597 1385 771 1415 sacras
805 1377 1036 1426 apertum
1071 1383 1162 1412 sua
1197 1367 1408 1412 crimina
1443 1366 1682 1412 Patribus

35 1448 233 1494 nostris.
262 1447 408 1505 Quod
434 1457 743 1504 quantopere
773 1446 930 1503 prosit
965 1445 1051 1490 toti
1088 1445 1371 1502 municipio,
1398 1459 1570 1489 omnes
1595 1460 1680 1489 ex-

36 1525 313 1582 perimento
338 1534 664 1582 cognoscunt,
688 1534 736 1569 et
760 1524 987 1579 ingentes
1011 1522 1205 1579 gratias
1230 1533 1387 1578 agunt
1411 1521 1538 1577 Deo,
1561 1536 1675 1566 cum

39 1603 240 1648 videant
263 1603 523 1648 innumera
547 1611 777 1658 peccata,
804 1612 887 1646 tan
914 1602 1114 1657 priuata
1139 1615 1270 1656 quan
1306 1599 1504 1656 publica
1539 1600 1674 1645 auul-

36 1697 92 1726 sa
116 1691 164 1727 et
188 1681 395 1727 exclusa
432 1697 557 1737 esse,
586 1680 761 1737 quibus
788 1679 1023 1725 vniuersa
1060 1679 1237 1724 ciuitas
1273 1678 1498 1723 involuta
1522 1687 1571 1723 et
1595 1678 1680 1723 ob-

37 1768 248 1804 coecata
288 1759 500 1815 turpiter
538 1758 798 1814 haerebat;
840 1773 1053 1813 quorum
1094 1757 1339 1801 scelerum
1381 1755 1682 1801 mentionem

38 1836 293 1893 sigillatim
333 1837 514 1881 nullam
554 1835 701 1889 facio,
742 1851 801 1879 ne
837 1835 1116 1891 longiorem
1154 1834 1262 1890 plus
1295 1832 1427 1890 justo
1464 1832 1682 1878 scribam

41 1913 320 1970 epistolam.

96 1991 138 2037 3.
207 1991 592 2037 Protonotarius
611 1990 690 2047 qui
715 1999 919 2035 nostrae
944 1987 1187 2034 Societati
1213 1987 1481 2045 collegium
1506 1987 1682 2033 tribuit

39 2077 87 2113 et
112 2067 344 2114 Patribus
380 2068 544 2113 omnia
578 2067 866 2112 necessaria
901 2066 1045 2112 hilari
1080 2066 1247 2111 animo
1273 2075 1322 2111 et
1346 2066 1504 2110 alacri
1542 2065 1683 2110 vultu

39 2146 254 2203 porrigit
278 2148 309 2200 ¹,
334 2146 454 2191 viuit
479 2161 540 2190 ac
566 2145 716 2200 valet,
740 2153 788 2189 et
813 2144 1030 2189 maximo
1051 2159 1223 2189 amore
1248 2142 1568 2200 prosequitur
1592 2140 1682 2187 So-

40 2222 288 2281 cietatem;
316 2223 632 2280 quotidieque
656 2221 916 2279 pollicetur
940 2221 959 2248 b
988 2237 1041 2266 se
1060 2221 1253 2266 cunctis
1276 2221 1323 2265 in
1348 2221 1500 2265 rebus
1524 2219 1683 2265 Patri-

42 2300 133 2346 bus
158 2301 340 2346 nostris
375 2316 518 2357 opem
554 2301 788 2357 laturum,
814 2310 867 2345 ut
902 2298 1097 2344 facilius
1131 2298 1325 2343 animas
1361 2296 1548 2343 Christi
1573 2313 1683 2342 san-

43 2377 191 2433 guine
215 2377 502 2434 redemptas
528 2384 544 2404 (
569 2386 618 2422 et
637 2393 662 2422 e
682 2377 911 2422 manibus
929 2374 1282 2422 cacodemonis
1301 2384 1519 2431 ereptas,
1543 2373 1684 2420 Chri·

45 2464 126 2513 sto
145 2455 481 2501 lucrifaciant.

101 2534 144 2578 4.
212 2533 300 2579 His
325 2534 496 2579 diebus
532 2533 909 2590 quatuordecim
944 2533 1131 2589 degunt
1156 2531 1311 2576 vitam
1337 2530 1383 2576 in
1409 2531 1503 2576 hoc
1538 2530 1684 2576 colle-

43 2609 143 2666 gio:
170 2611 462 2656 sacerdotes
486 2610 715 2668 quinque;
742 2610 915 2667 reliqui
949 2619 1063 2655 sunt
1085 2608 1289 2665 fratres3
1317 2623 1493 2653 omnes
1514 2618 1683 2654 tamen

42 2702 288 2749 prospera
342 2688 576 2733 fruuntur
622 2687 920 2733 valetudine.
964 2686 1094 2732 Tres
1141 2685 1331 2731 fratres
1383 2683 1684 2742 profitentur

92 2890 111 2912 a
142 2890 356 2921 versenter
376 2895 459 2921 ms.
518 2883 585 2910 -b
622 2883 827 2931 pollicitur
847 2893 928 2919 ms.
982 2889 1044 2909 —c
1081 2882 1271 2928 redeptas
1291 2891 1372 2917 ms.

96 3075 106 3094 ¹
159 3074 393 3111 Ludovicus
411 3073 461 3109 de
482 3071 729 3120 Calatayud.
