1997 3400
303 178 369 216 102
772 182 990 219 LITTERAE
1017 182 1373 228 QUADRIMESTRES

255 274 345 319 che
369 275 802 332 gagliardamente
829 278 1154 335 combatesse,
1180 278 1395 334 risposse
1420 295 1517 324 non
1544 289 1730 325 temere
1755 280 1895 324 altro·

219 371 221 373 ·
251 350 340 395 0110
371 352 418 396 la
457 351 688 398 dilatione
713 353 758 397 di
794 365 968 410 questa
1003 354 1104 399 uita
1140 356 1169 399 ¹.
1208 354 1281 399 Fu
1312 356 1504 411 sepolto
1540 356 1651 400 nela
1689 355 1881 401 chiessa

251 428 540 474 cathedrale
564 429 609 474 di
634 428 790 475 Santo
816 430 1060 476 Lorenzo.
1088 431 1210 477 Nele
1235 432 1468 488 obsequie
1493 433 1523 477 il
1549 433 1721 489 signor
1741 433 1882 478 deca—

251 520 313 549 no
334 520 427 549 con
446 506 557 550 tutti
577 506 606 551 li
628 507 852 552 canonici
872 508 1126 553 dichiarat'
1153 508 1315 553 hanno
1335 508 1542 554 affetion
1563 509 1754 566 grande
1774 525 1882 554 uer-

254 596 310 626 so
337 581 382 626 di
407 582 502 627 noi.

309 658 351 703 3.
427 656 595 704 Siamo
619 666 636 685 ³
665 659 710 704 in
741 658 914 716 questo
948 661 1159 718 collegio
1190 662 1397 707 duodeci
1428 663 1460 717 2,
1494 662 1613 707 fuor.
1639 663 1683 707 di
1709 674 1894 719 quatro

253 734 342 779 che
366 735 428 780 da
452 736 678 791 proximo
703 752 886 782 sarano
911 737 1138 790 admessi,
1166 748 1213 783 et
1245 741 1284 783 51
1310 754 1448 784 come
1480 754 1649 796 penSO,
1687 740 1882 795 prestis-

252 810 375 856 simo
400 811 656 857 andarano
680 815 819 858 costi.
847 812 980 858 Sono
1015 815 1139 859 nelle
1164 830 1317 871 grece
1341 826 1386 860 et
1421 815 1571 860 latine
1591 816 1764 861 lettere
1787 831 1884 861 me-

252 887 590 933 diocremente
629 889 767 945 dotti,
804 905 883 934 ma
917 890 1162 947 d'ingenio
1199 900 1245 937 et
1279 891 1409 936 uirtu
1450 892 1724 937 excellente
1757 901 1805 937 et
1839 893 1884 937 di

253 965 449 1021 grande
474 966 848 1011 mansuetudine
873 967 917 1011 di
942 968 1121 1012 animo.

342 1041 530 1097 Questo
556 1043 698 1087 basta
724 1042 858 1088 circa
883 1043 927 1089 10
951 1059 1066 1089 0050
1092 1044 1137 1088 di
1162 1059 1297 1101 casa;
1322 1046 1605 1101 parlaremo
1625 1046 1805 1090 adesso
1826 1047 1885 1091 de

252 1119 297 1162 le
316 1130 484 1163 nostre
509 1119 692 1165 schole.

312 1195 354 1240 A..
423 1195 702 1241 Habbiamo
727 1196 857 1241 assai
893 1197 973 1253 piu
1007 1198 1221 1242 scholari
1257 1199 1347 1243 che
1382 1198 1556 1255 prima,
1595 1210 1641 1244 et
1673 1199 1734 1244 mi
1759 1215 1883 1255 pare

253 1272 342 1335 che
367 1272 509 1317 l’odio
545 1272 753 1318 d'alcuni
788 1289 967 1331 1110550,
997 1274 1025 1318 11
1051 1275 1197 1330 qualli
1233 1291 1445 1331 appreso
1480 1276 1510 1320 il
1545 1276 1697 1331 uolgo
1730 1292 1886 1321 erano

253 1349 436 1394 stimati
461 1349 610 1399 assai,
638 1365 807 1395 essere
832 1350 877 1395 in
901 1366 1027 1407 gran
1048 1352 1215 1407 gratia
1239 1362 1287 1397 et
1310 1353 1656 1398 beneuolentia
1676 1362 1879 1398 mutato,

254 1425 443 1482 Questo
468 1426 589 1471 farsi
615 1426 677 1471 da
697 1427 724 1471 li
751 1427 968 1483 discipoli
993 1443 1089 1472 non
1114 1431 1139 1472 e
1164 1429 1357 1484 grande
1376 1429 1690 1486 marauiglia„
1713 1429 1884 1486 poiche

254 1502 416 1548 alcuni
441 1503 499 1548 de
523 1503 553 1548 li
579 1503 751 1548 mastri
777 1504 955 1559 publici
980 1505 1069 1549 che
1104 1505 1262 1561 prima
1296 1507 1534 1551 soleuano
1569 1522 1598 1550 a
1633 1506 1894 1551 l’instituto

254 1590 425 1625 nostro
449 1591 496 1625 et
521 1580 691 1625 ordine
716 1581 1029 1637 d'insegnare
1064 1583 1364 1639 contradire‚
1402 1584 1563 1639 quello
1588 1593 1748 1629 stesso
1773 1599 1893 1639 pro--

255 1658 381 1702 beno
406 1657 584 1703 adesso
608 1667 656 1703 et
690 1658 882 1703 lodeno.
923 1657 1068 1704 Oltra
1102 1659 1147 1703 di
1183 1661 1275 1716 cio,
1312 1660 1474 1705 alcuni
1511 1660 1640 1717 altri,
1678 1660 1882 1705 acioche

258 1735 440 1791 meglio
466 1750 678 1790 possano
703 1736 750 1780 al
774 1750 863 1779 suo
895 1736 1088 1791 publico
1124 1736 1281 1781 offitio
1315 1737 1579 1792 sodisfare,
1621 1737 1659 1782 si
1695 1737 1884 1782 aconsi-

256 1812 424 1869 gliano
443 1827 535 1857 con
560 1812 589 1857 li
613 1812 784 1868 nostri3
813 1828 968 1858 usano
988 1812 1034 1857 di
1054 1813 1100 1858 la
1119 1814 1192 1858 lor
1212 1813 1430 1859 dottrina
1450 1825 1496 1858 et
1515 1829 1706 1871 regono
1726 1814 1756 1859 11
1775 1814 1885 1859 loro
1950 1844 1953 1846 —

251 1889 471 1935 scholari
495 1889 712 1934 secondo
737 1889 780 1934 10
804 1890 975 1946 regole
1000 1889 1064 1935 dil
1087 1901 1258 1936 nostro
1282 1891 1511 1948 collegio.

313 1966 356 2011 5.
423 1965 650 2011 Hauemo
676 1966 871 2011 ducenti
896 1967 1127 2023 scholari,
1156 1967 1270 2012 fuor
1295 1967 1338 2012 di
1366 1968 1511 2024 quelli
1537 1969 1626 2013 che
1651 1968 1689 2013 si
1718 1977 1884 2013 troua-

254 2058 317 2088 no
342 2043 452 2088 nele
475 2042 641 2088 letioni
665 2042 730 2087 dil
754 2043 954 2088 fratello
978 2053 1147 2088 nostro
1172 2043 1366 2102 joanne
1390 2044 1609 2090 Antonio
1634 2045 1649 2069 3
1674 2045 1705 2090 11
1740 2045 1892 2101 quale·

256 2120 370 2177 lege
395 2120 443 2164 la
467 2119 656 2176 Topica
680 2119 739 2164 de
764 2118 1007 2165 Cicerone
1032 2135 1125 2165 con
1150 2129 1290 2165 tanta
1316 2121 1644 2166 admiratione
1669 2121 1728 2166 de
1753 2121 1880 2176 tutti,

256 2197 345 2242 che
369 2196 544 2241 dicono
568 2211 665 2241 non
690 2196 845 2241 hauer
869 2196 995 2242 uisto
1023 2212 1141 2242 cosa
1174 2197 1329 2242 simile
1363 2197 1408 2242 in
1440 2209 1613 2254 questa
1646 2198 1882 2243 uniuersi-

256 2277 325 2319 ta.
353 2273 427 2318 Ne
450 2283 587 2318 tanto
612 2273 671 2318 de
695 2273 742 2318 la
765 2289 891 2329 poca
915 2276 994 2318 eta
1014 2273 1077 2318 dil
1100 2273 1383 2329 professore
1407 2273 1427 2301 b
1455 2274 1493 2319 si
1517 2274 1891 2332 marauigliano

304 2428 324 2447 a
374 2427 485 2465 Simo
507 2437 586 2464 ms.
639 2426 705 2454 —b
726 2426 1002 2473 professerore
1025 2438 1103 2464 ms.

307 2565 315 2583 ¹
372 2562 433 2600 Cf.
452 2563 697 2606 POLANCUM,
716 2563 790 2598 loc.
812 2562 893 2605 cit,
917 2561 994 2598 109.

304 2623 317 2642 2
367 2621 411 2657 In
431 2622 601 2667 epistola
619 2620 935 2658 P.Me1cur1an1
954 2620 1033 2657 diei
1051 2619 1074 2656 6
1088 2619 1272 2666 Januarii
1288 2621 1406 2667 huius
1421 2621 1529 2667 anni,
1546 2622 1586 2658 hi
1601 2627 1882 2660 recensentur:
1886 2638 1890 2658 ·,
1946 2614 1952 2653 f

256 2680 301 2717 P.
334 2680 524 2717 Andreas
555 2679 818 2720 Galuanello,
851 2679 895 2716 P.
930 2679 1115 2715 Francho
1142 2678 1255 2724 Diaz,
1291 2679 1359 2717 Fr.
1381 2679 1472 2718 Gio
1506 2680 1630 2718 Ant.O
1657 2681 1889 2728 Vipe1·‚ano.

257 2739 325 2776 Fr.
348 2738 487 2776 Marco
507 2739 675 2785 Valdes,
698 2738 765 2776 Fr.
787 2738 948 2786 Gaspar
967 2737 1237 2785 d'Auignone,
1267 2738 1335 2775 Fr.
1365 2738 1456 2777 Gio.
1478 2739 1646 2786 Leunis,
1664 2740 1733 2777 Fr.
1751 2740 1883 2777 Batt.a

257 2798 492 2843 Ferrarese
514 2798 582 2835 Fr.
604 2798 790 2835 Francho
810 2797 1015 2840 Mercado,
1037 2796 1272 2844 Vuolfango
1297 2797 1490 2843 Bohemo‚
1521 2799 1590 2836 Fr.
1621 2799 1715 2837 Gio.
1744 2799 1884 2836 Mode-

257 2870 367 2903 nese,
389 2857 457 2894 Fr.
487 2857 664 2904 Virgilio
692 2858 741 2894 da
770 2857 992 2894 Mattelica.
1025 2856 1071 2893 In
1089 2856 1224 2894 codice
1257 2856 1490 2903 Informat.
1512 2860 1734 2905 antiquae,
1756 2871 1795 2896 n.
1822 2858 1889 2905 742

309 2916 315 2922 '
386 2916 433 2952 02
462 2946 468 2953 .

257 2917 542 3022 priusjoaimes
561 2976 765 3013 Antonius
786 2975 1032 3023 Viperanus.
1053 2975 1285 3019 POLANCUS,
1306 2978 1381 3013 loc.
1403 2976 1485 3020 eit„
1509 2976 1588 3014 111.
