1909 3328
287 233 355 269 864
752 231 969 269 Li‘r‘sERAE
995 232 1350 278 QUADRIMESTRES
1896 0 1909 258 Ι

1899 311 1902 329 Ι

241 350 350 380 eum
389 334 593 379 inunxit.
621 334 812 391 Quibus
846 335 1080 393 peractis,
1118 351 1338 382 summas
1372 335 1481 382 Deo
1522 352 1612 394 pro
1649 347 1858 395 accepto
1900 349 1909 404 ¹,

243 409 480 456 beneficio
519 410 624 466 egit
661 410 858 468 gratias
892 410 1127 467 infirmus,
1165 427 1225 458 ac
1259 422 1370 470 post
1409 413 1618 471 egregia
1656 423 1860 462 nostrae
1900 404 1909 469 li

241 487 507 533 Societatis
541 488 826 545 praeconia,
864 489 957 534 hoc
995 489 1191 536 demum
1226 491 1368 536 nobis
1408 491 1754 537 documentum
1791 502 1856 539 te-
1900 483 1909 552 {f

241 565 469 611 stamenti
503 566 612 611 loco
647 566 860 624 reliquit,
888 575 941 612 vt
974 567 1204 614 videlicet
1239 568 1651 625 quemadmodum
1686 578 1860 616 contra
1900 543 1909 670 l

241 641 350 687 fidei
376 641 640 689 veritatem
663 643 826 689 nullus
849 653 924 689 est
947 644 1197 690 hominum
1222 644 1450 691 electioni
1474 646 1612 691 locus
1636 646 1855 706 relictus,
1902 649 1909 753 i

240 720 306 766 ita
331 731 377 765 et
402 731 577 766 contla
601 721 917 767 vocationem
951 732 1175 767 nostram
1211 722 1579 769 vacillationem
1604 724 1757 768 vllam
1781 724 1859 770 ad·
1902 749 1909 798 Ε

239 798 434 844 mittere
476 798 619 845 nefas
663 814 771 845 esse
815 808 1059 856 putemus.
1102 798 1347 846 Postridie
1391 800 1506 846 dum
1549 800 1862 847 familiariter
1902 797 1909 870 Ι

239 891 350 920 cum
386 890 444 921 eo
477 891 700 933 ageiQem
728 891 790 921 ex
814 876 1083 933 improuiso
1116 892 1226 923 sese
1259 877 1458 934 erigens
1488 877 1591 923 alta
1616 892 1742 923 voce
1764 877 1860 924 cla·

1905 1391 1909 1436 l

1906 1456 1909 1585 l

1906 1589 1909 1625 l

1906 1648 1909 1686 ⁴]

1908 1737 1909 1758 l

238 968 376 999 mare
406 953 584 1010 coepit:
613 952 920 1000 Concentum
950 954 1097 1000 audio
1127 954 1426 1013 angelicum,
1452 954 1742 1001 charissime
1767 954 1861 1001 Ca-

240 1029 615 1088 nisi,comita1e
650 1046 743 1089 me3
778 1040 826 1077 et
858 1032 1038 1077 crebro
1070 1031 1194 1077 haec
1228 1031 1388 1077 verba
1423 1042 1652 1088 repetens
1685 1033 1860 1079 multos

240 1108 527 1155 nominabat
559 1125 623 1154 ex
655 1109 887 1155 Patribus
911 1118 1014 1155 tum
1049 1109 1269 1155 romanis
1292 1119 1393 1154 tum
1424 1109 1789 1168 viennensibUS,
1815 1118 1861 1156 et

240 1195 293 1232 vt
325 1202 493 1232 secum
527 1196 797 1244 peioerent
830 1186 1135 1233 clamitabat.
1160 1184 1460 1244 Superuenit
1492 1187 1684 1233 interea
1717 1187 1778 1233 R
1804 1187 1858 1236 Ρ.

239 1263 580 1321 prouincialis
623 1279 718 1321 quo
763 1264 893 1321 viso,
936 1264 1133 1310 insolita
1176 1264 1421 1321 quaedam
1460 1264 1676 1310 laetitiae
1720 1264 1861 1321 signa

240 1341 390 1388 edere
424 1341 585 1398 coepit
618 1341 1027 1398 strictissimeque
1061 1357 1174 1388 eum
1207 1341 1468 1399 amplexus
1502 1350 1591 1387 est
1628 1340 1861 1398 Sequenti

240 1419 315 1465 die
348 1434 459 1465 cum
492 1427 603 1476 post
636 1434 751 1464 sacr
758 1435 836 1465 um
871 1435 982 1464 eum
1016 1434 1200 1465 mulsei
1205 1434 1297 1477 em
1325 1418 1675 1476 agonizantem
1699 1417 1860 1476 reperi

239 1506 288 1542 et
311 1496 695 1554 protestationes
719 1496 916 1553 aliaque
939 1496 1036 1555 pia,
1062 1505 1210 1554 prout
1233 1511 1263 1542 a
1288 1495 1416 1541 Rdo.
1443 1495 1521 1541 P.e
1547 1495 1780 1541 Victoria
1803 1510 1862 1541 ea

239 1573 455 1631 proferri
487 1573 738 1632 audiebat,
766 1572 948 1619 deuota
981 1582 1146 1619 mente
1179 1573 1518 1630 replicantem.
1545 1572 1713 1630 Atque
1737 1572 1861 1618 inter

239 1650 483 1697 orandum
523 1649 780 1697 deficiente
819 1665 960 1709 voce,
1003 1665 1144 1697 suum
1184 1650 1333 1707 paulo
1368 1660 1477 1707 post
1517 1649 1735 1695 creatori
1774 1664 1859 1694 suo

239 1727 448 1774 reddidit
470 1727 710 1785 spilitum.
738 1728 980 1774 Mirabilis
1003 1728 1140 1774 Deus
1178 1728 1225 1773 in
1258 1727 1442 1774 sanctis
1465 1727 1583 1784 suis,
1611 1735 1659 1773 et
1681 1726 1859 1773 iudicia

239 1805 344 1851 eius
368 1806 578 1862 abyssus
611 1805 815 1851 multa¹
825 1804 1338 1863 .Congratulabatur
1372 1803 1462 1850 sibi
1496 1802 1773 1850 Germania
1803 1802 1909 1863 de

238 1882 533 1928 sanctissimi
556 1882 721 1928 Patris
753 1842 897 1928 huius
930 1882 1183 1939 inopinato
1208 1881 1442 1935 aduentu,
1466 1881 1553 1927 sed
1588 1882 1650 1926 ad
1683 1881 1857 1927 horam
1907 1847 1909 1951 i

239 1960 518 2006 exultauit
506 1975 553 2005 in
578 1960 686 2006 luce
710 1959 829 2016 eius,
858 1968 906 2005 et
929 1975 1072 2017 quem
1107 1968 1182 2006 tot
1214 1959 1354 2005 annis
1387 1958 1582 2004 Romae
1612 1957 1703 2004 sibi
1734 1957 1859 2003 arbi·
1908 1967 1909 2019 f

237 2039 468 2083 trabatur
501 2048 875 2095 praeparatum,
908 2037 1208 2083 coelestibis
1238 2036 1337 2083 iarn
1372 2036 1494 2082 vidit
1528 2034 1860 2081 mansionibus
1908 2032 1909 2047 ¹

237 2113 390 2160 fuisse
413 2114 733 2161 destinatum.
1326 2106 1329 2109 ⁵
1908 2103 1909 2108 ¹

301 2191 368 2236 15.
434 2191 713 2249 Plaeraque
745 2191 843 2237 alia
876 2200 1003 2247 sunt,
1029 2191 1154 2237 Rde.
1182 2190 1255 2247 P.‚
1289 2206 1416 2248 quae
1450 2189 1754 2236 recensenda
1778 2204 1858 2246 pu-

238 2279 416 2326 tarem,
443 2268 533 2314 nisi
557 2268 817 2325 prolixitas
840 2268 989 2314 nimia
1014 2277 1224 2314 vetaret.
1254 2267 1550 2314 Praeteribo
1574 2267 1726 2324 igitur
1749 2280 1859 2311 con·

238 2345 405 2391 ciones
428 2345 709 2403 hispanicas
742 2361 868 2404 quae
891 2361 921 2392 a
945 2345 1071 2391 Rdo.
1099 2345 1137 2390 P
1147 2352 1178 2391 ,e
1202 2344 1435 2391 Victoria
1468 2345 1515 2390 in
1548 2352 1721 2390 nostro
1745 2352 1858 2390 tem-

237 2422 317 2480 plo
340 2422 545 2469 subinde
568 2423 829 2469 habentur.
856 2422 1059 2468 Tacebo
1085 2422 1378 2468 miraculum
1400 2421 1530 2479 quod
1553 2437 1650 2467 non
1672 2420 1741 2466 ita
1765 2418 1858 2478 pri-

237 2499 347 2545 dem
377 2500 423 2545 in
453 2509 627 2547 nostro
660 2500 738 2547 hic
771 2500 955 2557 templo
990 2499 1154 2545 diuina
1188 2499 1382 2546 bonitas
1416 2515 1529 2545 cum
1563 2498 1776 2556 quodam
1800 2511 1860 2542 ex

237 2577 420 2623 nostris
451 2577 664 2635 peregit,
695 2577 776 2635 qui
809 2577 924 2623 dum
956 2576 1004 2622 in
1037 2577 1320 2623 summitate
1353 2576 1541 2633 templi.
1568 2575 1698 2633 quod
1732 2573 1860 2621 deal-

236 2654 453 2701 bandum
479 2665 784 2713 susceperat,
812 2654 1042 2701 machina
1075 2654 1289 2711 quadam
1324 2664 1526 2700 euectus
1556 2662 1703 2705 esset,
1730 2651 1857 2697 incu-

237 2730 312 2776 ria
335 2731 439 2777 eius
462 2730 542 2789 qui
566 2732 846 2778 machinam
879 2731 1250 2789 moderabatur,
1277 2740 1483 2788 repente
1508 2745 1571 2775 ex
1593 2743 1786 2775 summo
1809 2727 1855 2772 in

236 2818 423 2854 terram
446 2808 641 2866 decidit,
668 2824 760 2855 nec
782 2818 947 2855 tamen
980 2808 1252 2854 laesionem
1288 2808 1441 2853 vllam
1477 2806 1645 2864 sensit,
1671 2805 1757 2851 sed
1784 2818 1858 2850 eo·
1889 2825 1891 2827 ·

237 2884 346 2930 dem
371 2885 478 2931 fere
502 2896 751 2932 momento
776 2886 822 2932 in
845 2895 1023 2943 coepto
1046 2901 1198 2943 opere
1223 2900 1522 2943 progressus
1546 2893 1637 2929 est.

285 3054 294 3072 ¹
348 3051 409 3090 Cf.
428 3052 495 3089 Ps.
516 3052 692 3099 LXVH,
711 3052 758 3090 36
777 3058 817 3090 et
834 3050 1018 3098 XXXV,
1042 3052 1079 3089 7.
