<?xml version="1.0" encoding="UTF-8"?>
<!DOCTYPE html PUBLIC "-//W3C//DTD XHTML 1.0 Transitional//EN"
    "http://www.w3.org/TR/xhtml1/DTD/xhtml1-transitional.dtd">
<html xmlns="http://www.w3.org/1999/xhtml" xml:lang="en" lang="en">
 <head>
  <title>
</title>
<meta http-equiv="Content-Type" content="text/html;charset=utf-8" />
  <meta name='ocr-system' content='tesseract 3.04.00' />
  <meta name='ocr-capabilities' content='ocr_page ocr_carea ocr_par ocr_line ocrx_word'/>
</head>
<body>
  <div class='ocr_page' id='page_1' title='image "./litteraequadrime1705lain_0015.png"; bbox 0 0 2075 3499; ppageno 0'>
   <div class='ocr_carea' id='block_1_1' title="bbox 783 315 1673 341">
    <p class='ocr_par' dir='ltr' id='par_1_1' title="bbox 783 315 1673 341">
     <span class='ocr_line' id='line_1_1' title="bbox 783 315 1673 341; baseline 0.002 -2"><span class='ocrx_word' id='word_1_1' title='bbox 783 315 944 340; x_wconf 60' lang='lat' dir='ltr'>PRAEFA</span> <span class='ocrx_word' id='word_1_2' title='bbox 961 315 1016 339; x_wconf 77' lang='grc' dir='ltr'>ΗΟ</span> <span class='ocrx_word' id='word_1_3' title='bbox 1640 317 1673 341; x_wconf 73' lang='lat' dir='ltr'>{X</span> 
     </span>
    </p>
   </div>
   <div class='ocr_carea' id='block_1_2' title="bbox 97 399 1742 3170">
    <p class='ocr_par' dir='ltr' id='par_1_2' title="bbox 97 399 1724 535">
     <span class='ocr_line' id='line_1_2' title="bbox 99 399 1724 457; baseline -0.001 -10"><span class='ocrx_word' id='word_1_4' title='bbox 99 401 350 457; x_wconf 77' lang='lat' dir='ltr'>Georgius</span> <span class='ocrx_word' id='word_1_5' title='bbox 376 401 616 453; x_wconf 81' lang='lat' dir='ltr'>MercatO,</span> <span class='ocrx_word' id='word_1_6' title='bbox 645 401 719 446; x_wconf 84' lang='lat' dir='ltr'>die</span> <span class='ocrx_word' id='word_1_7' title='bbox 745 401 800 446; x_wconf 70' lang='lat'>25</span> <span class='ocrx_word' id='word_1_8' title='bbox 824 399 1059 446; x_wconf 80' lang='lat' dir='ltr'>Octobris</span> <span class='ocrx_word' id='word_1_9' title='bbox 1083 400 1195 444; x_wconf 87' lang='lat' dir='ltr'>anni</span> <span class='ocrx_word' id='word_1_10' title='bbox 1226 401 1337 445; x_wconf 54' lang='lat'>1558</span> <span class='ocrx_word' id='word_1_11' title='bbox 1360 418 1384 444; x_wconf 84' lang='lat' dir='ltr'>e</span> <span class='ocrx_word' id='word_1_12' title='bbox 1410 401 1620 454; x_wconf 64' lang='lat' dir='ltr'>collegio</span> <span class='ocrx_word' id='word_1_13' title='bbox 1648 419 1724 457; x_wconf 75' lang='lat' dir='ltr'>pa-</span> 
     </span>
     <span class='ocr_line' id='line_1_3' title="bbox 97 477 1723 535; baseline -0.001 -12"><span class='ocrx_word' id='word_1_14' title='bbox 97 479 376 524; x_wconf 86' lang='lat' dir='ltr'>normitano</span> <span class='ocrx_word' id='word_1_15' title='bbox 402 478 612 535; x_wconf 68' lang='lat' dir='ltr'>scripsit,</span> <span class='ocrx_word' id='word_1_16' title='bbox 636 493 744 523; x_wconf 87' lang='lat' dir='ltr'>eam</span> <span class='ocrx_word' id='word_1_17' title='bbox 765 486 929 523; x_wconf 88' lang='lat' dir='ltr'>tamen</span> <span class='ocrx_word' id='word_1_18' title='bbox 951 486 1261 534; x_wconf 71' lang='lat' dir='ltr'>amputatam</span> <span class='ocrx_word' id='word_1_19' title='bbox 1281 493 1310 522; x_wconf 87' lang='lat' dir='ltr'>a</span> <span class='ocrx_word' id='word_1_20' title='bbox 1330 477 1469 522; x_wconf 82' lang='lat' dir='ltr'>nobis</span> <span class='ocrx_word' id='word_1_21' title='bbox 1489 478 1723 523; x_wconf 69' lang='lat' dir='ltr'>invenies.</span> 
     </span>
    </p>

    <p class='ocr_par' dir='ltr' id='par_1_3' title="bbox 97 554 1733 1463">
     <span class='ocr_line' id='line_1_4' title="bbox 186 554 1724 611; baseline -0.001 -11"><span class='ocrx_word' id='word_1_22' title='bbox 186 555 254 600; x_wconf 71' lang='lat' dir='ltr'>At</span> <span class='ocrx_word' id='word_1_23' title='bbox 300 571 422 600; x_wconf 88' lang='lat' dir='ltr'>vero</span> <span class='ocrx_word' id='word_1_24' title='bbox 467 565 605 601; x_wconf 88' lang='lat' dir='ltr'>estne</span> <span class='ocrx_word' id='word_1_25' title='bbox 649 554 1084 611; x_wconf 80' lang='lat' dir='ltr'>quadrimestrium</span> <span class='ocrx_word' id='word_1_26' title='bbox 1129 554 1454 611; x_wconf 72' lang='lat' dir='ltr'>scriptoribus</span> <span class='ocrx_word' id='word_1_27' title='bbox 1498 564 1638 600; x_wconf 85' lang='lat' dir='ltr'>tanta</span> <span class='ocrx_word' id='word_1_28' title='bbox 1684 556 1724 600; x_wconf 85' lang='lat' dir='ltr'>in</span> 
     </span>
     <span class='ocr_line' id='line_1_5' title="bbox 98 631 1727 689; baseline -0.001 -11"><span class='ocrx_word' id='word_1_29' title='bbox 98 633 328 689; x_wconf 85' lang='lat' dir='ltr'>augendo</span> <span class='ocrx_word' id='word_1_30' title='bbox 354 632 574 688; x_wconf 88' lang='lat' dir='ltr'>libertas,</span> <span class='ocrx_word' id='word_1_31' title='bbox 603 642 654 677; x_wconf 93' lang='lat' dir='ltr'>ut</span> <span class='ocrx_word' id='word_1_32' title='bbox 678 631 797 677; x_wconf 90' lang='lat' dir='ltr'>fides</span> <span class='ocrx_word' id='word_1_33' title='bbox 822 631 1057 676; x_wconf 84' lang='lat' dir='ltr'>historica</span> <span class='ocrx_word' id='word_1_34' title='bbox 1077 631 1149 676; x_wconf 90' lang='lat' dir='ltr'>his</span> <span class='ocrx_word' id='word_1_35' title='bbox 1169 631 1496 677; x_wconf 68' lang='lat' dir='ltr'>monumentis</span> <span class='ocrx_word' id='word_1_36' title='bbox 1515 631 1727 687; x_wconf 71' lang='lat' dir='ltr'>denega-</span> 
     </span>
     <span class='ocr_line' id='line_1_6' title="bbox 99 708 1727 765; baseline -0.001 -10"><span class='ocrx_word' id='word_1_37' title='bbox 99 711 138 755; x_wconf 92' lang='lat' dir='ltr'>ri</span> <span class='ocrx_word' id='word_1_38' title='bbox 174 710 354 755; x_wconf 88' lang='lat' dir='ltr'>debeat</span> <span class='ocrx_word' id='word_1_39' title='bbox 389 718 474 755; x_wconf 88' lang='lat' dir='ltr'>aut</span> <span class='ocrx_word' id='word_1_40' title='bbox 507 710 682 754; x_wconf 88' lang='lat' dir='ltr'>saltem</span> <span class='ocrx_word' id='word_1_41' title='bbox 724 709 898 765; x_wconf 77' lang='lat' dir='ltr'>possit?</span> <span class='ocrx_word' id='word_1_42' title='bbox 935 709 1179 754; x_wconf 76' lang='lat' dir='ltr'>Neutrum</span> <span class='ocrx_word' id='word_1_43' title='bbox 1220 717 1467 765; x_wconf 89' lang='lat' dir='ltr'>putamus.</span> <span class='ocrx_word' id='word_1_44' title='bbox 1510 708 1727 753; x_wconf 84' lang='lat' dir='ltr'>Primum</span> 
     </span>
     <span class='ocr_line' id='line_1_7' title="bbox 99 785 1730 844; baseline -0.001 -12"><span class='ocrx_word' id='word_1_45' title='bbox 99 787 291 844; x_wconf 86' lang='lat' dir='ltr'>quidem</span> <span class='ocrx_word' id='word_1_46' title='bbox 317 787 430 844; x_wconf 86' lang='lat' dir='ltr'>quia</span> <span class='ocrx_word' id='word_1_47' title='bbox 455 788 499 832; x_wconf 91' lang='lat' dir='ltr'>in</span> <span class='ocrx_word' id='word_1_48' title='bbox 525 786 688 832; x_wconf 89' lang='lat' dir='ltr'>multis</span> <span class='ocrx_word' id='word_1_49' title='bbox 714 786 931 842; x_wconf 85' lang='lat' dir='ltr'>epistolis</span> <span class='ocrx_word' id='word_1_50' title='bbox 955 786 1141 831; x_wconf 91' lang='lat' dir='ltr'>nullum</span> <span class='ocrx_word' id='word_1_51' title='bbox 1174 786 1299 831; x_wconf 88' lang='lat' dir='ltr'>illius</span> <span class='ocrx_word' id='word_1_52' title='bbox 1334 785 1730 842; x_wconf 84' lang='lat' dir='ltr'>amplificationis</span> 
     </span>
     <span class='ocr_line' id='line_1_8' title="bbox 99 863 1729 920; baseline -0.002 -10"><span class='ocrx_word' id='word_1_53' title='bbox 99 864 355 910; x_wconf 88' lang='lat' dir='ltr'>oratoriae</span> <span class='ocrx_word' id='word_1_54' title='bbox 380 863 644 920; x_wconf 82' lang='lat' dir='ltr'>vestigium</span> <span class='ocrx_word' id='word_1_55' title='bbox 669 875 894 920; x_wconf 70' lang='lat' dir='ltr'>apparet,</span> <span class='ocrx_word' id='word_1_56' title='bbox 922 863 1095 908; x_wconf 76' lang='lat' dir='ltr'>confer</span> <span class='ocrx_word' id='word_1_57' title='bbox 1120 879 1167 908; x_wconf 85' lang='lat' dir='ltr'>V.</span> <span class='ocrx_word' id='word_1_58' title='bbox 1200 879 1262 919; x_wconf 89' lang='lat' dir='ltr'>c.,</span> <span class='ocrx_word' id='word_1_59' title='bbox 1300 863 1609 909; x_wconf 89' lang='lat' dir='ltr'>colonienses</span> <span class='ocrx_word' id='word_1_60' title='bbox 1634 864 1729 919; x_wconf 84' lang='lat' dir='ltr'>epi-</span> 
     </span>
     <span class='ocr_line' id='line_1_9' title="bbox 97 940 1730 1001; baseline -0.002 -14"><span class='ocrx_word' id='word_1_61' title='bbox 97 943 251 988; x_wconf 86' lang='lat' dir='ltr'>stolas</span> <span class='ocrx_word' id='word_1_62' title='bbox 273 941 499 997; x_wconf 80' lang='lat' dir='ltr'>Kesselii,</span> <span class='ocrx_word' id='word_1_63' title='bbox 523 940 735 995; x_wconf 87' lang='lat' dir='ltr'>Costeri,</span> <span class='ocrx_word' id='word_1_64' title='bbox 758 940 936 994; x_wconf 86' lang='lat' dir='ltr'>Rethii;</span> <span class='ocrx_word' id='word_1_65' title='bbox 960 941 1348 986; x_wconf 75' lang='lat' dir='ltr'>barcinonenses</span> <span class='ocrx_word' id='word_1_66' title='bbox 1366 941 1570 1001; x_wconf 88' lang='lat' dir='ltr'>Joannis</span> <span class='ocrx_word' id='word_1_67' title='bbox 1590 940 1730 987; x_wconf 75' lang='lat' dir='ltr'>Cesti</span> 
     </span>
     <span class='ocr_line' id='line_1_10' title="bbox 100 1018 1732 1076; baseline 0 -11"><span class='ocrx_word' id='word_1_68' title='bbox 100 1020 326 1076; x_wconf 89' lang='lat' dir='ltr'>rectoris,</span> <span class='ocrx_word' id='word_1_69' title='bbox 368 1020 656 1064; x_wconf 88' lang='lat' dir='ltr'>lauretanas</span> <span class='ocrx_word' id='word_1_70' title='bbox 694 1018 901 1064; x_wconf 88' lang='lat' dir='ltr'>Oliverii</span> <span class='ocrx_word' id='word_1_71' title='bbox 942 1018 1182 1074; x_wconf 83' lang='lat' dir='ltr'>Manarei,</span> <span class='ocrx_word' id='word_1_72' title='bbox 1225 1018 1559 1064; x_wconf 86' lang='lat' dir='ltr'>sardinienses</span> <span class='ocrx_word' id='word_1_73' title='bbox 1599 1020 1732 1065; x_wconf 83' lang='lat' dir='ltr'>Petri</span> 
     </span>
     <span class='ocr_line' id='line_1_11' title="bbox 99 1095 1731 1153; baseline 0 -11"><span class='ocrx_word' id='word_1_74' title='bbox 99 1097 255 1153; x_wconf 73' lang='lat' dir='ltr'>Spiga</span> <span class='ocrx_word' id='word_1_75' title='bbox 279 1095 591 1151; x_wconf 78' lang='lat' dir='ltr'>missionarii,</span> <span class='ocrx_word' id='word_1_76' title='bbox 618 1105 666 1141; x_wconf 92' lang='lat' dir='ltr'>et</span> <span class='ocrx_word' id='word_1_77' title='bbox 690 1095 928 1152; x_wconf 88' lang='lat' dir='ltr'>plurimas</span> <span class='ocrx_word' id='word_1_78' title='bbox 953 1095 1093 1140; x_wconf 90' lang='lat' dir='ltr'>alias.</span> <span class='ocrx_word' id='word_1_79' title='bbox 1122 1095 1313 1140; x_wconf 86' lang='lat' dir='ltr'>Deinde</span> <span class='ocrx_word' id='word_1_80' title='bbox 1344 1095 1456 1152; x_wconf 85' lang='lat' dir='ltr'>quia</span> <span class='ocrx_word' id='word_1_81' title='bbox 1492 1112 1571 1141; x_wconf 90' lang='lat' dir='ltr'>res</span> <span class='ocrx_word' id='word_1_82' title='bbox 1597 1096 1731 1153; x_wconf 89' lang='lat' dir='ltr'>ipsae</span> 
     </span>
     <span class='ocr_line' id='line_1_12' title="bbox 99 1173 1733 1230; baseline 0 -11"><span class='ocrx_word' id='word_1_83' title='bbox 99 1191 192 1219; x_wconf 90' lang='lat' dir='ltr'>non</span> <span class='ocrx_word' id='word_1_84' title='bbox 220 1190 336 1219; x_wconf 89' lang='lat' dir='ltr'>raro</span> <span class='ocrx_word' id='word_1_85' title='bbox 361 1173 794 1230; x_wconf 86' lang='lat' dir='ltr'>amplificationem</span> <span class='ocrx_word' id='word_1_86' title='bbox 821 1173 903 1217; x_wconf 84' lang='lat' dir='ltr'>vix</span> <span class='ocrx_word' id='word_1_87' title='bbox 934 1173 1115 1229; x_wconf 80' lang='lat' dir='ltr'>ferunt,</span> <span class='ocrx_word' id='word_1_88' title='bbox 1154 1189 1200 1219; x_wconf 82' lang='lat' dir='ltr'>v.</span> <span class='ocrx_word' id='word_1_89' title='bbox 1238 1189 1287 1229; x_wconf 79' lang='lat' dir='ltr'>g.</span> <span class='ocrx_word' id='word_1_90' title='bbox 1325 1189 1437 1218; x_wconf 91' lang='lat' dir='ltr'>cum</span> <span class='ocrx_word' id='word_1_91' title='bbox 1472 1174 1640 1230; x_wconf 82' lang='lat' dir='ltr'>agitur</span> <span class='ocrx_word' id='word_1_92' title='bbox 1675 1175 1733 1219; x_wconf 91' lang='lat' dir='ltr'>de</span> 
     </span>
     <span class='ocr_line' id='line_1_13' title="bbox 99 1250 1733 1308; baseline 0 -12"><span class='ocrx_word' id='word_1_93' title='bbox 99 1261 383 1297; x_wconf 89' lang='lat' dir='ltr'>nostrorum</span> <span class='ocrx_word' id='word_1_94' title='bbox 408 1266 630 1305; x_wconf 87' lang='lat' dir='ltr'>numero,</span> <span class='ocrx_word' id='word_1_95' title='bbox 658 1250 717 1295; x_wconf 92' lang='lat' dir='ltr'>de</span> <span class='ocrx_word' id='word_1_96' title='bbox 741 1250 1066 1306; x_wconf 81' lang='lat' dir='ltr'>scriptoribus</span> <span class='ocrx_word' id='word_1_97' title='bbox 1096 1250 1141 1295; x_wconf 91' lang='lat' dir='ltr'>in</span> <span class='ocrx_word' id='word_1_98' title='bbox 1166 1250 1337 1295; x_wconf 90' lang='lat' dir='ltr'>schola</span> <span class='ocrx_word' id='word_1_99' title='bbox 1371 1251 1647 1308; x_wconf 45' lang='lat' dir='ltr'>explicatis</span> <span class='ocrx_word' id='word_1_100' title='bbox 1674 1251 1733 1297; x_wconf 90' lang='lat' dir='ltr'>de</span> 
     </span>
     <span class='ocr_line' id='line_1_14' title="bbox 100 1328 1732 1386; baseline 0 -12"><span class='ocrx_word' id='word_1_101' title='bbox 100 1329 294 1386; x_wconf 79' lang='lat' dir='ltr'>collegii</span> <span class='ocrx_word' id='word_1_102' title='bbox 329 1328 772 1385; x_wconf 85' lang='lat' dir='ltr'>aedificationibus,</span> <span class='ocrx_word' id='word_1_103' title='bbox 810 1328 868 1373; x_wconf 91' lang='lat' dir='ltr'>de</span> <span class='ocrx_word' id='word_1_104' title='bbox 902 1328 1010 1373; x_wconf 89' lang='lat' dir='ltr'>aliis</span> <span class='ocrx_word' id='word_1_105' title='bbox 1043 1328 1223 1373; x_wconf 89' lang='lat' dir='ltr'>multis.</span> <span class='ocrx_word' id='word_1_106' title='bbox 1261 1328 1434 1373; x_wconf 87' lang='lat' dir='ltr'>Tertio</span> <span class='ocrx_word' id='word_1_107' title='bbox 1469 1329 1582 1385; x_wconf 85' lang='lat' dir='ltr'>quia</span> <span class='ocrx_word' id='word_1_108' title='bbox 1621 1345 1732 1386; x_wconf 89' lang='lat' dir='ltr'>pru-</span> 
     </span>
     <span class='ocr_line' id='line_1_15' title="bbox 99 1405 1537 1463; baseline 0 -11"><span class='ocrx_word' id='word_1_109' title='bbox 99 1408 218 1452; x_wconf 84' lang='lat' dir='ltr'>dens</span> <span class='ocrx_word' id='word_1_110' title='bbox 242 1407 400 1452; x_wconf 89' lang='lat' dir='ltr'>lector</span> <span class='ocrx_word' id='word_1_111' title='bbox 424 1406 569 1451; x_wconf 79' lang='lat' dir='ltr'>facile</span> <span class='ocrx_word' id='word_1_112' title='bbox 594 1421 674 1452; x_wconf 85' lang='lat' dir='ltr'>res</span> <span class='ocrx_word' id='word_1_113' title='bbox 698 1406 830 1463; x_wconf 87' lang='lat' dir='ltr'>ipsas</span> <span class='ocrx_word' id='word_1_114' title='bbox 854 1421 884 1450; x_wconf 88' lang='lat' dir='ltr'>a</span> <span class='ocrx_word' id='word_1_115' title='bbox 908 1405 1098 1451; x_wconf 90' lang='lat' dir='ltr'>dicendi</span> <span class='ocrx_word' id='word_1_116' title='bbox 1124 1405 1269 1451; x_wconf 91' lang='lat' dir='ltr'>modo</span> <span class='ocrx_word' id='word_1_117' title='bbox 1293 1417 1537 1452; x_wconf 83' lang='lat' dir='ltr'>secernet.</span> 
     </span>
    </p>

    <p class='ocr_par' dir='ltr' id='par_1_4' title="bbox 101 1483 1737 2396">
     <span class='ocr_line' id='line_1_16' title="bbox 190 1483 1735 1541; baseline -0.003 -11"><span class='ocrx_word' id='word_1_118' title='bbox 190 1484 400 1541; x_wconf 86' lang='lat' dir='ltr'>Quarto,</span> <span class='ocrx_word' id='word_1_119' title='bbox 427 1494 476 1530; x_wconf 90' lang='lat' dir='ltr'>et</span> <span class='ocrx_word' id='word_1_120' title='bbox 499 1485 623 1529; x_wconf 92' lang='lat' dir='ltr'>haec</span> <span class='ocrx_word' id='word_1_121' title='bbox 648 1484 841 1540; x_wconf 86' lang='lat' dir='ltr'>quidem</span> <span class='ocrx_word' id='word_1_122' title='bbox 867 1483 1068 1528; x_wconf 84' lang='lat' dir='ltr'>maximi</span> <span class='ocrx_word' id='word_1_123' title='bbox 1091 1483 1324 1528; x_wconf 88' lang='lat' dir='ltr'>momenti</span> <span class='ocrx_word' id='word_1_124' title='bbox 1352 1484 1479 1529; x_wconf 89' lang='lat' dir='ltr'>ratio</span> <span class='ocrx_word' id='word_1_125' title='bbox 1505 1493 1594 1539; x_wconf 88' lang='lat' dir='ltr'>est,</span> <span class='ocrx_word' id='word_1_126' title='bbox 1622 1485 1735 1540; x_wconf 82' lang='lat' dir='ltr'>quia.</span> 
     </span>
     <span class='ocr_line' id='line_1_17' title="bbox 101 1560 1735 1618; baseline -0.001 -10"><span class='ocrx_word' id='word_1_127' title='bbox 101 1564 238 1609; x_wconf 78' lang='lat' dir='ltr'>testis</span> <span class='ocrx_word' id='word_1_128' title='bbox 262 1563 341 1608; x_wconf 90' lang='lat' dir='ltr'>ille</span> <span class='ocrx_word' id='word_1_129' title='bbox 367 1563 621 1607; x_wconf 86' lang='lat' dir='ltr'>habendus</span> <span class='ocrx_word' id='word_1_130' title='bbox 645 1571 719 1607; x_wconf 91' lang='lat' dir='ltr'>est</span> <span class='ocrx_word' id='word_1_131' title='bbox 742 1560 835 1606; x_wconf 90' lang='lat' dir='ltr'>fide</span> <span class='ocrx_word' id='word_1_132' title='bbox 860 1561 1054 1618; x_wconf 83' lang='lat' dir='ltr'>dignus,</span> <span class='ocrx_word' id='word_1_133' title='bbox 1082 1561 1162 1618; x_wconf 87' lang='lat' dir='ltr'>qui</span> <span class='ocrx_word' id='word_1_134' title='bbox 1188 1577 1293 1606; x_wconf 90' lang='lat' dir='ltr'>rem</span> <span class='ocrx_word' id='word_1_135' title='bbox 1319 1561 1377 1607; x_wconf 94' lang='lat' dir='ltr'>de</span> <span class='ocrx_word' id='word_1_136' title='bbox 1402 1577 1500 1618; x_wconf 86' lang='lat' dir='ltr'>qua</span> <span class='ocrx_word' id='word_1_137' title='bbox 1520 1561 1735 1618; x_wconf 88' lang='lat' dir='ltr'>loquitur</span> 
     </span>
     <span class='ocr_line' id='line_1_18' title="bbox 101 1638 1734 1697; baseline -0.001 -12"><span class='ocrx_word' id='word_1_138' title='bbox 101 1642 224 1686; x_wconf 88' lang='lat' dir='ltr'>bene</span> <span class='ocrx_word' id='word_1_139' title='bbox 249 1640 400 1695; x_wconf 83' lang='lat' dir='ltr'>novit,</span> <span class='ocrx_word' id='word_1_140' title='bbox 430 1656 587 1697; x_wconf 87' lang='lat' dir='ltr'>neque</span> <span class='ocrx_word' id='word_1_141' title='bbox 622 1639 900 1685; x_wconf 79' lang='lat' dir='ltr'>auditorem</span> <span class='ocrx_word' id='word_1_142' title='bbox 939 1639 1018 1683; x_wconf 87' lang='lat' dir='ltr'>vel</span> <span class='ocrx_word' id='word_1_143' title='bbox 1052 1638 1290 1683; x_wconf 85' lang='lat' dir='ltr'>lectorem</span> <span class='ocrx_word' id='word_1_144' title='bbox 1329 1638 1560 1695; x_wconf 86' lang='lat' dir='ltr'>decipere</span> <span class='ocrx_word' id='word_1_145' title='bbox 1585 1639 1734 1684; x_wconf 86' lang='lat' dir='ltr'>inten-</span> 
     </span>
     <span class='ocr_line' id='line_1_19' title="bbox 101 1716 1733 1775; baseline -0.002 -11"><span class='ocrx_word' id='word_1_146' title='bbox 101 1719 184 1764; x_wconf 86' lang='lat' dir='ltr'>dit.</span> <span class='ocrx_word' id='word_1_147' title='bbox 208 1718 359 1775; x_wconf 73' lang='lat' dir='ltr'>Atqui</span> <span class='ocrx_word' id='word_1_148' title='bbox 384 1717 817 1774; x_wconf 84' lang='lat' dir='ltr'>quadrimestrium</span> <span class='ocrx_word' id='word_1_149' title='bbox 840 1716 1111 1772; x_wconf 88' lang='lat' dir='ltr'>scriptores</span> <span class='ocrx_word' id='word_1_150' title='bbox 1129 1716 1339 1772; x_wconf 89' lang='lat' dir='ltr'>primum</span> <span class='ocrx_word' id='word_1_151' title='bbox 1360 1717 1555 1772; x_wconf 86' lang='lat' dir='ltr'>quidem</span> <span class='ocrx_word' id='word_1_152' title='bbox 1582 1717 1641 1761; x_wconf 89' lang='lat' dir='ltr'>de</span> <span class='ocrx_word' id='word_1_153' title='bbox 1664 1733 1733 1761; x_wconf 89' lang='lat' dir='ltr'>re-</span> 
     </span>
     <span class='ocr_line' id='line_1_20' title="bbox 102 1792 1736 1852; baseline -0.002 -10"><span class='ocrx_word' id='word_1_154' title='bbox 102 1798 193 1842; x_wconf 89' lang='lat' dir='ltr'>bus</span> <span class='ocrx_word' id='word_1_155' title='bbox 218 1797 498 1852; x_wconf 85' lang='lat' dir='ltr'>loquuntur,</span> <span class='ocrx_word' id='word_1_156' title='bbox 527 1794 702 1852; x_wconf 86' lang='lat' dir='ltr'>quibus</span> <span class='ocrx_word' id='word_1_157' title='bbox 726 1793 1011 1850; x_wconf 86' lang='lat' dir='ltr'>saepissime</span> <span class='ocrx_word' id='word_1_158' title='bbox 1042 1793 1131 1850; x_wconf 89' lang='lat' dir='ltr'>ipsi</span> <span class='ocrx_word' id='word_1_159' title='bbox 1166 1792 1517 1850; x_wconf 77' lang='lat' dir='ltr'>interfuerunt,</span> <span class='ocrx_word' id='word_1_160' title='bbox 1555 1803 1639 1838; x_wconf 87' lang='lat' dir='ltr'>aut</span> <span class='ocrx_word' id='word_1_161' title='bbox 1674 1794 1736 1838; x_wconf 85' lang='lat' dir='ltr'>ab</span> 
     </span>
     <span class='ocr_line' id='line_1_21' title="bbox 103 1871 1735 1930; baseline -0.001 -12"><span class='ocrx_word' id='word_1_162' title='bbox 103 1874 407 1930; x_wconf 78' lang='lat' dir='ltr'>aequalibus,</span> <span class='ocrx_word' id='word_1_163' title='bbox 435 1873 636 1918; x_wconf 90' lang='lat' dir='ltr'>easdem</span> <span class='ocrx_word' id='word_1_164' title='bbox 656 1871 1087 1927; x_wconf 76' lang='lat' dir='ltr'>cognoscentibus,</span> <span class='ocrx_word' id='word_1_165' title='bbox 1117 1871 1396 1917; x_wconf 88' lang='lat' dir='ltr'>audierunt.</span> <span class='ocrx_word' id='word_1_166' title='bbox 1419 1871 1550 1928; x_wconf 85' lang='lat' dir='ltr'>Quin</span> <span class='ocrx_word' id='word_1_167' title='bbox 1571 1880 1735 1917; x_wconf 86' lang='lat' dir='ltr'>autem</span> 
     </span>
     <span class='ocr_line' id='line_1_22' title="bbox 101 1949 1736 2009; baseline -0.002 -12"><span class='ocrx_word' id='word_1_168' title='bbox 101 1952 241 2009; x_wconf 84' lang='lat' dir='ltr'>probi</span> <span class='ocrx_word' id='word_1_169' title='bbox 271 1951 451 1997; x_wconf 80' lang='lat' dir='ltr'>fuerint</span> <span class='ocrx_word' id='word_1_170' title='bbox 485 1950 628 1995; x_wconf 89' lang='lat' dir='ltr'>iidem</span> <span class='ocrx_word' id='word_1_171' title='bbox 665 1949 775 2007; x_wconf 86' lang='lat' dir='ltr'>viri,</span> <span class='ocrx_word' id='word_1_172' title='bbox 811 1949 988 2006; x_wconf 87' lang='lat' dir='ltr'>quique</span> <span class='ocrx_word' id='word_1_173' title='bbox 1022 1949 1227 2005; x_wconf 85' lang='lat' dir='ltr'>proinde</span> <span class='ocrx_word' id='word_1_174' title='bbox 1260 1949 1473 1994; x_wconf 88' lang='lat' dir='ltr'>lectores</span> <span class='ocrx_word' id='word_1_175' title='bbox 1507 1949 1736 2005; x_wconf 88' lang='lat' dir='ltr'>decipere</span> 
     </span>
     <span class='ocr_line' id='line_1_23' title="bbox 104 2026 1737 2083; baseline -0.002 -9"><span class='ocrx_word' id='word_1_176' title='bbox 104 2028 366 2083; x_wconf 89' lang='lat' dir='ltr'>noluerint,</span> <span class='ocrx_word' id='word_1_177' title='bbox 394 2027 571 2073; x_wconf 88' lang='lat' dir='ltr'>nemini</span> <span class='ocrx_word' id='word_1_178' title='bbox 597 2027 699 2072; x_wconf 92' lang='lat' dir='ltr'>sine</span> <span class='ocrx_word' id='word_1_179' title='bbox 724 2042 878 2072; x_wconf 92' lang='lat' dir='ltr'>causa</span> <span class='ocrx_word' id='word_1_180' title='bbox 904 2026 948 2070; x_wconf 89' lang='lat' dir='ltr'>in</span> <span class='ocrx_word' id='word_1_181' title='bbox 973 2026 1174 2071; x_wconf 91' lang='lat' dir='ltr'>dubium</span> <span class='ocrx_word' id='word_1_182' title='bbox 1210 2041 1396 2071; x_wconf 89' lang='lat' dir='ltr'>vocare</span> <span class='ocrx_word' id='word_1_183' title='bbox 1432 2026 1558 2072; x_wconf 88' lang='lat' dir='ltr'>licet.</span> <span class='ocrx_word' id='word_1_184' title='bbox 1598 2026 1737 2082; x_wconf 84' lang='lat' dir='ltr'>Quas</span> 
     </span>
     <span class='ocr_line' id='line_1_24' title="bbox 103 2104 1735 2165; baseline -0.002 -13"><span class='ocrx_word' id='word_1_185' title='bbox 103 2107 298 2165; x_wconf 89' lang='lat' dir='ltr'>quidem</span> <span class='ocrx_word' id='word_1_186' title='bbox 322 2106 520 2151; x_wconf 90' lang='lat' dir='ltr'>testium</span> <span class='ocrx_word' id='word_1_187' title='bbox 546 2104 640 2150; x_wconf 87' lang='lat' dir='ltr'>fide</span> <span class='ocrx_word' id='word_1_188' title='bbox 664 2105 925 2161; x_wconf 83' lang='lat' dir='ltr'>dignorum</span> <span class='ocrx_word' id='word_1_189' title='bbox 944 2104 1252 2150; x_wconf 88' lang='lat' dir='ltr'>conditiones</span> <span class='ocrx_word' id='word_1_190' title='bbox 1271 2104 1410 2161; x_wconf 85' lang='lat' dir='ltr'>duas,</span> <span class='ocrx_word' id='word_1_191' title='bbox 1433 2120 1492 2150; x_wconf 94' lang='lat' dir='ltr'>eo</span> <span class='ocrx_word' id='word_1_192' title='bbox 1512 2105 1672 2160; x_wconf 84' lang='lat' dir='ltr'>magis</span> <span class='ocrx_word' id='word_1_193' title='bbox 1692 2105 1735 2149; x_wconf 90' lang='lat' dir='ltr'>in</span> 
     </span>
     <span class='ocr_line' id='line_1_25' title="bbox 103 2181 1736 2240; baseline -0.001 -12"><span class='ocrx_word' id='word_1_194' title='bbox 103 2182 536 2240; x_wconf 87' lang='lat' dir='ltr'>quadrimestrium</span> <span class='ocrx_word' id='word_1_195' title='bbox 565 2182 843 2227; x_wconf 90' lang='lat' dir='ltr'>litterarum</span> <span class='ocrx_word' id='word_1_196' title='bbox 869 2181 1159 2227; x_wconf 89' lang='lat' dir='ltr'>auctoribus</span> <span class='ocrx_word' id='word_1_197' title='bbox 1183 2181 1517 2238; x_wconf 76' lang='lat' dir='ltr'>agnoscimus,</span> <span class='ocrx_word' id='word_1_198' title='bbox 1555 2181 1667 2238; x_wconf 85' lang='lat' dir='ltr'>quia</span> <span class='ocrx_word' id='word_1_199' title='bbox 1692 2181 1736 2226; x_wconf 90' lang='lat' dir='ltr'>hi</span> 
     </span>
     <span class='ocr_line' id='line_1_26' title="bbox 104 2258 1736 2315; baseline -0.002 -8"><span class='ocrx_word' id='word_1_200' title='bbox 104 2271 190 2307; x_wconf 84' lang='lat' dir='ltr'>aut</span> <span class='ocrx_word' id='word_1_201' title='bbox 216 2261 304 2306; x_wconf 86' lang='lat' dir='ltr'>viri</span> <span class='ocrx_word' id='word_1_202' title='bbox 330 2269 474 2306; x_wconf 88' lang='lat' dir='ltr'>erant</span> <span class='ocrx_word' id='word_1_203' title='bbox 498 2268 664 2305; x_wconf 87' lang='lat' dir='ltr'>aetate</span> <span class='ocrx_word' id='word_1_204' title='bbox 688 2268 736 2305; x_wconf 89' lang='lat' dir='ltr'>et</span> <span class='ocrx_word' id='word_1_205' title='bbox 753 2258 1041 2305; x_wconf 90' lang='lat' dir='ltr'>muneribus</span> <span class='ocrx_word' id='word_1_206' title='bbox 1060 2274 1264 2315; x_wconf 81' lang='lat' dir='ltr'>graveS,</span> <span class='ocrx_word' id='word_1_207' title='bbox 1287 2267 1373 2304; x_wconf 88' lang='lat' dir='ltr'>aut</span> <span class='ocrx_word' id='word_1_208' title='bbox 1392 2259 1565 2304; x_wconf 88' lang='lat' dir='ltr'>horum</span> <span class='ocrx_word' id='word_1_209' title='bbox 1586 2259 1736 2304; x_wconf 91' lang='lat' dir='ltr'>nomi-</span> 
     </span>
     <span class='ocr_line' id='line_1_27' title="bbox 105 2337 802 2396; baseline -0.004 -11"><span class='ocrx_word' id='word_1_210' title='bbox 105 2355 164 2385; x_wconf 90' lang='lat' dir='ltr'>ne</span> <span class='ocrx_word' id='word_1_211' title='bbox 189 2339 478 2396; x_wconf 88' lang='lat' dir='ltr'>plerumque</span> <span class='ocrx_word' id='word_1_212' title='bbox 503 2337 802 2383; x_wconf 83' lang='lat' dir='ltr'>scribebant.</span> 
     </span>
    </p>

    <p class='ocr_par' dir='ltr' id='par_1_5' title="bbox 106 2413 1738 2935">
     <span class='ocr_line' id='line_1_28' title="bbox 196 2413 1738 2472; baseline -0.003 -10"><span class='ocrx_word' id='word_1_213' title='bbox 196 2416 339 2462; x_wconf 76' lang='lat' dir='ltr'>Adde</span> <span class='ocrx_word' id='word_1_214' title='bbox 363 2416 493 2472; x_wconf 84' lang='lat' dir='ltr'>quod</span> <span class='ocrx_word' id='word_1_215' title='bbox 527 2415 620 2461; x_wconf 89' lang='lat' dir='ltr'>hae</span> <span class='ocrx_word' id='word_1_216' title='bbox 657 2415 869 2468; x_wconf 88' lang='lat' dir='ltr'>litterae,</span> <span class='ocrx_word' id='word_1_217' title='bbox 908 2415 954 2459; x_wconf 86' lang='lat' dir='ltr'>vi</span> <span class='ocrx_word' id='word_1_218' title='bbox 986 2415 1148 2470; x_wconf 79' lang='lat' dir='ltr'>legum</span> <span class='ocrx_word' id='word_1_219' title='bbox 1184 2423 1470 2459; x_wconf 90' lang='lat' dir='ltr'>nostrarum</span> <span class='ocrx_word' id='word_1_220' title='bbox 1504 2413 1738 2471; x_wconf 85' lang='lat' dir='ltr'>jussuque</span> 
     </span>
     <span class='ocr_line' id='line_1_29' title="bbox 106 2491 1738 2549; baseline -0.002 -9"><span class='ocrx_word' id='word_1_221' title='bbox 106 2495 479 2540; x_wconf 84' lang='lat' dir='ltr'>moderatorum</span> <span class='ocrx_word' id='word_1_222' title='bbox 519 2493 751 2549; x_wconf 83' lang='lat' dir='ltr'>scriptae,</span> <span class='ocrx_word' id='word_1_223' title='bbox 794 2492 986 2537; x_wconf 86' lang='lat' dir='ltr'>Romae</span> <span class='ocrx_word' id='word_1_224' title='bbox 1025 2509 1054 2537; x_wconf 87' lang='lat' dir='ltr'>a</span> <span class='ocrx_word' id='word_1_225' title='bbox 1098 2492 1316 2537; x_wconf 82' lang='lat' dir='ltr'>Polanco</span> <span class='ocrx_word' id='word_1_226' title='bbox 1362 2491 1738 2537; x_wconf 85' lang='lat' dir='ltr'>accuratissime</span> 
     </span>
     <span class='ocr_line' id='line_1_30' title="bbox 108 2569 1737 2626; baseline -0.003 -8"><span class='ocrx_word' id='word_1_227' title='bbox 108 2572 402 2618; x_wconf 88' lang='lat' dir='ltr'>emendatae</span> <span class='ocrx_word' id='word_1_228' title='bbox 427 2581 474 2616; x_wconf 90' lang='lat' dir='ltr'>et</span> <span class='ocrx_word' id='word_1_229' title='bbox 498 2571 543 2616; x_wconf 90' lang='lat' dir='ltr'>in</span> <span class='ocrx_word' id='word_1_230' title='bbox 569 2586 739 2616; x_wconf 91' lang='lat' dir='ltr'>omnes</span> <span class='ocrx_word' id='word_1_231' title='bbox 763 2569 1029 2616; x_wconf 82' lang='lat' dir='ltr'>Societatis</span> <span class='ocrx_word' id='word_1_232' title='bbox 1053 2570 1337 2626; x_wconf 84' lang='lat' dir='ltr'>provincias</span> <span class='ocrx_word' id='word_1_233' title='bbox 1361 2569 1557 2624; x_wconf 85' lang='lat' dir='ltr'>missae,</span> <span class='ocrx_word' id='word_1_234' title='bbox 1595 2585 1623 2614; x_wconf 91' lang='lat' dir='ltr'>a</span> <span class='ocrx_word' id='word_1_235' title='bbox 1658 2585 1737 2613; x_wconf 88' lang='lat' dir='ltr'>no-</span> 
     </span>
     <span class='ocr_line' id='line_1_31' title="bbox 109 2645 1738 2695; baseline -0.002 0"><span class='ocrx_word' id='word_1_236' title='bbox 109 2650 224 2695; x_wconf 88' lang='lat' dir='ltr'>stris</span> <span class='ocrx_word' id='word_1_237' title='bbox 247 2649 472 2695; x_wconf 87' lang='lat' dir='ltr'>omnibus</span> <span class='ocrx_word' id='word_1_238' title='bbox 495 2657 544 2694; x_wconf 91' lang='lat' dir='ltr'>et</span> <span class='ocrx_word' id='word_1_239' title='bbox 567 2649 631 2694; x_wconf 86' lang='lat' dir='ltr'>ab</span> <span class='ocrx_word' id='word_1_240' title='bbox 656 2648 875 2693; x_wconf 80' lang='lat' dir='ltr'>externis</span> <span class='ocrx_word' id='word_1_241' title='bbox 900 2647 1144 2692; x_wconf 89' lang='lat' dir='ltr'>nonnullis</span> <span class='ocrx_word' id='word_1_242' title='bbox 1174 2647 1235 2692; x_wconf 88' lang='lat' dir='ltr'>ad</span> <span class='ocrx_word' id='word_1_243' title='bbox 1272 2662 1444 2692; x_wconf 83' lang='lat' dir='ltr'>veram</span> <span class='ocrx_word' id='word_1_244' title='bbox 1480 2646 1539 2691; x_wconf 89' lang='lat' dir='ltr'>de</span> <span class='ocrx_word' id='word_1_245' title='bbox 1573 2645 1738 2692; x_wconf 84' lang='lat' dir='ltr'>Socie-</span> 
     </span>
     <span class='ocr_line' id='line_1_32' title="bbox 107 2724 1736 2782; baseline -0.002 -10"><span class='ocrx_word' id='word_1_246' title='bbox 107 2727 223 2773; x_wconf 76' lang='lat' dir='ltr'>tatis</span> <span class='ocrx_word' id='word_1_247' title='bbox 262 2727 410 2772; x_wconf 90' lang='lat' dir='ltr'>rebus</span> <span class='ocrx_word' id='word_1_248' title='bbox 449 2742 509 2771; x_wconf 91' lang='lat' dir='ltr'>ac</span> <span class='ocrx_word' id='word_1_249' title='bbox 548 2725 772 2782; x_wconf 89' lang='lat' dir='ltr'>personis</span> <span class='ocrx_word' id='word_1_250' title='bbox 809 2725 1033 2770; x_wconf 87' lang='lat' dir='ltr'>notitiam</span> <span class='ocrx_word' id='word_1_251' title='bbox 1073 2724 1388 2770; x_wconf 86' lang='lat' dir='ltr'>obtinendam</span> <span class='ocrx_word' id='word_1_252' title='bbox 1424 2724 1736 2780; x_wconf 82' lang='lat' dir='ltr'>legebantur.</span> 
     </span>
     <span class='ocr_line' id='line_1_33' title="bbox 108 2800 1738 2861; baseline -0.002 -12"><span class='ocrx_word' id='word_1_253' title='bbox 108 2803 363 2861; x_wconf 84' lang='lat' dir='ltr'>Ejusmodi</span> <span class='ocrx_word' id='word_1_254' title='bbox 388 2804 685 2849; x_wconf 90' lang='lat' dir='ltr'>documenta</span> <span class='ocrx_word' id='word_1_255' title='bbox 709 2802 889 2859; x_wconf 88' lang='lat' dir='ltr'>omnia,</span> <span class='ocrx_word' id='word_1_256' title='bbox 918 2803 995 2847; x_wconf 90' lang='lat' dir='ltr'>vel</span> <span class='ocrx_word' id='word_1_257' title='bbox 1021 2802 1182 2859; x_wconf 89' lang='lat' dir='ltr'>potius</span> <span class='ocrx_word' id='word_1_258' title='bbox 1206 2816 1364 2857; x_wconf 77' lang='lat' dir='ltr'>genus</span> <span class='ocrx_word' id='word_1_259' title='bbox 1398 2801 1571 2857; x_wconf 83' lang='lat' dir='ltr'>ipsum,</span> <span class='ocrx_word' id='word_1_260' title='bbox 1610 2800 1738 2846; x_wconf 78' lang='lat' dir='ltr'>falsi-</span> 
     </span>
     <span class='ocr_line' id='line_1_34' title="bbox 109 2878 1539 2935; baseline -0.003 -8"><span class='ocrx_word' id='word_1_261' title='bbox 109 2880 223 2927; x_wconf 85' lang='lat' dir='ltr'>tatis</span> <span class='ocrx_word' id='word_1_262' title='bbox 248 2881 548 2935; x_wconf 88' lang='lat' dir='ltr'>insimulare,</span> <span class='ocrx_word' id='word_1_263' title='bbox 576 2896 692 2925; x_wconf 89' lang='lat' dir='ltr'>num</span> <span class='ocrx_word' id='word_1_264' title='bbox 718 2879 896 2926; x_wconf 88' lang='lat' dir='ltr'>rationi</span> <span class='ocrx_word' id='word_1_265' title='bbox 920 2889 1308 2925; x_wconf 87' lang='lat' dir='ltr'>consentaneum</span> <span class='ocrx_word' id='word_1_266' title='bbox 1334 2878 1539 2923; x_wconf 78' lang='lat' dir='ltr'>dixeris?</span> 
     </span>
    </p>

    <p class='ocr_par' dir='ltr' id='par_1_6' title="bbox 109 2955 1742 3170">
     <span class='ocr_line' id='line_1_35' title="bbox 196 2955 1741 3015; baseline -0.003 -11"><span class='ocrx_word' id='word_1_267' title='bbox 196 2958 368 3015; x_wconf 90' lang='lat' dir='ltr'>Itaque</span> <span class='ocrx_word' id='word_1_268' title='bbox 412 2958 608 3004; x_wconf 88' lang='lat' dir='ltr'>litterae</span> <span class='ocrx_word' id='word_1_269' title='bbox 659 2957 1048 3014; x_wconf 89' lang='lat' dir='ltr'>quadrimestres</span> <span class='ocrx_word' id='word_1_270' title='bbox 1094 2955 1244 3001; x_wconf 91' lang='lat' dir='ltr'>veluti</span> <span class='ocrx_word' id='word_1_271' title='bbox 1287 2955 1450 3001; x_wconf 78' lang='lat' dir='ltr'>fontes</span> <span class='ocrx_word' id='word_1_272' title='bbox 1494 2971 1520 3001; x_wconf 92' lang='lat' dir='ltr'>e</span> <span class='ocrx_word' id='word_1_273' title='bbox 1565 2956 1741 3012; x_wconf 88' lang='lat' dir='ltr'>quibus</span> 
     </span>
     <span class='ocr_line' id='line_1_36' title="bbox 111 3033 1738 3092; baseline -0.002 -11"><span class='ocrx_word' id='word_1_274' title='bbox 111 3051 232 3081; x_wconf 87' lang='lat' dir='ltr'>vera</span> <span class='ocrx_word' id='word_1_275' title='bbox 255 3035 461 3081; x_wconf 87' lang='lat' dir='ltr'>historia</span> <span class='ocrx_word' id='word_1_276' title='bbox 485 3051 548 3081; x_wconf 84' lang='lat' dir='ltr'>ex</span> <span class='ocrx_word' id='word_1_277' title='bbox 580 3044 725 3092; x_wconf 88' lang='lat' dir='ltr'>parte</span> <span class='ocrx_word' id='word_1_278' title='bbox 758 3034 861 3080; x_wconf 88' lang='lat' dir='ltr'>fluit</span> <span class='ocrx_word' id='word_1_279' title='bbox 895 3050 924 3079; x_wconf 89' lang='lat' dir='ltr'>a</span> <span class='ocrx_word' id='word_1_280' title='bbox 957 3033 1269 3091; x_wconf 85' lang='lat' dir='ltr'>gravissimis</span> <span class='ocrx_word' id='word_1_281' title='bbox 1304 3033 1594 3079; x_wconf 87' lang='lat' dir='ltr'>auctoribus</span> <span class='ocrx_word' id='word_1_282' title='bbox 1628 3049 1738 3078; x_wconf 90' lang='lat' dir='ltr'>cum</span> 
     </span>
     <span class='ocr_line' id='line_1_37' title="bbox 109 3102 1742 3170; baseline -0.002 -12"><span class='ocrx_word' id='word_1_283' title='bbox 109 3112 320 3170; x_wconf 88' lang='lat' dir='ltr'>antiquis</span> <span class='ocrx_word' id='word_1_284' title='bbox 354 3121 457 3158; x_wconf 90' lang='lat' dir='ltr'>tum</span> <span class='ocrx_word' id='word_1_285' title='bbox 493 3112 856 3158; x_wconf 86' lang='lat' dir='ltr'>recentioribus</span> <span class='ocrx_word' id='word_1_286' title='bbox 891 3102 1159 3167; x_wconf 82' lang='lat' dir='ltr'>usurpatae</span> <span class='ocrx_word' id='word_1_287' title='bbox 1193 3120 1321 3156; x_wconf 89' lang='lat' dir='ltr'>sunt.</span> <span class='ocrx_word' id='word_1_288' title='bbox 1364 3110 1407 3156; x_wconf 84' lang='lat' dir='ltr'>E</span> <span class='ocrx_word' id='word_1_289' title='bbox 1445 3111 1612 3167; x_wconf 91' lang='lat' dir='ltr'>primis</span> <span class='ocrx_word' id='word_1_290' title='bbox 1652 3109 1742 3155; x_wconf 89' lang='lat' dir='ltr'>illis</span> 
     </span>
    </p>
   </div>
  </div>
 </body>
</html>
