1909 3328
236 279 306 315 390
704 278 922 314 Li‘srERAE
949 278 1301 323 QUAoiffliEs‘rREs

191 387 344 419 retur.
373 373 471 419 Sed
496 389 605 419 cum
630 374 895 430 aliquando
930 373 1100 419 Sancti
1136 372 1348 429 Spiritus
1384 373 1592 430 impulsu
1617 375 1815 431 (multas

190 451 318 496 enim
355 452 416 496 ad
451 460 676 495 nostrum
711 451 944 506 templum
979 450 1170 495 diuinus
1210 450 1288 495 ille
1327 449 1539 506 Spiritus
1580 450 1742 507 mittit,
1770 452 1815 496 in

191 543 285 584 quo
311 543 543 584 magnum
579 527 669 572 sibi
704 527 1003 583 praesidium
1039 527 1357 572 constitutum
1393 528 1614 584 sperant)
1640 529 1701 572 ad
1727 544 1816 573 nos

189 605 401 649 deducta
426 615 573 660 esset,
608 613 655 649 et
689 604 883 649 cuidam
920 614 1202 649 nostrorum
1239 603 1576 662 confiteretur,
1613 620 1814 661 persua-

189 698 243 727 sa
263 691 336 726 est
358 692 407 726 ut
426 681 608 737 Xpum.
631 682 720 727 sibi
741 682 905 738 sponsi
926 682 1116 738 uirique
1142 683 1252 726 loco
1278 682 1535 738 deligeret.
1564 682 1815 738 Quamob-

190 774 293 804 rem
335 758 495 814 coepit
533 759 711 803 exinde
745 759 951 815 singulis
985 759 1155 803 diebus
1190 758 1446 804 dominicis
1480 770 1588 815 post
1624 759 1811 804 confes-

188 836 374 880 sionem
415 845 793 880 sacrosanctum
837 835 949 892 Xpi.
992 835 1158 891 sponsi
1198 835 1269 880 sui
1314 850 1494 891 corpus
1540 836 1810 892 suscipere.

188 911 428 969 Tandem,
469 921 517 957 ut
552 913 722 968 paucis
758 913 1111 969 perstringam,
1151 927 1207 956 eo
1244 911 1563 967 perfectionis
1599 913 1810 968 deuenit,

189 999 239 1034 ut
270 1005 379 1034 cum
410 989 638 1045 proxima
671 989 1029 1034 incarnationis
1065 988 1341 1033 dominicae
1376 989 1666 1034 celebritate
1702 1006 1812 1034 con-

187 1066 447 1112 fessarium
496 1082 637 1111 suum
689 1067 1054 1123 alloqueretur,
1103 1082 1294 1111 summa
1337 1081 1448 1111 cum
1499 1066 1814 1122 simplicitate

186 1144 457 1200 mentisque
503 1143 788 1199 integritate
828 1143 1013 1188 diceret
1058 1158 1109 1188 se
1155 1143 1349 1199 quidem
1389 1142 1602 1188 caeteris
1643 1143 1813 1188 diebus

194 1220 327 1266 fame
363 1237 456 1266 non
492 1221 727 1266 mediocri
765 1222 936 1266 uexari
976 1230 1179 1277 propter
1213 1221 1444 1277 inopiam3
1482 1236 1540 1265 eo
1577 1236 1695 1265 uero
1736 1221 1813 1265 die

187 1313 282 1354 quo
307 1297 420 1354 Xpi.
446 1314 627 1354 corpus
652 1298 940 1354 susciperet,
968 1313 1027 1342 ne
1062 1298 1311 1342 minimam
1347 1297 1541 1354 quidem
1577 1298 1812 1354 persenti-

186 1390 343 1419 scere.
373 1374 715 1431 Quamobrem
740 1376 802 1420 ab
826 1375 1000 1420 eodem
1025 1374 1136 1419 Pre.
1165 1375 1450 1430 postulabat
1469 1386 1520 1419 ut
1540 1390 1599 1420 eo
1619 1390 1813 1431 quoque

186 1451 263 1496 die
300 1462 557 1508 pateretur
591 1452 681 1497 sibi
716 1452 829 1508 Xpi.
858 1467 1037 1508 corpus
1072 1451 1392 1508 suppeditari.
1421 1451 1564 1507 Quod
1600 1452 1679 1496 ille
1714 1467 1811 1496 non

188 1540 401 1585 grauate
427 1529 662 1574 concesit.

248 1607 314 1652 10.
384 1606 735 1652 Confitentium
761 1607 908 1652 etiam
933 1617 980 1652 et
1004 1607 1066 1651 ad
1091 1617 1315 1652 nostrum
1339 1607 1574 1663 templum
1600 1606 1809 1652 cofluen-

184 1683 303 1728 tium
328 1700 563 1729 numerus
588 1684 633 1729 in
659 1684 762 1729 dies
787 1684 946 1741 magis
980 1685 1238 1741 magisque
1272 1685 1465 1729 crescit.
1490 1684 1662 1740 Itaque
1692 1700 1809 1741 qua-

183 1770 314 1817 tuor,
343 1776 465 1817 quos
489 1761 566 1806 hic
590 1761 845 1816 habemus,
883 1761 1192 1814 confessarii,
1217 1761 1280 1806 ad
1311 1761 1566 1806 meridiem
1602 1777 1755 1817 usque
1779 1777 1809 1806 a

184 1853 375 1883 summo
400 1853 545 1883 mane
570 1839 614 1883 in
641 1838 896 1884 audiendis
929 1838 1324 1883 confessionibus
1359 1848 1684 1894 occupantur.
1713 1838 1806 1883 Ne-

185 1931 278 1971 que
305 1930 427 1959 uero
453 1915 669 1959 minores
694 1924 806 1960 sunt
831 1915 1199 1971 pomeridianae
1231 1915 1601 1972 occupationes5
1630 1915 1807 1971 quippe

184 2007 310 2047 quae
350 1991 412 2036 ad
453 1991 725 2036 secundam
762 2007 914 2049 usque
950 1992 1108 2036 noctis
1140 1992 1316 2037 horam
1355 1991 1554 2037 eosdem
1589 1991 1726 2036 Pres.
1761 1991 1807 2036 in

183 2068 365 2125 templo
400 2068 673 2125 plerunque
707 2079 890 2114 tenent.
918 2068 1260 2124 Quamobrem
1295 2085 1391 2113 non
1426 2068 1673 2113 immerito
1697 2072 1808 2113 eam

183 2146 455 2191 clausulam
495 2161 591 2202 qua
631 2146 817 2191 caeteri
852 2146 920 2191 uti
955 2146 1131 2202 solent,
1173 2146 1313 2192 nobis
1353 2146 1499 2191 liceat
1540 2161 1802 2202 usurpare:

182 2239 392 2268 messem
428 2223 621 2280 quidem
657 2225 861 2269 multam
897 2239 1022 2280 esse,
1050 2223 1310 2280 operarios
1344 2233 1511 2269 autern
1549 2238 1734 2280 paucos
1769 2224 1806 2268 ¹.

185 2299 527 2356 [Copz‘osz'm‘es
550 2299 750 2344 litteras
767 2300 1039 2356 promittit,
1062 2305 1245 2355 preces
1264 2299 1534 2356 postulat]

269 2375 557 2421 Florentiae
582 2377 789 2433 septimo
814 2377 905 2421 cal.
935 2377 1134 2434 apriles,
1162 2393 1292 2422 anno
1317 2377 1491 2422 salutis
1519 2376 1646 2422 1558.

272 2453 348 2498 Ex
372 2453 483 2500 Rdi.
511 2453 635 2498 Pris.
660 2453 872 2499 rectoris
898 2453 1147 2509 mandato,
1175 2454 1232 2498 R.
1259 2453 1311 2499 P.
1340 2453 1398 2499 T.
1426 2452 1638 2499 filiorum
1670 2453 1804 2498 mini-

180 2546 287 2575 mus
311 2546 423 2576 seru
432 2546 584 2587 usque
611 2530 993 2588 indignissimus,

678 2649 1016 2695 INNOCENTIUS
1050 2647 1376 2707 SPATAFORA,
1413 2650 1619 2695 calaber
1652 2650 1684 2695 2.

268 2755 404 2801 Laus
428 2756 553 2801 Deo.

227 2961 236 2979 ¹
290 2958 353 2996 Cf.
375 2959 562 3002 MATTH.,
583 2959 655 3004 ΙΧ,
675 2960 733 3003 37ς
754 2959 870 3005 Luc,
891 2959 944 3002 X,
965 2959 999 2997 2.

225 3018 238 3038 ²
287 3018 500 3065 Ingressus
519 3018 651 3055 fuerat
670 3018 916 3056 Societatem
936 3031 1042 3056 anno
1063 3018 1164 3056 1556.
1186 3018 1358 3066 Neapoli
1383 3019 1462 3068 juri
1488 3019 1613 3055 civilli
1640 3031 1820 3066 operamv

177 3078 357 3115 dederat.
380 3077 486 3115 Vide
506 3077 752 3123 POLANCUM‚
777 3079 944 3124 Chyton„
966 3077 1040 3122 VI,
1059 3077 1141 3115 243.
