2054 3530
349 308 417 333 V111
813 296 1035 332 LITTERAE
1062 295 1416 340 QUADRmiEsTREs

303 409 425 449 para
465 393 614 437 hazer
654 393 804 448 aigun
845 392 972 445 bien,
1015 406 1043 435 0
1077 390 1212 435 5οῆ31
1253 389 1312 434 de
1351 390 1502 445 aigun
1543 389 1706 434 {ructo
1747 404 1804 433 en
1845 403 1927 432 sus

301 470 508 526 animas,
535 486 563 514 0
589 468 866 514 testimonio
892 468 951 513 de
976 468 1023 512 la
1048 466 1358 524 prouidentia
1382 465 1563 521 diuina,
1590 483 1620 522 y
1646 465 1846 510 ocasion
1868 465 1926 509 de

301 545 611 602 glorificar'a
635 545 757 590 Dios
783 545 841 590 N.
870 544 918 590 S.
947 561 978 600 y
1003 544 1061 588 de
1086 543 1279 588 animar
1313 558 1342 587 a
1377 542 1588 597 algunos
1622 557 1715 597 que
1751 542 1795 585 lo
1831 542 1924 586 han

302 632 563 679 menester,
591 638 618 667 o
645 623 808 667 darles
833 630 940 666 esta
964 620 1297 675 consolacion,
1326 635 1418 676 que
1442 620 1489 663 la
1515 619 1712 664 reciuen
1737 633 1828 663 con
1854 634 1923 663 50»

304 699 544 757 mejantes
568 700 754 744 modos.
785 698 891 744 Con
916 710 1021 742 esto
1046 713 1099 742 es
1123 698 1182 742 de
1206 696 1431 742 aduertit·
1455 711 1513 740 en
1539 696 1582 740 el
1606 696 1751 740 modo
1771 695 1830 740 de
1850 695 1928 740 de-

303 777 373 822 zir
404 793 548 822 cosas
579 775 893 833 semejantes3
932 790 1119 832 porque
1153 785 1300 831 gente
1336 773 1531 819 nouicia
1566 788 1623 817 en
1658 773 1701 817 el
1735 773 1926 828 spiritu,

304 854 586 900 facilmente
610 863 744 899 toma
769 862 874 898 esto
899 869 927 897 a
952 853 1081 897 mala
1106 862 1261 908 parte,
1289 866 1476 908 porque
1501 866 1563 895 no
1588 849 1817 895 teniendo
1842 865 1931 905 por

305 942 518 978 uentura
553 931 789 976 domados
823 939 955 975 estos
989 929 1182 974 afectos
1216 945 1275 974 en
1309 931 1349 974 si
1383 928 1600 983 mismos,
1628 944 1656 972 0
1681 943 1743 971 00
1768 935 1930 972 enten-

307 1009 483 1055 diendo
508 1009 555 1053 la
586 1008 766 1053 retitud
799 1022 891 1051 con
927 1022 1021 1063 que
1055 1021 1107 1051 se
1142 1006 1419 1051 enderezan
1454 1020 1601 1050 cosas
1634 1002 1932 1060 semejantes

306 1094 596 1144 puramente
621 1101 650 1129 a
674 1084 837 1142 gloria
862 1084 1042 1140 diuina,
1070 1094 1237 1128 toman
1261 1082 1464 1127 sombra
1488 1097 1630 1127 como
1654 1081 1691 1125 si
1718 1096 1769 1126 se
1801 1080 1931 1125 dixe-

306 1179 389 1209 sen
427 1178 517 1208 con
543 1162 710 1207 afecto
736 1162 866 1206 baxo
890 1177 920 1216 y
944 1160 1173 1205 humano.
1202 1158 1356 1204 Otros
1379 1174 1443 1214 ay
1468 1174 1560 1214 que
1584 1173 1681 1202 uan
1706 1173 1796 1214 por
1821 1166 1934 1202 otra

308 1244 404 1297 uia,
431 1257 462 1297 y
486 1249 650 1285 toman
685 1254 777 1283 con
812 1240 916 1282 mas
952 1236 1257 1293 simplicidad
1294 1236 1339 1280 lo
1375 1251 1468 1292 que
1502 1250 1554 1280 se
1589 1235 1693 1280 dize
1726 1235 1933 1279 estando

309 1321 415 1363 mas
449 1316 763 1363 exercitados
798 1331 857 1360 en
889 1329 1067 1360 uencer
1091 1330 1148 1359 en
1175 1316 1216 1358 si
1241 1328 1456 1358 mesmos
1480 1310 1778 1369 semejantes
1803 1311 1933 1356 afec-

309 1407 399 1452 tos,
424 1412 455 1452 y
479 1410 539 1440 en
564 1395 861 1449 interpretas
886 1392 997 1438 bien
1022 1392 1094 1436 135
1119 1405 1263 1436 00535
1297 1389 1356 1435 de
1390 1390 1463 1435 105
1498 1389 1768 1446 proximos.
1807 1388 1934 1433 Pero

309 1487 497 1530 porque
531 1487 595 1527 ay
629 1480 768 1516 tanta
804 1468 1042 1514 uariedad
1075 1468 1134 1513 de
1168 1476 1358 1524 gustos,
1396 1482 1448 1512 es
1482 1466 1541 1511 de
1576 1481 1730 1522 rogat·
1754 1481 1783 1510 3
1814 1465 1936 1510 Dios

309 1550 368 1595 N.
396 1548 447 1595 S.
475 1564 567 1605 que
592 1548 650 1594 de'
676 1546 936 1604 prudentia
960 1561 989 1590 3
1013 1545 1158 1602 quien
1182 1544 1362 1601 scriue,
1388 1558 1512 1600 para
1537 1558 1628 1599 que
1654 1542 1711 1587 de
1735 1542 1803 1587 tal
1835 1557 1935 1586 ma-

310 1641 432 1671 nera
455 1624 701 1681 satisfaga
724 1625 851 1669 alos
876 1638 1014 1676 unos,
1048 1637 1141 1678 que
1175 1637 1238 1666 no
1272 1620 1494 1677 disguste
1528 1635 1558 1664 3
1592 1619 1665 1664 105
1699 1627 1863 1664 otros»
1903 1620 1933 1663 ¹.

311 1703 566 1749 Hactenus
601 1702 861 1747 Polancus.
898 1700 1138 1746 Fatemur
1171 1698 1498 1754 nihilominus,
1535 1712 1625 1742 nec
1664 1696 1817 1749 inviti,
1861 1712 1934 1741 sa-

311 1780 639 1838 pientissimas
673 1779 780 1824 illas
813 1778 992 1836 Ignatii
1026 1792 1229 1822 normas
1262 1791 1356 1820 non
1390 1790 1587 1831 semper
1617 1774 1937 1819 scribentium

312 1857 487 1903 animis
510 1857 806 1902 obversatas
830 1870 955 1911 esse,
983 1854 1028 1899 id
1054 1854 1183 1911 quod
1208 1853 1254 1898 in
1287 1852 1530 1897 nonnullis
1563 1850 1705 1908 hujus
1736 1850 1937 1896 volumi-

316 1935 387 1980 nis
411 1934 628 1992 epistolis
652 1933 821 1978 videre
846 1941 934 1978 est.

403 2011 501 2057 Sed
540 2011 737 2056 ubinam
771 2010 989 2067 gentium
1025 2023 1236 2065 unquam
1270 2016 1439 2052 coetus
1473 2005 1721 2050 hominum
1750 2003 1857 2060 fuit,
1894 2004 1939 2049 in

316 2105 412 2145 quo
438 2089 573 2145 leges
597 2102 785 2143 omneS,
812 2086 959 2132 etiam
991 2084 1386 2142 sapientissimae
1419 2098 1480 2128 ac
1514 2081 1938 2140 prudentissimae,

317 2167 617 2211 observatae
635 2173 881 2220 perpetuo
904 2163 1021 2208 sint?
1043 2162 1260 2207 Nostrae
1279 2170 1445 2206 tamen
1465 2159 1851 2217 quadrimestres
1871 2159 1940 2204 lit-

317 2252 457 2288 terae
481 2241 548 2287 ita
572 2241 776 2286 subinde
801 2256 830 2285 a
853 2239 1048 2285 traditis
1073 2238 1260 2296 regulis
1283 2246 1613 2293 recesserunt,
1647 2252 1742 2281 non
1776 2245 1827 2280 ut
1852 2251 1940 2292 pro

319 2319 451 2365 veris
476 2318 602 2364 falsa
627 2318 966 2369 obtruderent,
993 2317 1078 2362 sed
1104 2317 1172 2362 ita
1196 2324 1247 2361 ut
1271 2314 1505 2372 expolitio
1525 2314 1747 2359 oratoria
1765 2313 1939 2369 simpli-

319 2412 425 2442 cem
466 2411 631 2441 rerum
666 2395 1003 2441 narrationem
1037 2409 1126 2439 suo
1161 2394 1270 2438 loco
1310 2393 1589 2449 importuna
1628 2391 1848 2448 pelleret.
1891 2390 1940 2435 Id

319 2473 565 2519 Araozius
589 2473 908 2529 querebatur,
937 2481 987 2517 ut
1011 2487 1073 2517 ex
1097 2470 1257 2516 Lainii
1282 2469 1601 2526 responsione
1626 2469 1770 2513 modo
1791 2469 1943 2529 allata

319 2550 649 2606 intelligimus3
677 2559 725 2594 et
748 2549 994 2595 Antonius
1018 2548 1076 2593 de
1097 2547 1333 2593 Cordoba
1352 2546 1509 2592 eidem
1527 2545 1702 2591 Lainio
1721 2545 1943 2590 scribens

320 2627 500 2673 aiebat:
534 2627 769 2683 ‹Aunque
794 2642 845 2671 se
868 2626 991 2671 haze
1016 2625 1165 2681 fruto,
1192 2641 1254 2670 no
1279 2640 1332 2670 es
1355 2633 1494 2670 tanto
1519 2639 1662 2668 como
1681 2638 1834 2668 suena
1854 2638 1943 2678 por

319 2706 393 2750 135
416 2713 584 2750 cartas
607 2704 667 2748 de
696 2703 1009 2749 edificacion»
1049 2704 1080 2748 2.
1118 2702 1227 2755 Hoc
1263 2701 1380 2747 vitio
1413 2702 1645 2746 laborant
1678 2699 1944 2756 praecipue

322 2781 502 2827 latinae
541 2781 778 2837 epistolae
822 2781 934 2826 illae
978 2796 1101 2837 quas
1144 2779 1363 2838 juniores
1401 2778 1678 2824 litterarum
1720 2777 1943 2833 magistri

321 2858 583 2904 identidem
614 2858 999 2903 conscribendas
1033 2865 1374 2913 susceperunt.
1412 2854 1601 2900 Confer
1635 2870 1675 2898 e.
1713 2868 1761 2909 g.
1800 2868 1944 2910 quam

371 3050 378 3068 ¹
434 3049 586 3085 Lainii
605 3048 812 3087 Monam„
836 3047 887 3091 V,
908 3047 989 3083 306.

370 3110 382 3127 ²
432 3107 546 3150 Ibid.‚
568 3106 641 3151 IV,
661 3106 743 3143 257.
