<?xml version="1.0" encoding="UTF-8"?>
<!DOCTYPE html PUBLIC "-//W3C//DTD XHTML 1.0 Transitional//EN"
    "http://www.w3.org/TR/xhtml1/DTD/xhtml1-transitional.dtd">
<html xmlns="http://www.w3.org/1999/xhtml" xml:lang="en" lang="en">
 <head>
  <title>
</title>
<meta http-equiv="Content-Type" content="text/html;charset=utf-8" />
  <meta name='ocr-system' content='tesseract 3.04.00' />
  <meta name='ocr-capabilities' content='ocr_page ocr_carea ocr_par ocr_line ocrx_word'/>
</head>
<body>
  <div class='ocr_page' id='page_1' title='image "./litteraequadrime1705lain_0800.png"; bbox 0 0 1909 3328; ppageno 0'>
   <div class='ocr_carea' id='block_1_1' title="bbox 209 212 1281 258">
    <p class='ocr_par' dir='ltr' id='par_1_1' title="bbox 209 212 1281 258">
     <span class='ocr_line' id='line_1_1' title="bbox 209 212 1281 258; baseline -0.006 -5"><span class='ocrx_word' id='word_1_1' title='bbox 209 217 277 253; x_wconf 60' lang='lat'>765</span> <span class='ocrx_word' id='word_1_2' title='bbox 655 225 657 228; x_wconf 69' lang='grc'>’</span> <span class='ocrx_word' id='word_1_3' title='bbox 674 213 897 249; x_wconf 69' lang='lat' dir='ltr'>LITTERAE</span> <span class='ocrx_word' id='word_1_4' title='bbox 924 212 1281 258; x_wconf 69' lang='lat' dir='ltr'>QUADmMEsiREs</span> 
     </span>
    </p>
   </div>
   <div class='ocr_carea' id='block_1_2' title="bbox 161 304 1803 2756">
    <p class='ocr_par' dir='ltr' id='par_1_2' title="bbox 162 304 1794 521">
     <span class='ocr_line' id='line_1_2' title="bbox 163 304 1794 368; baseline -0.006 -11"><span class='ocrx_word' id='word_1_5' title='bbox 163 313 311 358; x_wconf 88' lang='lat' dir='ltr'>etiam</span> <span class='ocrx_word' id='word_1_6' title='bbox 338 312 486 367; x_wconf 91' lang='lat' dir='ltr'>(quod</span> <span class='ocrx_word' id='word_1_7' title='bbox 512 327 607 357; x_wconf 90' lang='lat' dir='ltr'>non</span> <span class='ocrx_word' id='word_1_8' title='bbox 633 325 808 368; x_wconf 90' lang='lat' dir='ltr'>parum</span> <span class='ocrx_word' id='word_1_9' title='bbox 834 308 944 365; x_wconf 87' lang='lat' dir='ltr'>est),</span> <span class='ocrx_word' id='word_1_10' title='bbox 971 307 1219 353; x_wconf 89' lang='lat' dir='ltr'>accedunt</span> <span class='ocrx_word' id='word_1_11' title='bbox 1241 305 1396 351; x_wconf 83' lang='lat' dir='ltr'>nostri</span> <span class='ocrx_word' id='word_1_12' title='bbox 1421 304 1627 350; x_wconf 90' lang='lat' dir='ltr'>instituti</span> <span class='ocrx_word' id='word_1_13' title='bbox 1652 319 1794 349; x_wconf 92' lang='lat' dir='ltr'>amor</span> 
     </span>
     <span class='ocr_line' id='line_1_3' title="bbox 162 382 1792 445; baseline -0.006 -10"><span class='ocrx_word' id='word_1_14' title='bbox 162 404 221 435; x_wconf 86' lang='lat' dir='ltr'>ac</span> <span class='ocrx_word' id='word_1_15' title='bbox 246 387 453 445; x_wconf 85' lang='lat' dir='ltr'>diligens</span> <span class='ocrx_word' id='word_1_16' title='bbox 479 389 769 445; x_wconf 86' lang='lat' dir='ltr'>regularum</span> <span class='ocrx_word' id='word_1_17' title='bbox 804 384 1142 441; x_wconf 85' lang='lat' dir='ltr'>obseruantia,</span> <span class='ocrx_word' id='word_1_18' title='bbox 1171 398 1382 440; x_wconf 91' lang='lat' dir='ltr'>quarum</span> <span class='ocrx_word' id='word_1_19' title='bbox 1412 383 1539 427; x_wconf 85' lang='lat' dir='ltr'>inter</span> <span class='ocrx_word' id='word_1_20' title='bbox 1562 382 1662 426; x_wconf 93' lang='lat' dir='ltr'>alia</span> <span class='ocrx_word' id='word_1_21' title='bbox 1685 396 1792 437; x_wconf 49' lang='lat' dir='ltr'>pre*</span> 
     </span>
     <span class='ocr_line' id='line_1_4' title="bbox 164 465 710 521; baseline -0.002 -11"><span class='ocrx_word' id='word_1_22' title='bbox 164 466 309 521; x_wconf 86' lang='lat' dir='ltr'>cipua</span> <span class='ocrx_word' id='word_1_23' title='bbox 334 465 546 510; x_wconf 90' lang='lat' dir='ltr'>habetur</span> <span class='ocrx_word' id='word_1_24' title='bbox 571 480 710 510; x_wconf 88' lang='lat' dir='ltr'>cura.</span> 
     </span>
    </p>

    <p class='ocr_par' dir='ltr' id='par_1_3' title="bbox 161 534 1796 969">
     <span class='ocr_line' id='line_1_5' title="bbox 218 534 1794 595; baseline -0.005 -9"><span class='ocrx_word' id='word_1_25' title='bbox 218 541 261 586; x_wconf 71' lang='lat'>3.</span> <span class='ocrx_word' id='word_1_26' title='bbox 328 539 380 584; x_wconf 86' lang='lat' dir='ltr'>ln</span> <span class='ocrx_word' id='word_1_27' title='bbox 407 541 619 586; x_wconf 91' lang='lat' dir='ltr'>ecclesia</span> <span class='ocrx_word' id='word_1_28' title='bbox 651 540 758 585; x_wconf 80' lang='lat' dir='ltr'>fere</span> <span class='ocrx_word' id='word_1_29' title='bbox 793 553 991 595; x_wconf 79' lang='lat' dir='ltr'><strong>semper</strong></span> <span class='ocrx_word' id='word_1_30' title='bbox 1026 537 1342 583; x_wconf 86' lang='lat' dir='ltr'>desideratur</span> <span class='ocrx_word' id='word_1_31' title='bbox 1371 534 1794 581; x_wconf 77' lang='lat' dir='ltr'>confessariorum</span> 
     </span>
     <span class='ocr_line' id='line_1_6' title="bbox 163 612 1791 673; baseline -0.005 -11"><span class='ocrx_word' id='word_1_32' title='bbox 163 617 323 673; x_wconf 74' lang='lat' dir='ltr'>copia3</span> <span class='ocrx_word' id='word_1_33' title='bbox 361 632 421 662; x_wconf 91' lang='lat' dir='ltr'>ea</span> <span class='ocrx_word' id='word_1_34' title='bbox 461 626 535 662; x_wconf 91' lang='lat' dir='ltr'>est</span> <span class='ocrx_word' id='word_1_35' title='bbox 574 615 979 663; x_wconf 91' lang='lat' dir='ltr'>concurrentium</span> <span class='ocrx_word' id='word_1_36' title='bbox 1020 614 1296 670; x_wconf 89' lang='lat' dir='ltr'>multitudo,</span> <span class='ocrx_word' id='word_1_37' title='bbox 1323 612 1499 669; x_wconf 91' lang='lat' dir='ltr'>quibus</span> <span class='ocrx_word' id='word_1_38' title='bbox 1543 627 1654 656; x_wconf 91' lang='lat' dir='ltr'>cum</span> <span class='ocrx_word' id='word_1_39' title='bbox 1696 625 1791 655; x_wconf 91' lang='lat' dir='ltr'>non</span> 
     </span>
     <span class='ocr_line' id='line_1_7' title="bbox 163 686 1793 751; baseline -0.005 -12"><span class='ocrx_word' id='word_1_40' title='bbox 163 694 316 751; x_wconf 81' lang='lat' dir='ltr'>possit</span> <span class='ocrx_word' id='word_1_41' title='bbox 340 693 447 739; x_wconf 89' lang='lat' dir='ltr'>fieri</span> <span class='ocrx_word' id='word_1_42' title='bbox 477 694 615 749; x_wconf 88' lang='lat' dir='ltr'>satis,</span> <span class='ocrx_word' id='word_1_43' title='bbox 642 692 847 739; x_wconf 88' lang='lat' dir='ltr'>infirmis</span> <span class='ocrx_word' id='word_1_44' title='bbox 881 707 941 737; x_wconf 90' lang='lat' dir='ltr'>ac</span> <span class='ocrx_word' id='word_1_45' title='bbox 973 690 1152 736; x_wconf 88' lang='lat' dir='ltr'>vinctis</span> <span class='ocrx_word' id='word_1_46' title='bbox 1187 704 1393 735; x_wconf 90' lang='lat' dir='ltr'>carcere</span> <span class='ocrx_word' id='word_1_47' title='bbox 1418 688 1467 745; x_wconf 93' lang='lat' dir='ltr'>(a</span> <span class='ocrx_word' id='word_1_48' title='bbox 1491 687 1666 745; x_wconf 91' lang='lat' dir='ltr'>quibus</span> <span class='ocrx_word' id='word_1_49' title='bbox 1698 686 1793 731; x_wconf 78' lang='lat' dir='ltr'>fre-</span> 
     </span>
     <span class='ocr_line' id='line_1_8' title="bbox 163 764 1794 827; baseline -0.005 -12"><span class='ocrx_word' id='word_1_50' title='bbox 163 780 369 827; x_wconf 86' lang='lat' dir='ltr'>quenter</span> <span class='ocrx_word' id='word_1_51' title='bbox 408 770 698 827; x_wconf 90' lang='lat' dir='ltr'>euocamur)</span> <span class='ocrx_word' id='word_1_52' title='bbox 738 769 988 814; x_wconf 80' lang='lat' dir='ltr'>multoties</span> <span class='ocrx_word' id='word_1_53' title='bbox 1022 767 1250 824; x_wconf 82' lang='lat' dir='ltr'>cogimur</span> <span class='ocrx_word' id='word_1_54' title='bbox 1290 765 1478 811; x_wconf 82' lang='lat' dir='ltr'>deesse.</span> <span class='ocrx_word' id='word_1_55' title='bbox 1521 764 1794 810; x_wconf 83' lang='lat' dir='ltr'>Sacrosan-</span> 
     </span>
     <span class='ocr_line' id='line_1_9' title="bbox 161 841 1796 902; baseline -0.006 -9"><span class='ocrx_word' id='word_1_56' title='bbox 161 857 295 892; x_wconf 82' lang='lat' dir='ltr'>ctum</span> <span class='ocrx_word' id='word_1_57' title='bbox 320 847 653 893; x_wconf 79' lang='lat' dir='ltr'>eucharistiae</span> <span class='ocrx_word' id='word_1_58' title='bbox 677 854 1049 892; x_wconf 89' lang='lat' dir='ltr'>sacramentum</span> <span class='ocrx_word' id='word_1_59' title='bbox 1074 859 1221 902; x_wconf 91' lang='lat' dir='ltr'>quam</span> <span class='ocrx_word' id='word_1_60' title='bbox 1245 841 1441 900; x_wconf 90' lang='lat' dir='ltr'>plurimi</span> <span class='ocrx_word' id='word_1_61' title='bbox 1475 841 1796 897; x_wconf 77' lang='lat' dir='ltr'>frequentant</span> 
     </span>
     <span class='ocr_line' id='line_1_10' title="bbox 162 924 658 969; baseline 0 0"><span class='ocrx_word' id='word_1_62' title='bbox 162 924 207 969; x_wconf 91' lang='lat' dir='ltr'>in</span> <span class='ocrx_word' id='word_1_63' title='bbox 233 924 446 969; x_wconf 89' lang='lat' dir='ltr'>ecclesia</span> <span class='ocrx_word' id='word_1_64' title='bbox 471 933 658 969; x_wconf 92' lang='lat' dir='ltr'>nostra.</span> 
     </span>
    </p>

    <p class='ocr_par' dir='ltr' id='par_1_4' title="bbox 163 994 1803 2296">
     <span class='ocr_line' id='line_1_11' title="bbox 220 994 1795 1046; baseline -0.004 -1"><span class='ocrx_word' id='word_1_65' title='bbox 220 1001 262 1046; x_wconf 79' lang='grc'>4.</span> <span class='ocrx_word' id='word_1_66' title='bbox 330 1001 523 1046; x_wconf 89' lang='lat' dir='ltr'>Doctor</span> <span class='ocrx_word' id='word_1_67' title='bbox 557 1000 793 1046; x_wconf 84' lang='lat' dir='ltr'>Ramirez</span> <span class='ocrx_word' id='word_1_68' title='bbox 826 1002 837 1024; x_wconf 93' lang='lat'>¹</span> <span class='ocrx_word' id='word_1_69' title='bbox 875 999 1047 1044; x_wconf 91' lang='lat' dir='ltr'>diebus</span> <span class='ocrx_word' id='word_1_70' title='bbox 1070 998 1210 1044; x_wconf 76' lang='lat' dir='ltr'>festis</span> <span class='ocrx_word' id='word_1_71' title='bbox 1235 1012 1379 1042; x_wconf 88' lang='lat' dir='ltr'>mane</span> <span class='ocrx_word' id='word_1_72' title='bbox 1414 995 1679 1041; x_wconf 81' lang='lat' dir='ltr'>conciones</span> <span class='ocrx_word' id='word_1_73' title='bbox 1712 994 1795 1039; x_wconf 88' lang='lat' dir='ltr'>ha-</span> 
     </span>
     <span class='ocr_line' id='line_1_12' title="bbox 163 1071 1791 1136; baseline -0.006 -12"><span class='ocrx_word' id='word_1_74' title='bbox 163 1079 246 1123; x_wconf 91' lang='lat' dir='ltr'>bet</span> <span class='ocrx_word' id='word_1_75' title='bbox 269 1077 315 1122; x_wconf 93' lang='lat' dir='ltr'>in</span> <span class='ocrx_word' id='word_1_76' title='bbox 345 1077 585 1136; x_wconf 85' lang='lat' dir='ltr'>ecclesiis,</span> <span class='ocrx_word' id='word_1_77' title='bbox 614 1093 824 1135; x_wconf 83' lang='lat' dir='ltr'>vespere</span> <span class='ocrx_word' id='word_1_78' title='bbox 859 1084 1024 1122; x_wconf 90' lang='lat' dir='ltr'>autem</span> <span class='ocrx_word' id='word_1_79' title='bbox 1061 1075 1192 1120; x_wconf 90' lang='lat' dir='ltr'>domi</span> <span class='ocrx_word' id='word_1_80' title='bbox 1226 1083 1430 1119; x_wconf 88' lang='lat' dir='ltr'>nostrae</span> <span class='ocrx_word' id='word_1_81' title='bbox 1464 1088 1528 1118; x_wconf 87' lang='lat' dir='ltr'>ex</span> <span class='ocrx_word' id='word_1_82' title='bbox 1560 1071 1791 1117; x_wconf 88' lang='lat' dir='ltr'>doctrina</span> 
     </span>
     <span class='ocr_line' id='line_1_13' title="bbox 163 1149 1798 1213; baseline -0.005 -13"><span class='ocrx_word' id='word_1_83' title='bbox 163 1155 453 1210; x_wconf 79' lang='lat' dir='ltr'>christiana,</span> <span class='ocrx_word' id='word_1_84' title='bbox 489 1170 637 1213; x_wconf 90' lang='lat' dir='ltr'>quam</span> <span class='ocrx_word' id='word_1_85' title='bbox 672 1154 878 1199; x_wconf 90' lang='lat' dir='ltr'>audiunt</span> <span class='ocrx_word' id='word_1_86' title='bbox 917 1167 1088 1198; x_wconf 89' lang='lat' dir='ltr'>omnes</span> <span class='ocrx_word' id='word_1_87' title='bbox 1127 1150 1463 1206; x_wconf 81' lang='lat' dir='ltr'>libentissime,</span> <span class='ocrx_word' id='word_1_88' title='bbox 1500 1158 1548 1194; x_wconf 94' lang='lat' dir='ltr'>et</span> <span class='ocrx_word' id='word_1_89' title='bbox 1581 1149 1798 1204; x_wconf 88' lang='lat' dir='ltr'>probant</span> 
     </span>
     <span class='ocr_line' id='line_1_14' title="bbox 164 1225 1796 1289; baseline -0.005 -12"><span class='ocrx_word' id='word_1_90' title='bbox 164 1248 259 1277; x_wconf 92' lang='lat' dir='ltr'>non</span> <span class='ocrx_word' id='word_1_91' title='bbox 294 1232 397 1277; x_wconf 91' lang='lat' dir='ltr'>sine</span> <span class='ocrx_word' id='word_1_92' title='bbox 432 1247 618 1289; x_wconf 85' lang='lat' dir='ltr'>magna</span> <span class='ocrx_word' id='word_1_93' title='bbox 652 1232 869 1288; x_wconf 89' lang='lat' dir='ltr'>ipsorum</span> <span class='ocrx_word' id='word_1_94' title='bbox 902 1230 1051 1287; x_wconf 75' lang='lat' dir='ltr'>fruge</span> <span class='ocrx_word' id='word_1_95' title='bbox 1085 1239 1132 1274; x_wconf 91' lang='lat' dir='ltr'>et</span> <span class='ocrx_word' id='word_1_96' title='bbox 1166 1243 1374 1273; x_wconf 91' lang='lat' dir='ltr'>numero</span> <span class='ocrx_word' id='word_1_97' title='bbox 1399 1225 1688 1273; x_wconf 82' lang='lat' dir='ltr'>incredibili:</span> <span class='ocrx_word' id='word_1_98' title='bbox 1717 1225 1796 1282; x_wconf 92' lang='lat' dir='ltr'>qui</span> 
     </span>
     <span class='ocr_line' id='line_1_15' title="bbox 165 1301 1797 1366; baseline -0.005 -12"><span class='ocrx_word' id='word_1_99' title='bbox 165 1309 330 1366; x_wconf 92' lang='lat' dir='ltr'>etiam,</span> <span class='ocrx_word' id='word_1_100' title='bbox 358 1324 470 1354; x_wconf 88' lang='lat' dir='ltr'>cum</span> <span class='ocrx_word' id='word_1_101' title='bbox 496 1318 641 1365; x_wconf 89' lang='lat' dir='ltr'>patre</span> <span class='ocrx_word' id='word_1_102' title='bbox 674 1308 772 1353; x_wconf 93' lang='lat' dir='ltr'>alio</span> <span class='ocrx_word' id='word_1_103' title='bbox 807 1307 889 1364; x_wconf 90' lang='lat' dir='ltr'>(ad</span> <span class='ocrx_word' id='word_1_104' title='bbox 923 1322 1013 1352; x_wconf 89' lang='lat' dir='ltr'>nos</span> <span class='ocrx_word' id='word_1_105' title='bbox 1047 1322 1109 1351; x_wconf 84' lang='lat' dir='ltr'>ex</span> <span class='ocrx_word' id='word_1_106' title='bbox 1145 1304 1364 1350; x_wconf 91' lang='lat' dir='ltr'>Montille</span> <span class='ocrx_word' id='word_1_107' title='bbox 1399 1302 1612 1360; x_wconf 86' lang='lat' dir='ltr'>collegio</span> <span class='ocrx_word' id='word_1_108' title='bbox 1647 1301 1797 1346; x_wconf 90' lang='lat' dir='ltr'>misso</span> 
     </span>
     <span class='ocr_line' id='line_1_16' title="bbox 166 1381 1796 1443; baseline -0.004 -12"><span class='ocrx_word' id='word_1_109' title='bbox 166 1386 338 1431; x_wconf 89' lang='lat' dir='ltr'>diebus</span> <span class='ocrx_word' id='word_1_110' title='bbox 372 1386 577 1443; x_wconf 81' lang='lat' dir='ltr'>aliquot)</span> <span class='ocrx_word' id='word_1_111' title='bbox 602 1401 665 1431; x_wconf 85' lang='lat' dir='ltr'>ex</span> <span class='ocrx_word' id='word_1_112' title='bbox 688 1384 870 1430; x_wconf 92' lang='lat' dir='ltr'>domini</span> <span class='ocrx_word' id='word_1_113' title='bbox 905 1382 1264 1440; x_wconf 89' lang='lat' dir='ltr'>archiepiscopi</span> <span class='ocrx_word' id='word_1_114' title='bbox 1290 1383 1305 1406; x_wconf 78' lang='lat'><strong>²</strong></span> <span class='ocrx_word' id='word_1_115' title='bbox 1329 1381 1586 1427; x_wconf 87' lang='lat' dir='ltr'>suassione</span> <span class='ocrx_word' id='word_1_116' title='bbox 1611 1390 1659 1425; x_wconf 90' lang='lat' dir='ltr'>et</span> <span class='ocrx_word' id='word_1_117' title='bbox 1683 1395 1796 1425; x_wconf 91' lang='lat' dir='ltr'>con—</span> 
     </span>
     <span class='ocr_line' id='line_1_17' title="bbox 167 1459 1795 1521; baseline -0.005 -12"><span class='ocrx_word' id='word_1_118' title='bbox 167 1464 290 1521; x_wconf 92' lang='lat' dir='ltr'>silio,</span> <span class='ocrx_word' id='word_1_119' title='bbox 317 1463 363 1508; x_wconf 93' lang='lat' dir='ltr'>in</span> <span class='ocrx_word' id='word_1_120' title='bbox 388 1463 545 1508; x_wconf 86' lang='lat' dir='ltr'>triuiis</span> <span class='ocrx_word' id='word_1_121' title='bbox 570 1472 619 1508; x_wconf 89' lang='lat' dir='ltr'>et</span> <span class='ocrx_word' id='word_1_122' title='bbox 642 1462 819 1519; x_wconf 88' lang='lat' dir='ltr'>plateis</span> <span class='ocrx_word' id='word_1_123' title='bbox 852 1461 1119 1506; x_wconf 88' lang='lat' dir='ltr'>conciones</span> <span class='ocrx_word' id='word_1_124' title='bbox 1152 1461 1336 1505; x_wconf 89' lang='lat' dir='ltr'>habent</span> <span class='ocrx_word' id='word_1_125' title='bbox 1370 1468 1418 1504; x_wconf 94' lang='lat' dir='ltr'>et</span> <span class='ocrx_word' id='word_1_126' title='bbox 1451 1459 1514 1503; x_wconf 93' lang='lat' dir='ltr'>ad</span> <span class='ocrx_word' id='word_1_127' title='bbox 1549 1466 1795 1502; x_wconf 89' lang='lat' dir='ltr'>mercato-</span> 
     </span>
     <span class='ocr_line' id='line_1_18' title="bbox 164 1535 1796 1597; baseline -0.006 -11"><span class='ocrx_word' id='word_1_128' title='bbox 164 1556 262 1586; x_wconf 92' lang='lat' dir='ltr'>res.</span> <span class='ocrx_word' id='word_1_129' title='bbox 290 1540 367 1585; x_wconf 85' lang='lat' dir='ltr'>Ex</span> <span class='ocrx_word' id='word_1_130' title='bbox 392 1556 487 1597; x_wconf 92' lang='lat' dir='ltr'>quo</span> <span class='ocrx_word' id='word_1_131' title='bbox 513 1555 748 1596; x_wconf 84' lang='lat' dir='ltr'>magnum</span> <span class='ocrx_word' id='word_1_132' title='bbox 772 1539 818 1584; x_wconf 91' lang='lat' dir='ltr'>in</span> <span class='ocrx_word' id='word_1_133' title='bbox 843 1548 997 1584; x_wconf 90' lang='lat' dir='ltr'>totam</span> <span class='ocrx_word' id='word_1_134' title='bbox 1023 1538 1276 1584; x_wconf 87' lang='lat' dir='ltr'>ciuitatem</span> <span class='ocrx_word' id='word_1_135' title='bbox 1311 1535 1622 1582; x_wconf 89' lang='lat' dir='ltr'>commodum</span> <span class='ocrx_word' id='word_1_136' title='bbox 1645 1543 1796 1590; x_wconf 91' lang='lat' dir='ltr'>atque</span> 
     </span>
     <span class='ocr_line' id='line_1_19' title="bbox 163 1611 1795 1672; baseline -0.006 -8"><span class='ocrx_word' id='word_1_137' title='bbox 163 1617 559 1664; x_wconf 88' lang='lat' dir='ltr'>aedificationem</span> <span class='ocrx_word' id='word_1_138' title='bbox 587 1617 814 1662; x_wconf 85' lang='lat' dir='ltr'>videntur</span> <span class='ocrx_word' id='word_1_139' title='bbox 838 1616 1120 1672; x_wconf 82' lang='lat' dir='ltr'>contulisse,</span> <span class='ocrx_word' id='word_1_140' title='bbox 1142 1614 1268 1660; x_wconf 85' lang='lat' dir='ltr'>adeo</span> <span class='ocrx_word' id='word_1_141' title='bbox 1294 1623 1346 1659; x_wconf 91' lang='lat' dir='ltr'>vt</span> <span class='ocrx_word' id='word_1_142' title='bbox 1370 1623 1481 1670; x_wconf 88' lang='lat' dir='ltr'>post</span> <span class='ocrx_word' id='word_1_143' title='bbox 1505 1611 1795 1657; x_wconf 88' lang='lat' dir='ltr'>concionem</span> 
     </span>
     <span class='ocr_line' id='line_1_20' title="bbox 164 1690 1797 1745; baseline -0.004 -3"><span class='ocrx_word' id='word_1_144' title='bbox 164 1697 385 1742; x_wconf 88' lang='lat' dir='ltr'>habitam</span> <span class='ocrx_word' id='word_1_145' title='bbox 410 1695 470 1741; x_wconf 85' lang='lat' dir='ltr'>de</span> <span class='ocrx_word' id='word_1_146' title='bbox 495 1694 831 1740; x_wconf 86' lang='lat' dir='ltr'>venditionum</span> <span class='ocrx_word' id='word_1_147' title='bbox 855 1692 1199 1739; x_wconf 81' lang='lat' dir='ltr'>fraudulentiis</span> <span class='ocrx_word' id='word_1_148' title='bbox 1233 1707 1293 1738; x_wconf 90' lang='lat' dir='ltr'>ac</span> <span class='ocrx_word' id='word_1_149' title='bbox 1328 1690 1657 1745; x_wconf 87' lang='lat' dir='ltr'>restitutione,</span> <span class='ocrx_word' id='word_1_150' title='bbox 1684 1703 1797 1735; x_wconf 82' lang='lat' dir='ltr'>cuin</span> 
     </span>
     <span class='ocr_line' id='line_1_21' title="bbox 168 1767 1797 1831; baseline -0.006 -11"><span class='ocrx_word' id='word_1_151' title='bbox 168 1774 393 1831; x_wconf 88' lang='lat' dir='ltr'>sequenti</span> <span class='ocrx_word' id='word_1_152' title='bbox 432 1773 508 1819; x_wconf 93' lang='lat' dir='ltr'>die</span> <span class='ocrx_word' id='word_1_153' title='bbox 552 1773 811 1830; x_wconf 90' lang='lat' dir='ltr'>quisquam</span> <span class='ocrx_word' id='word_1_154' title='bbox 855 1771 1140 1828; x_wconf 83' lang='lat' dir='ltr'>exquireret</span> <span class='ocrx_word' id='word_1_155' title='bbox 1184 1778 1518 1816; x_wconf 89' lang='lat' dir='ltr'>mercatorem</span> <span class='ocrx_word' id='word_1_156' title='bbox 1562 1767 1797 1823; x_wconf 80' lang='lat' dir='ltr'>aliquem,</span> 
     </span>
     <span class='ocr_line' id='line_1_22' title="bbox 168 1834 1798 1909; baseline -0.007 -12"><span class='ocrx_word' id='word_1_157' title='bbox 168 1852 247 1909; x_wconf 89' lang='lat' dir='ltr'>qui</span> <span class='ocrx_word' id='word_1_158' title='bbox 275 1852 423 1897; x_wconf 91' lang='lat' dir='ltr'>vellet</span> <span class='ocrx_word' id='word_1_159' title='bbox 448 1851 538 1896; x_wconf 92' lang='lat' dir='ltr'>sibi</span> <span class='ocrx_word' id='word_1_160' title='bbox 563 1865 826 1896; x_wconf 85' lang='lat' dir='ltr'>versuram</span> <span class='ocrx_word' id='word_1_161' title='bbox 856 1849 1043 1906; x_wconf 79' lang='lat' dir='ltr'>facere,</span> <span class='ocrx_word' id='word_1_162' title='bbox 1070 1834 1312 1894; x_wconf 88' lang='lat' dir='ltr'>neminem</span> <span class='ocrx_word' id='word_1_163' title='bbox 1337 1846 1417 1903; x_wconf 93' lang='lat' dir='ltr'>qui</span> <span class='ocrx_word' id='word_1_164' title='bbox 1441 1845 1635 1890; x_wconf 78' lang='lat' dir='ltr'>faceret</span> <span class='ocrx_word' id='word_1_165' title='bbox 1668 1844 1798 1889; x_wconf 89' lang='lat' dir='ltr'>inue-</span> 
     </span>
     <span class='ocr_line' id='line_1_23' title="bbox 165 1921 1799 1987; baseline -0.006 -12"><span class='ocrx_word' id='word_1_166' title='bbox 165 1929 250 1987; x_wconf 93' lang='lat' dir='ltr'>nit,</span> <span class='ocrx_word' id='word_1_167' title='bbox 277 1945 389 1975; x_wconf 91' lang='lat' dir='ltr'>cum</span> <span class='ocrx_word' id='word_1_168' title='bbox 415 1930 568 1975; x_wconf 91' lang='lat' dir='ltr'>multa</span> <span class='ocrx_word' id='word_1_169' title='bbox 599 1929 725 1976; x_wconf 89' lang='lat' dir='ltr'>alias</span> <span class='ocrx_word' id='word_1_170' title='bbox 759 1945 788 1974; x_wconf 89' lang='lat' dir='ltr'>a</span> <span class='ocrx_word' id='word_1_171' title='bbox 822 1944 876 1974; x_wconf 92' lang='lat' dir='ltr'>re</span> <span class='ocrx_word' id='word_1_172' title='bbox 912 1927 1081 1973; x_wconf 92' lang='lat' dir='ltr'>illicita</span> <span class='ocrx_word' id='word_1_173' title='bbox 1115 1927 1390 1983; x_wconf 88' lang='lat' dir='ltr'>impostura</span> <span class='ocrx_word' id='word_1_174' title='bbox 1424 1925 1470 1969; x_wconf 91' lang='lat' dir='ltr'>in</span> <span class='ocrx_word' id='word_1_175' title='bbox 1506 1923 1607 1969; x_wconf 91' lang='lat' dir='ltr'>suis</span> <span class='ocrx_word' id='word_1_176' title='bbox 1631 1921 1799 1967; x_wconf 84' lang='lat' dir='ltr'>vendi—</span> 
     </span>
     <span class='ocr_line' id='line_1_24' title="bbox 165 1999 1803 2063; baseline -0.005 -11"><span class='ocrx_word' id='word_1_177' title='bbox 165 2007 380 2052; x_wconf 89' lang='lat' dir='ltr'>tionibus</span> <span class='ocrx_word' id='word_1_178' title='bbox 402 2006 703 2063; x_wconf 91' lang='lat' dir='ltr'>suspicanda</span> <span class='ocrx_word' id='word_1_179' title='bbox 726 2016 852 2052; x_wconf 88' lang='lat' dir='ltr'>erat.</span> <span class='ocrx_word' id='word_1_180' title='bbox 876 2005 1021 2051; x_wconf 86' lang='lat' dir='ltr'>Nunc</span> <span class='ocrx_word' id='word_1_181' title='bbox 1056 2020 1180 2050; x_wconf 87' lang='lat' dir='ltr'>vero</span> <span class='ocrx_word' id='word_1_182' title='bbox 1214 2004 1343 2049; x_wconf 91' lang='lat' dir='ltr'>alter</span> <span class='ocrx_word' id='word_1_183' title='bbox 1377 2017 1550 2048; x_wconf 90' lang='lat' dir='ltr'>eorum</span> <span class='ocrx_word' id='word_1_184' title='bbox 1580 1999 1803 2046; x_wconf 87' lang='lat' dir='ltr'>secundo</span> 
     </span>
     <span class='ocr_line' id='line_1_25' title="bbox 167 2076 1799 2142; baseline -0.006 -12"><span class='ocrx_word' id='word_1_185' title='bbox 167 2099 363 2142; x_wconf 92' lang='lat' dir='ltr'>quoque</span> <span class='ocrx_word' id='word_1_186' title='bbox 387 2093 436 2129; x_wconf 91' lang='lat' dir='ltr'>et</span> <span class='ocrx_word' id='word_1_187' title='bbox 459 2093 638 2140; x_wconf 89' lang='lat' dir='ltr'>quarto</span> <span class='ocrx_word' id='word_1_188' title='bbox 670 2084 906 2140; x_wconf 91' lang='lat' dir='ltr'>cuiusque</span> <span class='ocrx_word' id='word_1_189' title='bbox 940 2081 1282 2127; x_wconf 89' lang='lat' dir='ltr'>hebdomadae</span> <span class='ocrx_word' id='word_1_190' title='bbox 1313 2080 1389 2125; x_wconf 93' lang='lat' dir='ltr'>die</span> <span class='ocrx_word' id='word_1_191' title='bbox 1423 2093 1705 2124; x_wconf 89' lang='lat' dir='ltr'>sermonem</span> <span class='ocrx_word' id='word_1_192' title='bbox 1728 2076 1799 2122; x_wconf 79' lang='lat' dir='ltr'>fa-</span> 
     </span>
     <span class='ocr_line' id='line_1_26' title="bbox 166 2153 1797 2213; baseline -0.006 -6"><span class='ocrx_word' id='word_1_193' title='bbox 166 2162 231 2207; x_wconf 88' lang='lat' dir='ltr'>cit</span> <span class='ocrx_word' id='word_1_194' title='bbox 255 2162 315 2207; x_wconf 94' lang='lat' dir='ltr'>de</span> <span class='ocrx_word' id='word_1_195' title='bbox 340 2161 653 2207; x_wconf 91' lang='lat' dir='ltr'>restitutione</span> <span class='ocrx_word' id='word_1_196' title='bbox 677 2160 863 2206; x_wconf 89' lang='lat' dir='ltr'>eisdem</span> <span class='ocrx_word' id='word_1_197' title='bbox 889 2158 1255 2205; x_wconf 88' lang='lat' dir='ltr'>mercatoribus</span> <span class='ocrx_word' id='word_1_198' title='bbox 1279 2157 1342 2202; x_wconf 92' lang='lat' dir='ltr'>ad</span> <span class='ocrx_word' id='word_1_199' title='bbox 1367 2157 1588 2213; x_wconf 90' lang='lat' dir='ltr'>ipsorum</span> <span class='ocrx_word' id='word_1_200' title='bbox 1612 2153 1797 2210; x_wconf 91' lang='lat' dir='ltr'>limina,</span> 
     </span>
     <span class='ocr_line' id='line_1_27' title="bbox 169 2236 1003 2296; baseline -0.004 -12"><span class='ocrx_word' id='word_1_201' title='bbox 169 2254 356 2296; x_wconf 85' lang='lat' dir='ltr'>magna</span> <span class='ocrx_word' id='word_1_202' title='bbox 379 2238 656 2283; x_wconf 89' lang='lat' dir='ltr'>confluente</span> <span class='ocrx_word' id='word_1_203' title='bbox 681 2236 1003 2283; x_wconf 89' lang='lat' dir='ltr'>multitudine.</span> 
     </span>
    </p>

    <p class='ocr_par' dir='ltr' id='par_1_5' title="bbox 169 2307 1801 2525">
     <span class='ocr_line' id='line_1_28' title="bbox 226 2307 1799 2371; baseline -0.006 -10"><span class='ocrx_word' id='word_1_204' title='bbox 226 2316 269 2361; x_wconf 77' lang='lat'>5.</span> <span class='ocrx_word' id='word_1_205' title='bbox 338 2314 583 2371; x_wconf 83' lang='lat' dir='ltr'>Magister</span> <span class='ocrx_word' id='word_1_206' title='bbox 618 2314 870 2360; x_wconf 86' lang='lat' dir='ltr'>Albotodo</span> <span class='ocrx_word' id='word_1_207' title='bbox 904 2313 1129 2368; x_wconf 87' lang='lat' dir='ltr'>arabyca</span> <span class='ocrx_word' id='word_1_208' title='bbox 1167 2311 1339 2368; x_wconf 84' lang='lat' dir='ltr'>lingua</span> <span class='ocrx_word' id='word_1_209' title='bbox 1372 2309 1513 2355; x_wconf 92' lang='lat' dir='ltr'>nouis</span> <span class='ocrx_word' id='word_1_210' title='bbox 1547 2307 1799 2354; x_wconf 87' lang='lat' dir='ltr'>christico-</span> 
     </span>
     <span class='ocr_line' id='line_1_29' title="bbox 169 2387 1801 2448; baseline -0.006 -10"><span class='ocrx_word' id='word_1_211' title='bbox 169 2393 227 2437; x_wconf 92' lang='lat' dir='ltr'>lis</span> <span class='ocrx_word' id='word_1_212' title='bbox 251 2392 592 2448; x_wconf 89' lang='lat' dir='ltr'>concionatur,</span> <span class='ocrx_word' id='word_1_213' title='bbox 620 2407 650 2437; x_wconf 93' lang='lat' dir='ltr'>a</span> <span class='ocrx_word' id='word_1_214' title='bbox 675 2391 850 2448; x_wconf 91' lang='lat' dir='ltr'>quibus</span> <span class='ocrx_word' id='word_1_215' title='bbox 874 2389 1021 2435; x_wconf 90' lang='lat' dir='ltr'>valde</span> <span class='ocrx_word' id='word_1_216' title='bbox 1045 2388 1282 2445; x_wconf 84' lang='lat' dir='ltr'>diligitur,</span> <span class='ocrx_word' id='word_1_217' title='bbox 1310 2387 1439 2444; x_wconf 91' lang='lat' dir='ltr'>quod</span> <span class='ocrx_word' id='word_1_218' title='bbox 1470 2401 1566 2431; x_wconf 92' lang='lat' dir='ltr'>non</span> <span class='ocrx_word' id='word_1_219' title='bbox 1589 2399 1801 2442; x_wconf 87' lang='lat' dir='ltr'>paruam</span> 
     </span>
     <span class='ocr_line' id='line_1_30' title="bbox 170 2467 1054 2525; baseline -0.005 -11"><span class='ocrx_word' id='word_1_220' title='bbox 170 2469 217 2514; x_wconf 93' lang='lat' dir='ltr'>in</span> <span class='ocrx_word' id='word_1_221' title='bbox 241 2469 312 2514; x_wconf 91' lang='lat' dir='ltr'>eis</span> <span class='ocrx_word' id='word_1_222' title='bbox 335 2484 473 2525; x_wconf 89' lang='lat' dir='ltr'>spem</span> <span class='ocrx_word' id='word_1_223' title='bbox 498 2467 753 2525; x_wconf 80' lang='lat' dir='ltr'>profectus</span> <span class='ocrx_word' id='word_1_224' title='bbox 777 2467 1054 2525; x_wconf 88' lang='lat' dir='ltr'>pollicetur.</span> 
     </span>
    </p>

    <p class='ocr_par' dir='ltr' id='par_1_6' title="bbox 168 2539 1802 2756">
     <span class='ocr_line' id='line_1_31' title="bbox 225 2539 1800 2601; baseline -0.005 -10"><span class='ocrx_word' id='word_1_225' title='bbox 225 2546 267 2591; x_wconf 78' lang='lat'>6.</span> <span class='ocrx_word' id='word_1_226' title='bbox 335 2545 577 2590; x_wconf 90' lang='lat' dir='ltr'>Dominus</span> <span class='ocrx_word' id='word_1_227' title='bbox 610 2545 1014 2601; x_wconf 91' lang='lat' dir='ltr'>archiepiscopus</span> <span class='ocrx_word' id='word_1_228' title='bbox 1048 2558 1137 2588; x_wconf 91' lang='lat' dir='ltr'>nos</span> <span class='ocrx_word' id='word_1_229' title='bbox 1170 2541 1376 2587; x_wconf 89' lang='lat' dir='ltr'>mirifice</span> <span class='ocrx_word' id='word_1_230' title='bbox 1411 2539 1725 2597; x_wconf 89' lang='lat' dir='ltr'>amplectitur</span> <span class='ocrx_word' id='word_1_231' title='bbox 1750 2547 1800 2583; x_wconf 90' lang='lat' dir='ltr'>et</span> 
     </span>
     <span class='ocr_line' id='line_1_32' title="bbox 170 2618 1799 2680; baseline -0.005 -11"><span class='ocrx_word' id='word_1_232' title='bbox 170 2624 531 2680; x_wconf 87' lang='lat' dir='ltr'>patrocinatur;</span> <span class='ocrx_word' id='word_1_233' title='bbox 560 2623 605 2668; x_wconf 92' lang='lat' dir='ltr'>in</span> <span class='ocrx_word' id='word_1_234' title='bbox 630 2622 936 2680; x_wconf 90' lang='lat' dir='ltr'>spiritalibus</span> <span class='ocrx_word' id='word_1_235' title='bbox 969 2620 1096 2666; x_wconf 90' lang='lat' dir='ltr'>enim</span> <span class='ocrx_word' id='word_1_236' title='bbox 1130 2619 1437 2676; x_wconf 79' lang='lat' dir='ltr'>frequentius</span> <span class='ocrx_word' id='word_1_237' title='bbox 1461 2618 1593 2663; x_wconf 92' lang='lat' dir='ltr'>illum</span> <span class='ocrx_word' id='word_1_238' title='bbox 1627 2631 1799 2662; x_wconf 91' lang='lat' dir='ltr'>consu-</span> 
     </span>
     <span class='ocr_line' id='line_1_33' title="bbox 168 2697 1802 2756; baseline -0.004 -11"><span class='ocrx_word' id='word_1_239' title='bbox 168 2701 325 2746; x_wconf 91' lang='lat' dir='ltr'>lentes</span> <span class='ocrx_word' id='word_1_240' title='bbox 348 2700 634 2756; x_wconf 87' lang='lat' dir='ltr'>edocemur,</span> <span class='ocrx_word' id='word_1_241' title='bbox 660 2710 709 2744; x_wconf 89' lang='lat' dir='ltr'>et</span> <span class='ocrx_word' id='word_1_242' title='bbox 732 2699 914 2756; x_wconf 89' lang='lat' dir='ltr'>pietate</span> <span class='ocrx_word' id='word_1_243' title='bbox 938 2697 1094 2754; x_wconf 88' lang='lat' dir='ltr'>patris</span> <span class='ocrx_word' id='word_1_244' title='bbox 1118 2697 1412 2742; x_wconf 86' lang='lat' dir='ltr'>consolatur</span> <span class='ocrx_word' id='word_1_245' title='bbox 1447 2705 1495 2741; x_wconf 92' lang='lat' dir='ltr'>et</span> <span class='ocrx_word' id='word_1_246' title='bbox 1528 2709 1714 2751; x_wconf 84' lang='lat' dir='ltr'>magna</span> <span class='ocrx_word' id='word_1_247' title='bbox 1737 2708 1802 2738; x_wconf 85' lang='lat' dir='ltr'>ex</span> 
     </span>
    </p>
   </div>
   <div class='ocr_carea' id='block_1_3' title="bbox 170 2771 1799 2832">
    <p class='ocr_par' dir='ltr' id='par_1_7' title="bbox 170 2771 1799 2832">
     <span class='ocr_line' id='line_1_34' title="bbox 170 2771 1799 2832; baseline -0.004 -10"><span class='ocrx_word' id='word_1_248' title='bbox 170 2788 310 2832; x_wconf 88' lang='lat' dir='ltr'>parte</span> <span class='ocrx_word' id='word_1_249' title='bbox 332 2777 620 2822; x_wconf 85' lang='lat' dir='ltr'>necessaria</span> <span class='ocrx_word' id='word_1_250' title='bbox 645 2776 778 2822; x_wconf 89' lang='lat' dir='ltr'>vitae</span> <span class='ocrx_word' id='word_1_251' title='bbox 800 2774 941 2820; x_wconf 89' lang='lat' dir='ltr'>nobis</span> <span class='ocrx_word' id='word_1_252' title='bbox 965 2773 1322 2830; x_wconf 88' lang='lat' dir='ltr'>subministrat,</span> <span class='ocrx_word' id='word_1_253' title='bbox 1346 2781 1399 2818; x_wconf 92' lang='lat' dir='ltr'>vt</span> <span class='ocrx_word' id='word_1_254' title='bbox 1424 2772 1596 2817; x_wconf 90' lang='lat' dir='ltr'>melius</span> <span class='ocrx_word' id='word_1_255' title='bbox 1621 2786 1684 2817; x_wconf 84' lang='lat' dir='ltr'>ex</span> <span class='ocrx_word' id='word_1_256' title='bbox 1707 2771 1799 2816; x_wconf 89' lang='lat' dir='ltr'>Pa-</span> 
     </span>
    </p>
   </div>
   <div class='ocr_carea' id='block_1_4' title="bbox 172 2893 257 2896">
    <p class='ocr_par' dir='ltr' id='par_1_8' title="bbox 172 2893 257 2896">
     <span class='ocr_line' id='line_1_35' title="bbox 172 2893 257 2896; baseline 0 0"><span class='ocrx_word' id='word_1_257' title='bbox 172 2893 257 2896; x_wconf 95' lang='lat' dir='ltr'> </span> 
     </span>
    </p>
   </div>
   <div class='ocr_carea' id='block_1_5' title="bbox 286 2893 453 2897">
    <p class='ocr_par' dir='ltr' id='par_1_9' title="bbox 286 2893 453 2897">
     <span class='ocr_line' id='line_1_36' title="bbox 286 2893 453 2897; baseline 0 0"><span class='ocrx_word' id='word_1_258' title='bbox 286 2893 453 2897; x_wconf 95' lang='lat' dir='ltr'> </span> 
     </span>
    </p>
   </div>
   <div class='ocr_carea' id='block_1_6' title="bbox 218 2955 749 3053">
    <p class='ocr_par' dir='ltr' id='par_1_10' title="bbox 218 2955 749 3053">
     <span class='ocr_line' id='line_1_37' title="bbox 220 2955 749 3002; baseline 0.002 -11"><span class='ocrx_word' id='word_1_259' title='bbox 220 2957 229 2975; x_wconf 82' lang='lat'><strong>¹</strong></span> <span class='ocrx_word' id='word_1_260' title='bbox 281 2956 326 2992; x_wconf 81' lang='lat' dir='ltr'>P.</span> <span class='ocrx_word' id='word_1_261' title='bbox 344 2955 523 3002; x_wconf 85' lang='lat' dir='ltr'>Joannes</span> <span class='ocrx_word' id='word_1_262' title='bbox 542 2956 749 2992; x_wconf 54' lang='lat' dir='ltr'>Ramirez«</span> 
     </span>
     <span class='ocr_line' id='line_1_38' title="bbox 218 3014 671 3053; baseline 0.007 -3"><span class='ocrx_word' id='word_1_263' title='bbox 218 3015 231 3034; x_wconf 76' lang='lat'><strong>²</strong></span> <span class='ocrx_word' id='word_1_264' title='bbox 281 3015 427 3051; x_wconf 81' lang='lat' dir='ltr'>Petrus</span> <span class='ocrx_word' id='word_1_265' title='bbox 446 3014 671 3053; x_wconf 84' lang='lat' dir='ltr'>Guerrero.</span> 
     </span>
    </p>
   </div>
  </div>
 </body>
</html>
