1900 3380
529 309 865 346 119.-——131LL10MO
895 310 937 345 19
964 320 1197 346 DECEMssius
1228 311 1315 346 1537
1619 312 1688 347 4523

108 406 301 463 collegii
327 406 564 463 erigendi.
594 407 734 450 Alias
759 407 1033 451 reuerende
1052 406 1105 450 P.
1129 407 1184 450 T.
1209 407 1383 463 scripsi
1405 408 1648 463 quomodo
1669 408 1733 452 la-

107 484 316 541 picidina
340 484 438 540 illa,
461 500 606 540 quam
628 483 779 529 Pater
798 484 1023 540 Baptista
1043 493 1309 540 antequam
1329 484 1603 529 discederet
1623 500 1734 541 ape-

108 562 192 607 riri
216 560 447 618 jusserat,
475 561 749 606 numeratis
769 561 917 606 etiam
938 561 1125 617 aliquot
1147 561 1377 617 pecuniis,
1402 572 1516 617 apta
1540 562 1735 607 tandem

107 638 168 683 ad
191 638 285 683 hoc
308 636 585 682 aedificium
612 637 807 682 minime
832 637 1198 683 offendebatur.
1232 637 1374 681 Vnde
1410 648 1733 693 posteaquam

107 714 290 771 aliquot
327 729 503 759 currus
538 714 735 759 aduecti
770 714 926 771 fuere,
969 715 1031 760 ab
1066 729 1124 759 eo
1165 715 1497 760 desistendum
1533 714 1636 768 fuit,
1675 716 1737 760 ob

78 824 80 826 ψ
106 808 252 849 quam
277 808 481 837 causam
501 792 740 837 hactenus
760 808 855 837 non
876 792 1024 848 licuit,
1051 792 1207 836 bobus
1225 791 1326 848 jam
1346 792 1407 836 ad
1429 808 1637 837 messem
1659 794 1738 837 vel

107 869 379 914 vehendam
406 869 487 914 vel
508 869 571 914 ad
596 869 878 914 exercenda
902 868 1101 914 noualia
1124 867 1383 925 impeditis,
1412 868 1559 913 aliam
1585 878 1733 914 mate-

106 947 229 992 riam
253 946 492 991 struendo
517 946 729 1002 collegio
756 962 1047 1002 preparare.
1087 946 1227 990 Nunc
1262 962 1384 990 vero
1421 962 1526 991 cum
1555 962 1628 1000 eo,
1657 947 1734 1002 qui

106 1023 279 1069 effodit
299 1023 485 1080 lapides
505 1039 592 1068 scu
612 1033 796 1080 petras,
820 1023 1012 1080 egimus
1032 1024 1090 1068 de
1111 1023 1266 1068 tribus
1286 1023 1480 1068 milibus
1499 1039 1736 1069 curruum

105 1100 256 1157 petris
280 1110 585 1157 onustorum,
614 1101 743 1156 quod
768 1100 830 1145 ad
850 1101 1029 1145 domini
1054 1100 1259 1160 Johanis
1294 1100 1549 1156 Baptistae
1581 1101 1736 1145 >zelen-

105 1177 185 1222 nia
211 1192 364 1233 vsque
390 1177 553 1223 licebit
577 1177 843 1222 aduehere.
874 1178 1055 1223 Dolent
1079 1178 1392 1223 biliomenses
1428 1178 1556 1233 quod
1582 1178 1645 1222 nil
1671 1178 1736 1222 in—

106 1254 330 1311 telligant
364 1254 424 1299 de
458 1254 663 1300 Patrum
701 1264 987 1300 nostrorum
1028 1254 1072 1299 in
1118 1254 1419 1300 Arum-niam
1467 1256 1641 1300 reditu.
1686 1254 1737 1300 Si

105 1331 301 1376 adesset
336 1331 475 1376 nobis
515 1331 676 1388 Magr.
714 1331 1015 1376 Laurentius
1050 1331 1384 1385 ferrariensis,
1421 1332 1668 1376 lathomus
1704 1334 1734 1383 ¹,

105 1408 266 1453 omnia
307 1418 443 1453 recte
483 1408 672 1465 disponi
707 1409 923 1465 po'ssent.
965 1408 1216 1465 Sperabat
1251 1409 1377 1454 enim
1412 1408 1473 1453 D.
1512 1409 1737 1466 Baptista

105 1500 217 1530 eum
241 1484 419 1530 adduci
443 1500 604 1543 posse;
643 1501 787 1530 nemo
811 1495 914 1531 tam
939 1495 1014 1531 est
1038 1501 1196 1542 aeque
1220 1486 1534 1531 necessarius
1554 1501 1612 1531 ac
1634 1486 1737 1542 ipse

107 1561 168 1606 ad
192 1560 470 1607 aedificium
495 1563 900 1620 construendum,
927 1563 1124 1619 quando
1150 1563 1377 1608 dominus
1401 1563 1660 1620 episcopus
1686 1579 1737 1608 se

107 1648 339 1695 paratum
358 1639 427 1684 ait
446 1640 721 1696 sumptibus
740 1640 1129 1697 suppeditandis,
1151 1641 1296 1685 modo
1317 1641 1530 1697 aliquem
1554 1641 1737 1686 habeat

105 1716 180 1761 cui
207 1726 398 1762 tantum
424 1717 685 1774 negocium
706 1727 811 1764 tuto
836 1718 1147 1763 committere
1173 1718 1340 1774 possit.
1365 1717 1473 1763 Dici
1499 1718 1737 1775 siquidem

105 1810 201 1839 non
225 1804 388 1851 potest
413 1805 598 1852 quanto
632 1795 762 1841 aliae
797 1797 1024 1841 ciuitates
1051 1796 1242 1841 vicinae
1267 1797 1377 1842 huic
1404 1796 1646 1842 desiderio
1671 1807 1737 1842 te-

106 1882 317 1917 neantur
351 1870 618 1917 Societatis
652 1872 929 1929 habendae,
967 1889 1057 1918 nec
1082 1889 1177 1918 non
1205 1873 1485 1919 biliomeam
1511 1874 1737 1919 omnibus

106 1948 411 2012 foeliciorem
435 1949 672 2008 judicant,
699 1951 755 2006 si,
779 1951 909 2007 quod
927 1961 1178 2008 speratur,
1201 1950 1429 1997 Societas
1448 1952 1591 1997 firma
1611 1952 1735 1997 iece-

106 2026 170 2071 rit
208 2026 548 2073 fundamenta.
577 2027 818 2073 Omnibus
842 2029 1081 2085 siquidem
1106 2039 1154 2074 et
1173 2030 1444 2074 honoribus
1463 2040 1511 2074 et
1530 2045 1737 2085 magna-

80 2122 83 2123 ’
107 2103 273 2161 t[ibus]
297 2110 313 2130 ³
335 2105 435 2150 suis
457 2115 762 2161 anteponunt
779 2104 1044 2151 Societatis
1065 2107 1431 2162 comoditatem,
1460 2122 1554 2164 que
1578 2115 1626 2151 et
1646 2107 1734 2152 vti-

108 2181 296 2226 litatem
326 2180 512 2227 afferat
537 2197 594 2227 ac
620 2183 888 2228 maximam
922 2183 1103 2240 vbique
1138 2184 1545 2229 consolationem.
1583 2183 1736 2229 Bene-

108 2257 268 2304 dictus
312 2258 554 2303 Dominus
588 2259 667 2315 qui
700 2258 821 2304 facit
856 2269 909 2305 vt
948 2258 1134 2306 Christi
1169 2260 1320 2305 simus
1356 2262 1511 2305 bonus
1545 2260 1668 2305 odor
1702 2261 1733 2304 2.

107 2334 248 2381 Haec
271 2345 383 2381 sunt
408 2351 501 2392 que
532 2335 593 2381 R.
622 2336 675 2382 P.
698 2336 755 2381 T.
779 2338 973 2382 referre
998 2337 1424 2393 desiderabamus,
1452 2348 1653 2383 orantes
1678 2353 1738 2382 ac

107 2411 433 2469 deprecantes
461 2424 512 2458 vt
536 2422 673 2458 tuam
697 2423 924 2459 sanctam
961 2415 1352 2460 benedictionem
1388 2414 1527 2459 nobis
1563 2414 1738 2471 largiri

106 2487 340 2546 digneris,
363 2505 458 2546 quo
478 2505 673 2546 semper
692 2505 751 2535 ea
770 2506 970 2548 parare,
989 2491 1234 2549 meditari,
1253 2491 1479 2548 cogitare
1497 2505 1738 2547 queamus

88 2581 233 2622 >quae
255 2566 304 2611 in
326 2566 382 2612 iis
408 2582 517 2612 esse
542 2567 735 2623 debent,
764 2568 844 2625 qui
880 2568 1009 2624 quod
1043 2577 1118 2620 est
1150 2568 1349 2613 honoris
1384 2567 1531 2613 diuini
1564 2582 1735 2624 perpe-

79 2660 82 2662 *
105 2651 189 2688 tuo
214 2659 395 2689 curare
419 2643 614 2690 debent.
643 2644 835 2693 Biliomi
864 2645 917 2690 14
941 2645 1175 2690 calendas
1194 2645 1419 2704 Januarii
1448 2645 1577 2690 1557.

152 2803 169 2824 a
213 2797 400 2844 Propter
416 2799 691 2834 maculatam
712 2801 751 2834 et
769 2809 989 2835 corrosam
1018 2799 1219 2835 chartam
1247 2799 1425 2844 aliquae
1451 2799 1622 2836 litterae
1645 2805 1737 2846 per-

82 2887 86 2889 .
106 2857 264 2894 ierunt.

155 3007 165 3026 ¹
217 3005 465 3044 Laurentius
483 3007 660 3050 Tristan,
682 3020 802 3055 quem
822 3008 1016 3055 optimum
1036 3013 1076 3044 et
1095 3008 1413 3045 coementarium
1434 3014 1474 3046 et
1499 3010 1736 3057 religiosum

80 3098 84 3099 ⁷
106 3064 308 3103 Polancus
326 3068 506 3114 appellat
525 3068 563 3104 in
588 3068 757 3111 Cluen„
778 3068 827 3113 ΙΙ,
848 3066 1014 3104 491-492.

154 3125 167 3144 ‘²
215 3125 252 3162 Π
272 3125 393 3173 COR„
415 3126 464 3171 ΙΙ,
489 3127 543 3163 15.
