1910 3380
504 235 816 272 »2.*Toix·mco
842 235 887 270 ‘20
917 235 1088 272 Anienis
1119 236 1206 270 1:337
1558 236 1616 272 181

46 348 139 379 non
181 340 311 377 esset
357 330 588 376 facienda
632 330 815 376 mentio
859 330 918 375 de
963 330 1185 386 collegiis
1229 330 1494 387 erigendis,
1542 332 1667 387 apud

48 409 98 455 Ρ.
128 423 376 464 romanos,
403 408 492 453 nisi
518 407 652 464 prius
676 407 873 453 adesset
898 408 1222 452 commoditas
1246 408 1431 461 domus,
1461 408 1668 452 ecclesie

48 495 95 532 et
118 485 304 542 relique
330 485 612 530 necessarie
637 485 933 541 prouisionis
967 485 1027 529 ad
1065 484 1460 530 intertentionem
1490 486 1541 529 14
1565 502 1668 541 per-

47 578 297 609 sonarum.
327 562 664 607 Fundationes
699 577 890 607 annuas
915 561 1202 618 immobiles,
1229 571 1277 607 et
1302 561 1469 607 firmos
1494 562 1671 607 fundos

50 640 262 686 nundum
286 639 544 693 habemus,
582 638 670 684 nisi
707 647 759 683 vt
792 654 943 695 supra
984 639 1078 684 dixi
1114 639 1173 684 de
1208 640 1369 696 domO,
1397 640 1590 695 capella
1624 649 1672 685 et

49 716 341 763 huiusmodi.
369 715 468 761 Sed
494 716 705 762 materia
730 724 803 762 est
827 717 957 772 apud
980 732 1069 761 nos
1093 717 1306 762 maxime
1341 717 1593 774 disposita.
1621 717 1670 763 Si

48 794 272 840 venirent
306 793 477 839 decem
513 793 672 849 simul,
699 793 758 839 de
789 793 1087 850 pr'ouismne,
1115 794 1436 851 habitatione,
1473 794 1667 851 viatico,

47 883 92 918 et
125 871 231 917 aliis
270 871 580 928 necessariis,
618 871 751 916 nulla
790 871 885 916 erit
924 871 969 916 in
1008 871 1245 916 similibus
1279 872 1501 929 penuria,
1539 872 1672 917 nulla

47 948 291 995 obtinendi
327 947 605 993 difficultas.
642 947 1044 994 Patrimoniolum
1081 957 1320 1006 nostrum,
1359 949 1487 1005 quod
1521 950 1584 994 ad
1615 949 1674 995 50

46 1026 117 1072 vel
140 1025 197 1072 60
219 1034 361 1071 scuta
395 1040 560 1070 annua
595 1025 832 1081 ascendit,
861 1034 1070 1082 paratus
1099 1042 1206 1071 sum
1232 1026 1294 1071 ad
1318 1026 1465 1082 pedes
1499 1034 1671 1071 sancte

48 1103 319 1151 obedientie
354 1103 541 1148 offerre
576 1103 784 1161 qnando
819 1104 867 1148 el
893 1103 1138 1159 placebas
1172 1104 1256 1149 sed
1291 1104 1378 1149 hec
1414 1104 1526 1160 quid
1561 1113 1673 1149 sunt

46 1183 171 1228 inter
204 1181 389 1227 tantos?
424 1182 436 1205 1
476 1180 549 1226 Vt
583 1180 780 1226 tandem
816 1181 1128 1237 concludam,
1170 1185 1424 1238 qnnntnnz
1458 1181 1530 1226 ad
1562 1182 1670 1226 nn't-

48 1259 224 1305 tendos
247 1259 450 1315 Patres,
478 1258 608 1303 nn'ln'
627 1258 834 1303 videtur
854 1257 1218 1314 (snhnn'ttendo
1239 1272 1318 1303 nee
1343 1258 1394 1303 in
1415 1258 1673 1314 omnibns)

48 1336 183 1395 qnod
202 1336 247 1381 in
272 1335 440 1392 primis
464 1335 699 1391 optimum
724 1344 855 1380 esset
878 1335 1071 1380 mittere
1096 1335 1282 1392 aliquot
1301 1334 1535 1392 egregios
1560 1351 1671 1380 con-

48 1414 341 1467 cionatores,
369 1422 418 1458 et
443 1421 626 1469 quanto
651 1412 818 1468 plures
841 1411 1041 1466 fuerint,
1069 1422 1207 1458 tanto
1232 1413 1406 1458 melius
1431 1413 1539 1469 erit,
1567 1413 1670 1458 scio

49 1491 176 1548 quod
200 1490 245 1536 in
269 1491 534 1536 aduentum
561 1506 733 1536 eorum
757 1498 861 1536 tota
886 1491 1276 1536 commonebitur
1306 1490 1480 1536 ciuitas
1502 1492 1532 1535 ²².
1572 1490 1673 1535 Imo

49 1568 135 1625 ipsi
157 1567 359 1613 heretici
384 1567 576 1613 auidius
600 1567 804 1613 audiunt
826 1577 1024 1613 nostros
1059 1583 1207 1624 quarn
1242 1583 1411 1613 omnes
1437 1568 1566 1613 alios
1590 1582 1669 1612 cn-

50 1646 260 1691 cnllcztos
286 1652 322 1691 ³.
355 1644 557 1690 Interim
595 1645 752 1701 magis
786 1645 1171 1702 accingerentur
1203 1661 1374 1691 omnes
1408 1645 1468 1691 ad
1503 1661 1673 1702 proce-

51 1722 257 1768 dendum
284 1722 489 1768 vlterius
525 1731 573 1768 et
607 1722 1036 1768 inflammarentur
1071 1723 1133 1768 ad
1167 1722 1560 1780 promouendum
1595 1738 1672 1767 ne-

50 1800 251 1858 gotium,
289 1800 665 1846 considerantes
700 1801 1134 1858 promptitudinem
1168 1810 1217 1846 et
1249 1800 1562 1846 sedulitatem
1598 1816 1672 1846 ro-

50 1893 303 1924 manorum
331 1877 552 1935 Patrum,
580 1878 816 1924 mittendo
842 1878 981 1923 nobis
1005 1878 1256 1935 auxilium.
1286 1879 1487 1924 Interim
1523 1878 1673 1924 etiam

50 1956 417 2002 considerarem
437 1971 727 2014 processum
746 1956 955 2002 istarum
975 1966 1262 2002 nostrarum
1283 1972 1468 2014 rerum,
1493 1965 1541 2002 et
1560 1957 1671 2013 quid

50 2043 246 2080 senatus
270 2034 366 2092 (cui
390 2035 531 2081 breui
555 2034 966 2092 supplicationem
990 2034 1283 2092 offeremus)
1308 2036 1447 2081 nobis
1483 2035 1672 2080 fauoris

51 2113 301 2169 prestabit.
330 2112 582 2158 Foelicem
617 2113 799 2158 exitum
835 2113 898 2158 ab
932 2112 1002 2158 eis
1036 2122 1264 2169 expecto,
1293 2113 1374 2159 vbi
1399 2121 1547 2169 caput
1576 2128 1674 2157 om-

51 2189 178 2236 nium
202 2190 424 2236 dominus
447 2190 837 2247 Torquiniensis,
866 2189 945 2246 qui
976 2205 1104 2235 nunc
1129 2190 1194 2236 V.
1223 2190 1283 2235 R.
1312 2190 1504 2236 litteras
1528 2189 1672 2243 misit,

54 2282 344 2314 consensum
369 2283 511 2313 suum
536 2267 606 2313 eis
629 2268 870 2314 ostendet.

99 2344 143 2391 8.
194 2345 435 2392 Officialis
455 2345 604 2392 etiam
624 2346 1026 2393 reuerendissimi
1044 2346 1201 2392 nostri
1218 2344 1527 2391 tornacensis
1544 2343 1676 2400 cupit

56 2423 217 2469 omnia
241 2439 332 2469 sua
356 2439 625 2482 exponere,
654 2433 707 2470 vt
731 2424 846 2470 mihi
870 2425 1051 2482 pluries
1075 2424 1212 2482 dixit,
1240 2433 1293 2469 vt
1316 2422 1569 2479 negotium
1594 2437 1675 2466 no-

99 2601 116 2622 a
160 2607 280 2642 quam
299 2595 477 2643 reliquos
496 2608 635 2633 omnes
654 2595 897 2643 relligiosos.

101 2757 111 2777 ¹
158 2757 322 2804 JOANN.,
344 2758 418 2801 VI,
437 2758 472 2795 9.

100 2815 113 2836 ²
167 2816 393 2863 «Quantum
421 2818 546 2866 igitur
572 2818 669 2856 mihi
697 2819 869 2865 videtur,
911 2819 1057 2856 bonum
1091 2823 1197 2855 esset
1226 2817 1388 2854 mittere
1420 2822 1513 2854 ante
1545 2818 1679 2854 omnia

56 2875 354 2914 concionatores
374 2878 565 2925 egregios
583 2878 648 2916 3⁸5
669 2883 738 2915 aut
756 2879 847 2925 41,
875 2883 915 2915 et
935 2878 1065 2925 potius
1085 2890 1155 2914 sex
1173 2877 1307 2914 simul:
1329 2882 1440 2914 tanto
1459 2877 1609 2924 plures,
1631 2890 1679 2914 eo

56 2935 211 2973 melius.
243 2936 409 2974 Interim
436 2938 788 2975 consideraremus
815 2951 1045 2985 processum
1067 2938 1334 2984 negotiorum.
1358 2937 1478 2974 Multi
1499 2938 1593 2981 (non
1611 2937 1679 2974 du-

56 2993 151 3040 bito)
171 2996 383 3034 ostendent
401 2997 593 3034 affectum
613 3010 729 3034 suum
756 2998 822 3034 vbi
849 2998 1022 3035 viderint
1050 2996 1222 3033 fructum
1252 3002 1534 3043 exurgentem.
1564 2995 1679 3033 Tunc

59 3054 276 3092 rescribam
298 3056 347 3093 ad
365 3069 451 3094 rem
471 3058 602 3105 magis
621 3062 810 3095 certam.»
832 3057 884 3094 Β.
