2043 3467
376 266 423 302 46
844 267 1062 305 LITTERAE
1091 269 1444 315 QUADRIMESTRES

390 360 408 373 ,-

386 375 428 406 o.
497 361 770 407 Dominicis
795 371 843 407 et
866 362 1004 408 festis
1029 363 1198 410 diebus
1232 375 1516 412 nostrorum
1551 368 1725 424 aliquis
1757 384 1952 426 semper

327 437 652 483 concionatur
697 439 890 495 populo.
939 439 1197 487 Preteritis
1232 442 1336 487 istis
1375 443 1546 489 diebus
1589 445 1659 490 M.
1701 445 1950 504 Johannes

325 513 455 559 Redt
479 514 648 560 habuit
672 515 947 561 orationem
972 518 1355 573 quotlubeticam
1381 520 1439 564 de
1463 520 1707 566 charitate
1731 523 1744 546 1
1766 538 1950 579 magna

326 605 434 636 cum
459 591 625 648 gratia
649 602 696 637 et
726 592 907 638 fructu.
941 593 1006 638 M.
1044 594 1344 641 Franciscus
1380 595 1620 643 Costerus
1655 598 1804 644 etiam
1840 615 1948 645 ora-

325 667 507 713 tionem
531 668 702 714 habuit
726 669 771 714 in
796 670 967 715 schola
991 671 1337 729 theologorum
1368 674 1413 718 in
1440 674 1610 731 vigilia
1634 675 1827 721 Natalis
1851 676 1949 722 Do-

325 745 455 799 mini,
483 756 746 802 praesente
771 755 967 792 rectore
991 748 1327 795 vniuersitatis
1352 751 1555 807 aliisque
1580 751 1701 797 viris
1724 769 1819 798 non
1850 753 1948 798 infi-

324 838 402 868 me
426 822 733 877 conditionis,
761 838 871 869 cum
896 826 1110 870 omnium
1135 843 1318 884 magna
1342 828 1682 874 satisfactione
1707 831 1737 875 2.

381 899 422 945 6.
488 899 602 957 jam
628 901 766 945 breui
790 916 970 946 nouum
1000 901 1294 950 intrabimus
1329 906 1607 962 collegium,
1646 908 1776 963 quod
1810 922 1947 953 sena-

322 986 400 1022 tus
425 976 716 1023 coloniensis
741 978 984 1035 magistro
1009 979 1221 1037 johanni
1246 981 1376 1028 Redt
1400 982 1445 1028 in
1469 983 1683 1039 gratiam
1708 984 1945 1030 studioso-

321 1069 446 1106 rum,
474 1054 596 1098 Vtin
628 1069 686 1099 eo
721 1054 1009 1113 doceantur,
1047 1059 1291 1103 concessit
1326 1060 1356 1115 3’;
1396 1075 1485 1105 1166
1518 1060 1799 1106 dubitamus
1833 1062 1946 1118 quin

321 1140 521 1175 senatus
556 1132 819 1188 collegium
849 1133 1008 1179 adhuc
1032 1150 1122 1190 pro
1146 1144 1250 1180 toto
1275 1136 1414 1182 nobis
1439 1137 1654 1194 donabit,
1682 1153 1828 1194 quam
1854 1139 1944 1195 pri-

319 1223 449 1252 mum
474 1207 745 1264 inceperint
769 1210 1056 1266 conspicere
1087 1211 1299 1258 fructum
1334 1229 1475 1270 quem
1509 1215 1665 1259 nostri
1701 1216 1838 1261 breui
1874 1217 1945 1272 (vt

320 1284 365 1329 in
390 1284 604 1330 Domino
629 1287 905 1343 speramus)
931 1287 1110 1334 facturi
1135 1300 1246 1334 sunt
1270 1293 1303 1335 ⁸¹.

379 1361 419 1408 7.
486 1362 640 1408 Rdus.
669 1363 890 1409 dominus
913 1365 1132 1424 Joannes
1157 1365 1451 1424 Grupperus
1475 1370 1507 1424 4,
1541 1369 1806 1426 singularis
1840 1370 1941 1416 fau-

318 1448 426 1484 ctor
451 1438 732 1498 Societatis‚
759 1442 965 1487 multum
990 1453 1250 1498 promouet
1274 1445 1477 1500 negotia
1497 1456 1667 1491 nostra
1692 1447 1820 1503 apud
1845 1464 1942 1493 om-

317 1530 420 1572 nes
453 1516 693 1572 singulari
717 1533 807 1562 sua
831 1518 1176 1565 beneuolentia
1211 1536 1307 1577 qua
1341 1537 1465 1578 erga
1498 1532 1695 1568 nostros
1730 1524 1942 1570 affectus

316 1598 402 1638 est.
431 1590 666 1639 Similiter
690 1594 1117 1653 Rdus.P1.p1ior
1141 1599 1462 1644 carthusiae5
1471 1601 1663 1655 bonus
1687 1602 1765 1647 ille
1790 1617 1941 1648 senex

318 1679 365 1715 et
390 1680 628 1726 patronus
652 1671 787 1729 facit3
815 1672 1022 1730 idipsum
1047 1683 1095 1719 et
1119 1675 1263 1720 amici
1288 1691 1456 1722 omnes
1480 1677 1681 1723 faciunt.

374 1746 416 1792 8.
484 1746 734 1804 Prospera
758 1749 919 1794 adhuc
945 1766 1114 1796 omnes
1139 1751 1351 1797 fruimur
1376 1754 1672 1811 valetudine,
1710 1755 1816 1801 laus
1849 1757 1941 1801 X.0

316 1822 444 1868 Dno.
487 1824 649 1869 Amici
688 1825 843 1870 nostri
883 1826 944 1871 D.
988 1825 1298 1885 Grupperus,
1340 1829 1399 1874 R.
1444 1830 1495 1875 P.
1539 1832 1673 1887 prior
1712 1843 1759 1878 et
1798 1833 1940 1878 amici

316 1915 486 1945 omnes
520 1901 782 1957 plurimum
815 1918 925 1948 sese
959 1906 1304 1952 commendant
1343 1906 1395 1952 P.
1430 1908 1496 1953 V.
1523 1907 1756 1955 Similiter
1780 1920 1827 1956 et
1850 1926 1939 1956 nos

315 1992 485 2023 omnes
510 1994 620 2023 cum
646 1989 750 2024 tota
773 1990 946 2025 nostra
970 1981 1173 2027 familia.
1202 1983 1353 2029 Rdos.
1391 1984 1568 2031 Patres
1601 1996 1649 2032 et
1677 1987 1863 2034 fratres
1892 1988 1939 2033 in

313 2053 523 2100 Domino
547 2056 836 2102 salutamus.
863 2057 995 2104 Bene
1020 2060 1188 2106 valeat
1221 2060 1274 2106 P.
1303 2061 1369 2106 V.
1407 2062 1606 2119 Raptim
1640 2063 1879 2111 Coloniae
1913 2065 1939 2111 2

314 2130 539 2190 Januarii
567 2132 695 2177 1557.

402 2207 462 2253 R.
490 2208 544 2254 P.
571 2209 637 2254 V.
666 2225 842 2256 seruus
867 2211 1112 2269 indignus,

1116 2295 1141 2344 †
1173 2292 1486 2339 LEONARDUS
1518 2295 1721 2341 KEssEL
1755 2300 1780 2349 ἢ
1814 2297 1844 2342 ⁶.

359 2410 377 2428 ἃ
428 2411 552 2457 ⁴sze
568 2415 815 2457 sequuntur
831 2423 967 2459 usque
984 2415 1129 2461 raptim
1150 2417 1378 2461 exclusive,
1401 2429 1487 2455 non
1506 2423 1610 2456 sunt
1625 2420 1669 2456 in
1688 2420 1885 2458 Hansen.

360 2543 370 2562 ¹
423 2542 483 2579 Ita
502 2531 738 2580 dicebantur
755 2556 886 2590 genus
911 2545 1109 2591 quoddam
1136 2547 1449 2594 disputationum
1476 2549 1516 2585 in
1542 2550 1806 2588 universitate
1833 2552 1935 2588 colo-

310 2601 453 2645 niensi
475 2615 614 2639 mense
634 2603 836 2640 decembri
855 2604 995 2640 haberi
1014 2605 1171 2651 solitae
1192 2607 1232 2643 in
1251 2608 1395 2653 quibus
1413 2609 1519 2645 serio
1537 2610 1656 2646 simul
1676 2616 1715 2647 et
1732 2611 1865 2658 jocose
1885 2612 1934 2648 de

310 2661 490 2706 qualibet
521 2674 563 2698 re
595 2662 789 2709 disputari
820 2663 981 2700 licebat.
1016 2663 1079 2701 Cf
1110 2664 1470 2714 BRAUNSBERGER,
1504 2668 1555 2705 B.
1563 2668 1588 2696 ti
1613 2669 1737 2706 Petrz
1762 2671 1937 2707 Canz'szz'

311 2721 634 2766 epz'stztlae...‚I,
659 2721 737 2765 124
758 2721 840 2765 665;
860 2722 1050 2764 HANSEN
1071 2725 1145 2761 106
1167 2726 1247 2767 cit.
1269 2725 1349 2762 285.

357 2779 369 2798 ²
421 2778 484 2816 Cf.
505 2780 748 2825 POLANCUM,
772 2782 932 2826 Chion
954 2782 1028 2826 VI,
1048 2783 1128 2820 418.

355 2839 368 2858 a
419 2839 525 2876 Vide
545 2840 713 2878 inferius
733 2842 846 2888 epist.
868 2840 1037 2879 Somalii
1055 2842 1101 2879 23
1119 2843 1270 2882 Martii.
1294 2844 1526 2893 Collegium
1550 2848 1650 2884 illud
1674 2848 1818 2886 dicitur
1846 2863 1932 2887 «no-

310 2910 424 2934 vum»
447 2904 515 2935 aut
539 2900 882 2938 «tricoronatum».

355 2958 368 2976 ⁴
418 2957 525 2995 Vide
544 2972 636 3005 pag.
657 2959 691 3001 2,
713 2966 846 2998 annot.
871 2961 902 2997 1.

354 3017 367 3036 ⁵
418 3016 628 3055 Gerardus
648 3019 985 3057 Hammontanus.
1007 3021 1121 3067 Ibid.‚
1143 3029 1276 3060 annot.
1299 3023 1332 3060 2.

356 3076 369 3095 ⁶
420 3075 527 3114 Vide
546 3091 638 3124 pag.
660 3081 694 3123 4,
717 3085 852 3116 annot.
873 3080 907 3117 3.
