1971 3369
306 199 373 236 188
773 198 994 235 Lirifflmiz
1022 197 1112 241 Qui
1123 206 1377 232 pumuzswes

257 305 379 351 tres,
407 304 636 353 quatuor,
672 295 749 339 uel
784 294 933 340 etiam
970 293 1181 351 quinque
1218 291 1360 337 simul
1395 291 1659 348 aliquando
1694 291 1886 337 decum-

256 373 376 418 bant
400 371 768 417 infirmitatibus
790 371 922 417 haud
947 371 1232 425 leuioribus;
1256 369 1650 426 quandoquidem
1673 368 1887 425 quotidie

257 466 380 506 pene
417 459 631 507 quatuor
665 450 743 495 uel
778 450 1005 507 quinque,
1042 447 1307 506 aliquando
1342 447 1491 492 etiam
1523 455 1712 503 septem
1746 462 1887 492 suum

258 528 442 573 obeunt
465 527 607 572 diem.

315 605 357 650 6.
428 604 557 661 Quid
581 612 741 661 putas,
769 604 829 650 R.
854 603 926 661 P.,
948 604 1252 661 potuerimus
1270 619 1478 661 aggere,
1502 603 1691 648 ciuibus
1711 602 1778 648 ita
1797 602 1886 647 dis-

256 682 447 738 tractiS‚
495 681 817 738 perturbatis,
860 681 1056 727 'vexatis
1096 697 1156 727 ac
1200 696 1324 738 pene
1368 680 1638 737 oppressis?
1670 678 1888 724 Maxime

258 775 368 805 cum
408 774 496 816 per
531 758 736 804 multum
769 759 1009 815 temporis
1043 775 1134 804 nec
1168 759 1400 814 templum
1440 758 1637 814 aperire
1676 756 1885 814 licuerit,

258 837 448 884 nemine
472 835 747 882 cesarianis
781 836 1013 882 militibus
1047 836 1416 882 communicare
1450 835 1683 881 audente?
1707 833 1771 879 Et
1794 833 1885 890 pri-

257 915 347 960 mis
372 914 566 972 quidem
602 914 868 972 mensibus,
895 930 1017 972 quos
1051 913 1257 970 singulis
1292 912 1549 958 dominicis
1574 912 1746 957 diebus
1772 911 1888 957 diui-

259 1009 322 1039 na
345 992 666 1050 frequentare
689 1002 1008 1038 sacramenta
1032 992 1404 1038 institueramus
1438 991 1600 1048 (erant
1616 999 1789 1036 <autem
1812 1005 1887 1035 su-

257 1086 349 1128 pra
371 1070 464 1128 30),
493 1070 789 1116 detinuimus
823 1070 869 1116 in
903 1069 1084 1127 officio;
1112 1070 1197 1115 sed
1232 1069 1697 1127 ingrauescentibus
1727 1067 1886 1126 malis,

258 1149 412 1195 veluti
442 1148 523 1194 filii
553 1147 709 1197 Israel
744 1164 840 1195 non
874 1148 1259 1207 acquiescebant
1293 1147 1451 1204 Moysi
1489 1155 1692 1204 propter
1731 1161 1884 1203 angu-

257 1227 404 1273 stiam
437 1227 637 1284 spiritus
672 1235 720 1272 et
753 1242 876 1283 opus
906 1226 1236 1280 durissimum,
1264 1226 1409 1282 quod,
1437 1225 1599 1282 iniquo
1624 1224 1885 1270 Pharaone

258 1304 470 1350 addente
506 1304 730 1349 laborem
768 1304 944 1361 labori,
973 1304 1173 1360 explere
1208 1303 1521 1359 cogebantur
1555 1303 1586 1359 ¹3
1623 1302 1691 1347 ita
1725 1310 1772 1347 et
1807 1301 1884 1346 isti

258 1381 343 1427 vix
378 1381 704 1427 admittebant
728 1382 886 1427 verba
910 1381 1085 1437 quibus
1119 1381 1181 1425 ad
1217 1379 1505 1437 patientiam
1535 1379 1882 1436 hortabantur3

257 1475 371 1504 nam
405 1458 726 1515 frequentare
760 1454 1088 1504 sacramenta
1106 1458 1188 1503 vix
1212 1457 1359 1514 aliqui
1383 1456 1672 1514 potuissent,
1699 1465 1802 1501 tum
1825 1471 1885 1502 ne

259 1536 433 1581 domos
458 1535 536 1582 uel
559 1535 605 1581 in
630 1535 747 1592 ipsis
772 1535 995 1580 domibus
1029 1535 1161 1580 solas
1194 1535 1321 1580 inter
1356 1534 1533 1580 milites
1571 1533 1800 1579 mulieres
1823 1533 1888 1579 di·
1958 1587 1959 1590 Ἰ

260 1612 527 1668 mitterent,
555 1621 658 1658 tum
682 1612 831 1658 etiam
857 1621 910 1657 vt
933 1612 1024 1657 illis
1049 1621 1214 1658 essent
1239 1610 1492 1667 obsequio,
1520 1611 1715 1667 quando
1740 1610 1887 1656 etiam
1955 1655 1958 1658 Δ

258 1690 450 1735 seruire
484 1689 576 1735 illis
611 1690 940 1746 cogebantur.
967 1689 1192 1734 Fuerunt
1225 1698 1392 1734 tamen
1426 1688 1590 1746 aliqui,
1627 1688 1740 1733 licet
1773 1703 1886 1745 pau—

259 1767 457 1825 cissimi,
486 1767 565 1824 qui
592 1783 841 1823 nunquam
869 1767 947 1812 uel
971 1782 1090 1812 raro
1115 1766 1387 1812 omiserunt
1416 1765 1671 1812 dominicis
1700 1765 1885 1822 diebus,

261 1852 371 1901 post
405 1859 608 1889 suorum
650 1852 971 1900 peccatorum
1012 1843 1390 1901 confessionem,
1428 1858 1628 1889 sacram
1667 1842 1887 1889 euchari·
1956 1840 1958 1846 ’

260 1922 405 1967 stiam
431 1921 705 1978 percipere.

314 1999 360 2045 ¹7.
428 1998 721 2044 Doctrinam
762 2014 929 2044 xnam.
973 2008 1022 2044 et
1060 2014 1342 2044 sermonem
1386 2013 1535 2055 super
1574 1998 1888 2054 euangelium

261 2076 517 2123 dominicis
540 2076 710 2122 diebus
735 2092 765 2121 a
790 2076 998 2133 prandio
1018 2077 1062 2122 in
1084 2086 1256 2122 nostro
1275 2076 1459 2133 templo
1478 2076 1650 2122 haberi
1674 2075 1885 2133 solitum,
1954 2079 1956 2125 Q

261 2155 346 2201 sed
379 2154 634 2212 premissis
658 2154 716 2199 de
741 2154 906 2200 causis
940 2154 1035 2200 iarn
1071 2154 1321 2211 omissum,
1349 2153 1485 2199 initio
1509 2153 1651 2199 huius
1680 2153 1887 2211 quadra-
1948 2156 1952 2197 ,ἰ

261 2233 482 2290 gesimae
506 2232 877 2289 resumpsimus;
905 2232 1006 2287 sed,
1035 2233 1097 2278 ob
1121 2247 1281 2278 meam
1307 2231 1465 2277 minus
1489 2247 1783 2289 prosperam
1809 2247 1888 2278 va·
1944 2275 1947 2278 ,

263 2309 544 2367 letudinem‚
571 2325 601 2354 a
625 2309 873 2354 dominica
897 2309 956 2355 de
980 2309 1211 2366 passione
1247 2308 1539 2354 continuare
1564 2309 1885 2366 nequiuimus;

262 2387 348 2433 sed
372 2387 469 2433 iam
491 2395 602 2444 post
626 2394 858 2432 octauam
882 2386 1098 2443 paschae
1123 2401 1408 2444 pergemus,
1435 2385 1544 2431 Deo
1575 2395 1822 2432 annuente
1854 2391 1885 2443 ³,
1921 2402 1923 2405 ·

262 2474 490 2511 nostrum
515 2464 787 2516 institutum
810 2464 1057 2521 prosequi.
1946 2507 1947 2510 ,

321 2542 365 2588 8.
432 2542 631 2588 Interea
665 2542 792 2588 inter
826 2550 900 2587 tot
933 2542 1082 2599 mala,
1118 2550 1290 2599 preter
1323 2541 1710 2587 consolationem
1744 2555 1888 2598 quam
1944 2547 1945 2550 ’

263 2620 431 2666 conati
454 2635 623 2666 sumus
646 2619 847 2666 adferre
880 2619 949 2666 ita
983 2620 1164 2665 misere
1188 2619 1405 2677 vexatis,
1432 2627 1534 2665 tum
1557 2618 1667 2664 illos
1690 2618 1886 2664 hortan-
1942 2617 1948 2658 ἕ

264 2697 326 2742 do
351 2705 405 2742 vt
428 2697 674 2754 patienter
697 2697 903 2755 ferrent,
929 2704 1032 2743 tum
1065 2696 1443 2754 magistratibus
1476 2694 1885 2752 commendando,

311 2874 328 2894 ὃ
374 2867 498 2904 Haec
516 2866 548 2902 2
561 2877 628 2902 vv.
647 2870 787 2911 supra
805 2875 915 2902 vers.
938 2863 1090 2901 eadem
1111 2875 1251 2901 manu
1270 2865 1448 2910 scripta.

315 3023 325 3042 ¹
381 3021 445 3061 Cf.
466 3021 616 3067 ExoD.‚
637 3020 693 3068 V,
712 3021 736 3057 5
752 3033 838 3068 sqq.
