1900 3380
504 221 825 257 iia—Birrmm
852 223 873 255 Γ)
901 221 1139 256 Famosum
1172 223 1260 257 isos
1581 222 1651 257 545

65 317 302 364 fitentium
332 326 380 361 et
415 316 806 361 communionem
844 316 1261 372 frequentantium
1300 318 1463 367 turba,
1501 333 1692 372 preces,

64 405 182 440 vota
216 404 263 438 et
298 394 537 449 obsequia
570 410 660 437 nos
690 393 1018 448 inuitantium,
1046 393 1326 438 animarum
1351 394 1559 450 denique
1583 409 1694 438 con-

0 489 1 492 *
63 471 242 525 uersio,
269 471 561 521 consolatio,
588 471 834 526 promotio
869 479 1280 515 commonstrant.
1319 469 1594 516 Obruimur
1630 471 1694 515 in-

63 548 254 594 terdum
289 548 351 592 ad
378 547 516 593 verbi
541 547 866 593 ministerium
891 562 980 592 nos
1008 547 1290 591 vocantium
1318 547 1462 599 votis,
1491 549 1616 593 adeo
1643 558 1694 592 Vt

62 624 279 670 inferias
298 624 598 669 sacramenti
618 640 647 669 a
664 623 1159 679 claromontensibus,
1181 625 1543 681 ryomensibus,
1563 640 1693 669 mon-

62 690 378 742 tiferranaeis
402 706 449 741 et
473 696 685 740 aliorum
711 696 1002 752 oppidorum
1029 695 1220 740 ciuibus
1244 695 1512 740 desiderati
1547 695 1693 741 fueri-

62 788 182 823 mus:
215 774 299 818 sed
325 773 715 818 claromontanis
739 789 796 818 ac
824 772 1097 818 biliomaeis
1120 772 1441 817 ministerium
1468 783 1694 817 nostrum

62 851 321 896 dumtaxat
343 849 625 905 impendere
650 850 915 905 potuimus.
943 848 996 893 In
1028 850 1295 893 aduentum
1332 859 1380 894 et
1414 849 1692 905 quadrage-

59 927 230 973 simam
265 926 570 983 potissimum
600 926 742 971 huius
766 926 878 971 anni
903 926 1168 970 multorum
1193 926 1423 981 precibus
1448 926 1559 972 hinc
1582 927 1694 972 inde

62 1013 260 1049 strenue
279 1012 525 1048 certatum
549 1012 638 1048 est.
666 1003 978 1059 Ryomenses
1001 1017 1061 1047 ac
1087 1003 1427 1058 bryoudenses
1452 1003 1607 1048 literis
1632 1003 1695 1048 acl

61 1079 342 1137 episcopum
365 1080 816 1125 claromontensem
842 1079 1003 1125 missis
1027 1094 1232 1135 operam
1265 1095 1427 1124 meam
1461 1080 1692 1135 proxima

61 1157 446 1214 quadragesima
466 1157 795 1214 expetierunt3
824 1158 910 1202 sed
934 1157 1193 1213 episcopus
1218 1156 1567 1213 ryomensibus
1593 1172 1693 1201 ma-

58 1234 133 1293 gis
152 1234 293 1284 fauit,
316 1235 494 1291 quippe
515 1234 593 1291 qui
614 1250 734 1279 suae
753 1235 1040 1280 dioeceseos
1059 1243 1188 1287 sunt;
1212 1243 1360 1290 atque
1380 1234 1693 1279 illustrissimi

58 1312 263 1358 nominis
296 1312 426 1368 apud
461 1327 706 1357 aruernos
741 1314 802 1357 ob
838 1312 1181 1368 magistratus,
1221 1311 1509 1356 eruditionis
1546 1320 1695 1367 atque

59 1389 339 1435 diuitiarum
365 1390 745 1446 praestantiam.

112 1466 155 1512 3.
222 1467 375 1512 Pater
400 1483 522 1512 vero
546 1466 879 1523 Hieronymus
914 1464 1284 1511 biliomensibus
1318 1466 1445 1510 hanc
1481 1465 1693 1521 quadra-

0 1575 1 1586 ,
57 1545 295 1602 gesimam
329 1544 646 1600 euangelium
682 1543 996 1595 ministrabit,
1036 1541 1221 1587 Christi
1257 1542 1433 1587 fauore
1458 1541 1688 1599 propitio;

58 1636 150 1678 quo
176 1620 370 1677 quidem
395 1621 665 1677 aspirante,
702 1631 803 1665 tum
838 1620 1173 1676 Magdalenae
1209 1631 1311 1664 tum
1346 1619 1576 1663 Marthae
1610 1634 1693 1675 ge-

57 1698 184 1751 mino
208 1697 371 1743 officio
398 1698 572 1743 dextre
596 1713 748 1754 supra
773 1712 970 1742 omnem
994 1712 1131 1752 spem
1158 1696 1399 1752 fungitur.

112 1776 153 1820 4.
221 1775 474 1832 Quantum
500 1790 622 1820 vero
647 1774 710 1819 ad
745 1783 1175 1819 sacramentorum
1211 1773 1690 1818 administrationem

56 1853 244 1902 attinet,
272 1868 427 1909 aegre
452 1853 645 1905 credas,
674 1852 840 1905 Pater,
869 1867 1017 1908 quam
1042 1860 1148 1896 toto
1174 1866 1305 1896 anno
1336 1851 1566 1907 occupati
1589 1850 1690 1896 fue-

58 1929 222 1980 rimus,
268 1929 575 1986 potissimum
614 1928 831 1979 Biliomi,
876 1929 957 1973 vbi
1006 1936 1205 1985 praeter
1244 1928 1502 1984 Vtriusque
1542 1943 1692 1972 sexus

56 2007 234 2052 ciuium
259 2006 494 2052 infinitum
519 2022 643 2062 pene
666 2022 946 2059 numerum,
973 2006 1179 2062 singulis
1215 2006 1465 2050 mensibus
1500 2005 1689 2050 schola-

19 2141 22 2144 ⁴
55 2084 176 2140 stici,
218 2085 365 2129 modo
401 2084 670 2141 quingenti,
710 2084 855 2128 modo
896 2083 1211 2140 septingenti,
1256 2083 1403 2128 modo
1453 2082 1692 2139 nongenti

57 2161 266 2207 confessi
291 2171 418 2206 sunt.
448 2161 709 2206 Accedunt
733 2161 861 2206 enim
886 2160 948 2205 ad
972 2160 1302 2205 millenarium
1335 2175 1612 2216 numerum,
1650 2159 1691 2205 si

56 2238 511 2294 alphabetariorum
537 2238 766 2294 (quorum
801 2237 1183 2283 erudiendorum
1220 2253 1343 2282 cura
1377 2236 1689 2293 paedagogis

54 2315 282 2371 priuatim
318 2315 573 2371 incumbit)
608 2324 885 2365 cateruam,
924 2314 1144 2359 classicis
1184 2314 1495 2359 auditoribus
1535 2329 1689 2358 annu-

55 2406 229 2437 mereS.
271 2392 630 2449 Benignissime
664 2391 798 2451 Jesu,
837 2402 1051 2448 quantus
1085 2391 1400 2437 orthodoxae
1436 2390 1688 2447 religionis

55 2465 245 2513 fructus
269 2484 294 2513 e
319 2468 642 2514 confessionis
666 2468 1065 2525 frequentatione
1090 2468 1175 2514 tibi
1202 2468 1430 2513 accessit!

46 2555 49 2558 ’
110 2544 152 2590 5.
217 2544 529 2590 Infirmorum
569 2545 720 2590 aedes
758 2545 989 2591 accersiti
1022 2545 1401 2602 frequentamus
1436 2535 1687 2600 poeniten-

53 2620 149 2667 tiae
171 2622 631 2679 alexipharmacum
654 2623 1007 2680 expetentium,
1035 2622 1210 2678 quibus
1234 2621 1488 2667 vberrima
1512 2636 1686 2666 conso-

53 2696 167 2744 latio
191 2700 486 2745 suauissimo
512 2699 696 2745 Christi
720 2700 895 2756 spiritu
918 2699 1340 2745 subministratur.
1377 2697 1586 2754 Quoties
1609 2713 1686 2743 so-

54 2773 218 2820 lennes
239 2775 490 2821 imminent
508 2775 682 2829 feriae,
705 2776 963 2822 obruimur
983 2776 1046 2821 ad
1065 2774 1390 2820 confessionis
1409 2774 1685 2820 antidotum

53 2854 451 2899 concurrentium
492 2853 697 2899 affluxu.
734 2852 990 2910 Superiori
1031 2852 1341 2897 hebdomade
1380 2851 1443 2897 ob
1482 2850 1683 2909 jubilaei

53 2927 406 2986 indulgentiam
430 2930 641 2988 quinque
665 2930 838 2976 domus
862 2939 1067 2975 nostrae
1098 2928 1391 2974 sacerdotes
1415 2929 1686 2974 confessio-

52 3004 191 3051 nibus
223 3007 477 3053 audiendis
512 3007 879 3064 occupatissimi
916 3006 1112 3060 fuimus,
1149 3006 1194 3050 in
1230 3021 1441 3062 quorum
1475 3021 1683 3051 numero

190 3100 356 3129 LITTERAE
377 3101 676 3134 QUADRIMESTRES.
698 3101 788 3128 TOM.
811 3100 847 3128 V.
1505 3100 1541 3127 35
