1909 3328
291 240 336 274 70
734 239 953 276 LITTERAE
980 240 1334 284 QUADRnuESTREs

221 333 324 370 Cod.
346 335 409 371 44.
439 335 474 371 Y
470 336 564 372 olet.
586 334 673 380 12⁰,
695 334 796 371 alias
822 334 856 371 T
853 335 1052 371 oletanae
1066 335 1321 381 provinciae
1339 335 1529 380 catalog-z·
1544 335 1843 373 15504599,-

290 393 333 429 In
353 394 425 431 hac
445 400 485 431 et
503 395 699 431 similibus
718 395 997 441 catalogorum
1023 394 1328 431 collectionibus
1354 394 1454 431 haec
1481 399 1541 431 est
1572 395 1748 432 maxima
1773 395 1844 432 dif-

290 453 458 498 ficultas,
475 455 593 501 quod,
615 460 658 491 ut
677 454 850 498 videtur,
867 453 1044 500 catalogi
1062 453 1327 491 mittebantur
1345 466 1435 491 cum
1454 454 1600 491 litteris
1618 454 1844 501 quadrime-

288 513 435 550 stribus
454 519 523 551 aut
541 514 699 557 annuis,
720 514 833 551 nulla
851 513 988 550 addita
1006 526 1129 561 saepe
1148 513 1341 560 temporis
1360 514 1579 559 notatione;
1607 526 1712 551 nunc
1731 527 1840 559 vero,

289 573 486 620 catalogis
505 574 556 611 ab
574 574 655 610 illis
674 573 820 611 litteris
838 573 1005 616 avulsis,
1022 572 1184 610 difficile
1204 578 1264 609 est
1280 585 1418 610 eorum
1438 578 1596 621 tempus
1614 573 1793 611 definire.

219 632 325 670 Cod.
347 633 411 670 45.
444 634 574 671 Varia
594 633 806 678 Historia,
836 633 885 671 II.
917 632 980 671 Cf.
1010 633 1206 670 Monam.
1237 632 1396 679 Jguat„
1425 645 1504 671 ser.
1537 634 1604 679 La,
1633 633 1663 680 Ι,
1696 634 1741 671 48
1767 635 1843 679 (co-

287 693 363 729 dex
381 692 455 739 46).

218 751 323 789 Cod.
356 752 420 788 46.
448 752 588 790 Vellet.
616 751 957 791 IOO.-Continet
983 752 1299 800 quadrimestres
1326 757 1366 789 et
1392 765 1547 789 annuas
1578 753 1842 800 collegiorum

288 812 519 860 provinciae
539 818 712 850 venetae
731 812 781 850 ab
800 825 906 849 anno
927 812 1018 849 1558
1035 813 1085 849 ad
1103 824 1253 849 annum
1276 811 1377 850 1584.

287 872 394 910 Fere
413 885 553 910 omnes
571 873 741 915 codices,
763 884 862 919 quos
881 872 1223 918 enumeravimus,
1253 871 1454 919 duplicem
1481 872 1631 909 habent
1657 872 1841 910 foliorum

216 932 476 978 notationem3
505 932 773 980 antiquiorem
802 932 843 968 in
869 944 1058 979 suprema
1087 944 1155 969 ora
1182 931 1370 979 paginae,
1400 932 1667 969 recentiorem
1686 932 1727 969 in
1745 932 1838 970 ima.

216 992 335 1029 Hanc
353 1005 425 1029 nos
443 992 571 1039 primo
589 993 676 1029 loco
694 991 972 1037 indicavimus;
993 991 1168 1029 secundo
1183 1003 1279 1028 vero
1298 991 1384 1028 loco
1404 991 1684 1038 antiquiorem.
1708 991 1841 1037 Quan—

217 1053 266 1089 do
285 1065 382 1089 vero
401 1052 521 1089 tertia
537 1051 710 1088 filiorum
725 1051 878 1088 notatio
893 1050 933 1087 in
948 1051 1145 1098 superiori
1161 1050 1346 1097 margine
1362 1051 1515 1095 aderat,
1532 1051 1635 1088 hanc
1650 1051 1771 1088 etiam
1786 1052 1841 1089 in-

217 1109 452 1152 dicavimus,
473 1113 542 1146 aut
561 1108 668 1145 intra
686 1108 962 1156 parenthesin,
984 1113 1054 1145 aut
1072 1108 1301 1155 praeposita
1319 1107 1518 1155 particula
1537 1110 1680 1151 antea,
1699 1111 1838 1154 prius.
