1900 3380
482 236 768 274 l9l.—G1-:NUA
799 236 812 272 1
843 235 1107 274 SEPTEMssms
1138 235 1230 272 1558
1560 232 1630 270 789

33 333 241 380 cendum
266 332 502 378 arbitror.
532 332 658 377 Nam
684 333 910 389 quamuis
935 348 1031 378 non
1051 341 1223 389 pateat
1242 330 1336 376 illis
1355 330 1418 376 ad
1438 330 1678 376 sacellum

34 421 257 457 nostrum
282 410 464 467 aditus,
492 419 657 456 tamen
688 411 734 455 in
770 411 893 456 aede
927 410 1090 455 Diuae
1126 409 1321 455 Mariae
1356 408 1507 453 aliam
1543 407 1680 464 ipsae

34 503 257 534 seorsum
281 487 554 544 spiritalem
579 488 838 533 cohortem
863 487 1160 543 conflarunt,
1188 501 1317 543 quae
1337 501 1451 531 cum
1472 483 1681 541 singulis

33 565 204 611 diebus
228 564 369 609 festis
392 564 679 620 frequentes
703 565 766 609 ad
791 580 991 610 sacram
1016 563 1246 620 synaxim
1271 563 1533 618 accedant,
1562 562 1680 606 mul·

34 653 84 688 to
108 652 272 687 tamen
298 641 664 698 frequentiores
688 651 801 687 sunt
827 642 870 687 in
896 641 1036 686 festis
1061 641 1347 685 solennibus
1382 638 1681 696 praesertim

35 720 289 776 Deiparae
314 719 554 775 Uirginis,
582 719 709 764 adeo
735 728 787 764 ut
811 718 1109 764 confessarii
1133 718 1289 763 nostri
1315 717 1432 773 ipsis
1464 732 1559 761 non
1585 715 1683 761 suf-

36 797 260 854 ficerent,
288 796 377 842 nisi
402 797 449 841 in
474 797 599 842 alios
625 796 886 842 differrent
910 796 1014 840 dies
1034 795 1392 840 confessiones.
1417 794 1544 838 Hinc
1564 793 1681 838 effe-

37 885 169 921 ctum
194 884 269 920 est
293 884 345 920 ut
368 874 598 919 certatim
624 874 992 930 quodammodo
1017 873 1250 917 mulieres
1284 871 1440 916 nolint
1474 886 1683 916 numero

37 954 101 999 ab
124 952 402 997 hominibus
427 952 674 1008 superari,
705 952 831 996 vnde
856 951 1191 996 inueteratam
1227 949 1464 994 infamiae
1500 949 1680 1001 labem,

38 1046 135 1087 qua
169 1031 323 1086 vulgo
358 1040 502 1074 erant
536 1039 759 1086 notatae,
802 1029 1018 1073 abluisse
1059 1028 1155 1072 iam
1191 1027 1390 1071 omnino
1431 1026 1680 1076 videntur:

38 1110 191 1164 vulgo
216 1108 342 1153 enim
367 1119 413 1152 et
439 1107 619 1163 passim
647 1123 741 1151 uno
766 1122 854 1151 ore
879 1106 1246 1151 decantabatur
1271 1106 1382 1160 (nec
1416 1103 1683 1159 immerito)

38 1186 259 1231 homines
284 1201 566 1242 genuenses
592 1183 957 1242 procliu[io]res
977 1186 996 1203 *Ὗ
1021 1198 1130 1227 esse
1151 1182 1212 1227 ad
1233 1182 1416 1226 bonum
1436 1181 1682 1238 foeminis,

39 1279 166 1321 quae
193 1264 235 1308 in
274 1264 485 1308 uestium
522 1265 657 1308 cultu
692 1271 842 1318 atque
877 1270 1058 1306 ornatu
1095 1260 1201 1317 plus
1237 1274 1423 1316 operae
1454 1274 1602 1315 quam
1637 1258 1683 1302 in

39 1342 147 1387 aliis
173 1343 322 1387 rebus
346 1342 678 1397 collocabant,
708 1340 835 1397 quod
860 1340 958 1385 iam
984 1339 1175 1384 aboleri
1202 1347 1432 1393 coeptum
1453 1346 1544 1391 est,
1573 1352 1683 1382 cum

41 1421 254 1466 demisso
281 1420 491 1465 uestium
518 1419 666 1464 nimio
691 1427 958 1476 apparatu,
986 1417 1049 1463 ad
1075 1418 1257 1463 bonam
1282 1431 1335 1461 se
1360 1416 1459 1461 iam
1484 1415 1683 1472 frugem

45 1499 271 1555 recipere
296 1497 547 1553 incipiant.

98 1576 142 1622 3.
210 1575 422 1621 Praeter
447 1574 787 1620 confessiones
811 1573 1097 1619 ordinarias
1122 1579 1447 1618 accesserunt
1477 1579 1526 1615 et
1556 1571 1686 1615 aliae

42 1653 482 1699 extraordinariae
508 1668 602 1697 non
640 1668 849 1709 paucae,
886 1667 1001 1696 nam
1037 1666 1149 1696 cum
1185 1649 1477 1695 turcharum
1514 1649 1688 1694 classis

19 1747 169 1788 quae
203 1732 297 1776 hac
331 1740 526 1776 aestate
560 1741 735 1776 nostra
769 1731 894 1775 haec
933 1729 1095 1775 maria
1134 1728 1406 1783 infestauit,
1448 1742 1687 1783 magnum

43 1808 330 1855 incussisset
354 1809 583 1854 timorem
615 1807 874 1853 maritimis
909 1807 1048 1865 locis,
1085 1806 1353 1851 immunitis
1388 1805 1685 1862 praesertim

44 1896 193 1943 atque
218 1886 405 1944 paruis,
433 1885 693 1931 multitudo
717 1901 838 1931 sane
868 1900 1055 1941 magna
1090 1900 1152 1929 ex
1187 1883 1416 1929 omnibus
1447 1882 1521 1927 his
1556 1881 1687 1939 oppi-

44 1964 169 2009 dulis
193 1964 255 2009 ad
280 1964 410 2009 hanc
434 1962 673 2009 confluxit
696 1963 969 2019 ciuitatem,
997 1973 1236 2019 tanquam
1271 1961 1334 2006 ad
1369 1975 1570 2006 sacram
1605 1975 1688 2005 an-

44 2042 267 2099 choram;
296 2042 511 2097 videres,
539 2041 603 2086 mi
627 2040 796 2096 Pater,
823 2050 896 2086 tot
931 2040 1267 2097 pauperculas
1306 2039 1542 2084 mulieres
1575 2052 1687 2082 curn

45 2119 214 2165 liberis
237 2119 339 2165 suis
365 2118 669 2176 (miserabile
694 2118 823 2175 visu)
849 2134 1045 2163 omnem
1077 2133 1226 2175 quam
1261 2125 1496 2174 poterant
1530 2116 1687 2172 supel-

45 2197 259 2243 lectilem
305 2205 646 2254 asportantes,
693 2212 815 2253 prae
860 2191 1039 2241 timore
1085 2195 1170 2240 vix
1220 2210 1366 2251 posse
1416 2193 1684 2250 respirare.

48 2275 370 2320 Authoritate
395 2289 519 2331 ergo
543 2273 742 2330 publica
761 2283 963 2319 cautum
989 2282 1064 2318 est
1088 2282 1140 2317 ut
1160 2272 1499 2328 pauperculae
1519 2269 1688 2315 mulie-

47 2368 128 2397 res
151 2367 264 2397 cum
287 2351 396 2397 filiis
421 2351 521 2396 suis
545 2366 635 2407 per
658 2351 885 2397 oratoria
910 2350 1155 2408 quaedam
1180 2349 1398 2395 ciuitatis
1430 2349 1577 2406 (quae
1607 2363 1686 2393 ca-

44 2445 194 2475 sazze
228 2444 257 2474 a
293 2428 629 2486 genuensibus
653 2428 942 2486 dicunt[ur])
963 2427 1398 2479 distribuerentur,
1428 2426 1688 2482 victusque

47 2507 365 2552 necessarius
390 2522 453 2551 ex
477 2506 683 2562 publicis
717 2506 1029 2551 eleemosinis
1068 2504 1489 2561 suppeditaretur.
1517 2502 1687 2559 Atque

47 2594 101 2630 ut
124 2600 187 2629 ex
210 2584 304 2629 hac
328 2584 511 2628 misera
535 2582 695 2640 fug[a]
719 2594 766 2629 et
790 2583 1079 2629 calamitate
1104 2582 1282 2638 aliquis
1316 2581 1554 2637 spiritalis
1586 2579 1687 2625 fru-

49 2672 157 2707 ctus
180 2662 227 2707 in
246 2662 582 2718 pauperculas
600 2661 690 2706 has
710 2661 1032 2713 redundaret,
1055 2660 1117 2706 R.
1140 2659 1193 2705 P.
1216 2659 1279 2705 D.
1302 2659 1492 2705 Loarte
1511 2659 1687 2715 princi-

49 2756 135 2797 pes
159 2739 301 2785 huius
336 2738 590 2797 c[i]uitatis
625 2739 779 2796 uiros,
816 2739 993 2795 quibus
1026 2739 1151 2783 haec
1186 2746 1455 2783 cura·erat
1489 2737 1686 2782 deman·

52 2818 184 2874 data,
203 2817 454 2872 conuenit,
473 2816 739 2874 effecitque
757 2826 810 2862 ut
828 2833 925 2862 non
946 2816 1108 2861 minor
1131 2831 1256 2860 cura
1274 2815 1442 2860 tuendi
1463 2815 1689 2871 corporis

51 2910 198 2951 quam
233 2895 429 2940 animae
465 2894 751 2951 haberetur,
789 2903 938 2951 atque
973 2894 1042 2938 ita
1067 2893 1280 2949 seipsum
1305 2892 1582 2949 Patresque
1606 2907 1688 2938 no-

98 3063 117 3082 a
172 3063 440 3108 Consumpta
461 3062 615 3099 charta
634 3062 704 3098 hic
723 3065 763 3098 et
781 3060 902 3106 iufra
923 3062 969 3097 in
990 3061 1196 3097 extremis
1214 3060 1426 3097 versibus.
