1900 3380
492 221 902 259 173.-—SALMANTICA
931 232 1066 258 ΜΕΝεΕ
1093 221 1213 268 MAJO
1243 222 1333 258 1558
1616 220 1685 257 697

97 319 343 376 Imprimis
369 318 441 375 (vt
470 318 530 363 de
565 333 702 363 more
738 317 998 374 habemus)
1034 333 1294 362 numerum
1330 318 1500 374 accipe
1539 333 1729 373 eorum,

96 398 174 454 qui
200 398 246 442 in
270 396 363 441 hoc
387 395 601 452 collegio
627 404 1018 440 commorantur:
1048 410 1215 440 sumus
1241 394 1366 440 enim
1391 395 1596 451 triginta
1616 395 1728 451 diro,

95 476 224 521 inter
249 489 370 532 quos
395 482 507 518 sunt
531 488 709 518 nouem
731 473 926 527 Patres,
951 472 1124 528 reliqui
1145 481 1311 517 autem
1332 472 1535 528 fratres,
1558 481 1605 517 et
1625 471 1731 517 fere

95 568 267 598 omnes
291 551 513 609 (Christo
539 551 752 607 gratias)
778 550 938 595 salute
963 566 1207 606 prospera
1232 550 1571 606 perfruuntur,
1599 550 1732 606 quin-

96 646 189 688 que
214 627 559 675 tantummodo
583 628 821 684 exceptis,
849 643 1060 684 quorum
1086 637 1188 672 tres
1219 627 1433 672 tertiana
1459 627 1612 672 febris
1638 644 1735 672 non

96 707 260 753 multis
284 706 463 752 abhinc
488 705 676 759 diebus,
706 705 855 750 alium
882 720 1004 750 vero
1029 714 1277 761 quartana
1302 705 1481 750 iamdiu
1507 714 1580 750 est
1605 706 1733 762 quod

97 785 420 843 pertinaciter
459 792 674 839 torquet,
716 783 795 840 qui
840 793 1085 839 superest,
1127 783 1366 828 sacerdos
1406 792 1479 828 est
1518 783 1732 839 quidam,

97 864 177 921 qui
201 872 346 908 atrae
365 861 475 907 bilis
499 864 518 881 a
536 861 804 917 aliquando
824 860 996 905 furore
1016 869 1276 916 correptus
1296 860 1430 905 diras
1449 860 1635 917 patitur
1654 877 1736 906 an-

98 940 392 995 xietudines;
436 938 522 984 sed
556 938 600 983 in
638 937 836 982 Domini
875 937 1060 993 pietate
1100 936 1389 982 confidimus
1430 938 1585 994 ipsum
1625 953 1737 982 cum

97 1018 311 1065 caeteris
336 1017 540 1063 infirmis
559 1016 698 1061 breui
719 1015 781 1060 ad
803 1015 1051 1071 integram
1075 1015 1340 1061 sanitatem
1361 1013 1735 1060 restituendum.

157 1097 199 1142 2.
266 1095 411 1153 Quod
438 1110 560 1139 vero
585 1093 762 1139 attinet
782 1093 844 1138 ad
863 1093 1173 1149 spiritualem
1198 1092 1477 1149 profectum
1502 1093 1736 1149 omnium,

101 1185 175 1222 est
199 1174 426 1232 profecto
463 1173 507 1218 in
543 1188 639 1230 quo
675 1170 877 1216 Christo
913 1171 1127 1216 Domino
1162 1186 1359 1228 semper
1393 1171 1587 1227 gratias
1620 1187 1740 1229 aga-

102 1269 227 1299 mus.
256 1252 485 1297 Habetur
510 1249 639 1295 enirn
665 1258 848 1295 exacta
872 1263 995 1293 cura
1019 1263 1144 1304 erga
1169 1248 1515 1304 obedientiam,
1545 1250 1740 1305 regula-

101 1347 209 1377 rum
235 1329 640 1376 obseruationem
665 1336 714 1373 et
738 1325 1188 1383 mortificationem,
1216 1325 1261 1371 in
1282 1341 1379 1383 qua
1398 1326 1524 1371 adeo
1544 1326 1742 1371 assidue

100 1424 269 1454 omnes
301 1415 621 1461 exercentur,
659 1413 713 1450 vt
747 1403 975 1461 quamuis
1008 1403 1227 1459 alioquin
1261 1403 1416 1449 literis
1451 1413 1649 1460 vacent,
1692 1414 1742 1449 ut

100 1486 313 1543 collegio
348 1483 596 1539 conuenit,
634 1483 807 1528 forsan
843 1492 1028 1538 tamen,
1066 1482 1147 1539 qui
1177 1482 1223 1527 in
1258 1482 1405 1527 domo
1435 1482 1744 1538 probationis

102 1564 339 1620 existunt,
365 1562 411 1607 in
442 1562 536 1607 hac
560 1570 704 1618 parte
729 1560 822 1605 illis
846 1560 1062 1616 palmam
1088 1575 1184 1604 non
1210 1559 1438 1616 eripiant.
1461 1560 1654 1605 Placuit
1679 1560 1742 1605 di-

101 1642 247 1688 uinae
266 1639 575 1698 benignitati,
595 1648 646 1685 vt
670 1638 716 1683 in
741 1638 845 1683 dies
864 1638 910 1682 in
930 1637 1023 1682 hoc
1042 1637 1103 1683 sit
1124 1637 1330 1682 vberior
1349 1637 1622 1695 proiectus.
1646 1637 1742 1694 Qui

102 1720 232 1766 domi
258 1734 467 1765 munera.
491 1717 657 1774 aliqua
683 1717 883 1771 obeunt,
909 1715 1002 1761 illis
1028 1715 1291 1772 diligenter
1325 1731 1527 1772 operam
1563 1715 1742 1772 impen-

56 1838 59 1842 ,
102 1799 238 1852 dunt,
266 1807 416 1854 atque
440 1796 509 1842 ita
534 1805 728 1852 tempus
753 1794 1052 1840 distribuunt
1071 1794 1294 1851 singulis,
1321 1803 1371 1839 vt
1391 1794 1568 1845 ocium,
1593 1794 1742 1839 indul-

103 1875 447 1933 gentissimum
474 1873 710 1918 vitiorum
735 1887 935 1929 parenS,
963 1872 1246 1917 nullatenus
1276 1872 1405 1928 apud
1440 1872 1548 1917 illos
1584 1872 1743 1917 locum

106 1953 328 2000 inuenire
352 1952 522 2010 possit.

165 2032 208 2077 3.
280 2028 576 2077 Scholastici
601 2043 742 2085 vero,
770 2043 981 2085 quorum
1012 2027 1251 2073 tredecim
1287 2027 1607 2085 theologiam,
1645 2037 1747 2072 tres

106 2125 231 2155 vero
255 2108 569 2154 dialecticam
601 2116 649 2152 et
684 2105 1047 2163 philosophiam
1082 2103 1393 2161 profitentur,
1431 2120 1528 2150 non
1564 2104 1743 2150 medio-

107 2203 241 2233 crem
299 2185 534 2232 adhibent
593 2183 900 2240 diligentiam
959 2192 1061 2227 tum
1113 2182 1391 2238 audiendis,
1444 2191 1545 2227 tum
1596 2182 1745 2228 etiam

109 2264 389 2322 relegendis
433 2261 744 2308 lectionibus.
790 2260 844 2305 In
884 2266 1185 2317 Vnaquaque
1225 2271 1388 2305 autem
1433 2260 1747 2305 hebdomada

106 2343 352 2388 habentur
385 2339 612 2398 publicae
647 2338 1010 2395 conclusiones,
1048 2348 1197 2394 atque
1231 2338 1277 2383 id
1312 2337 1507 2394 quidem
1542 2338 1747 2383 alternis

108 2420 316 2477 vicibus,
343 2434 473 2465 nunc
497 2418 543 2463 in
568 2417 894 2474 philosophia,
922 2432 1051 2462 nunc
1071 2432 1194 2461 vero
1215 2416 1258 2460 in
1280 2416 1550 2473 theologia;
1574 2416 1749 2472 quibus

109 2499 352 2544 intersunt
375 2495 674 2552 scholastici,
702 2495 783 2540 alii
808 2494 1051 2552 ingeniosi
1072 2494 1212 2539 huius
1232 2494 1539 2550 academiae,
1561 2494 1643 2539 alii
1663 2510 1746 2551 ge-

110 2575 275 2622 nerosi
301 2585 348 2620 et
379 2574 614 2630 illustres3
653 2572 881 2629 collegae
915 2571 1062 2617 etiam
1097 2587 1160 2616 ex
1194 2571 1301 2616 aliis
1335 2571 1560 2628 collegiis
1596 2571 1748 2616 variis

109 2654 204 2698 huc
230 2652 521 2710 frequenter
545 2651 705 2695 solent
729 2649 1022 2695 aduentare.
1057 2648 1152 2704 Qui
1189 2648 1386 2704 quidem
1422 2664 1593 2694 omnes
1627 2649 1748 2694 satis

111 2729 358 2776 aedificati
383 2730 606 2785 beneque
631 2727 856 2784 persuasi
880 2727 1135 2777 recedunt,
1164 2735 1265 2771 tum
1285 2725 1344 2770 de
1363 2726 1623 2782 modestia,
1646 2736 1749 2772 tum

115 2808 264 2854 etiam
305 2807 365 2852 de
400 2804 600 2862 ingenio
635 2804 888 2861 literisque
922 2812 1206 2849 nostrorum
1242 2802 1471 2860 fratrum,
1509 2813 1557 2848 et
1590 2803 1636 2848 in
1671 2820 1750 2849 ar-

113 2884 347 2941 gue[ndo]
374 2883 394 2911 b
417 2882 608 2940 pariter
627 2890 676 2928 et
694 2881 1055 2938 respondendo.
1078 2879 1251 2926 Solent
1270 2880 1418 2926 etiam
1435 2882 1592 2927 nostri
1611 2881 1749 2927 scho-

159 3052 178 3071 a
229 3051 321 3088 vilis
341 3061 422 3088 ms.
478 3062 543 3089 -b
588 3050 792 3087 Abscissa
813 3049 979 3086 charta.
