1910 3380
564 204 652 240 52.»
678 204 854 242 CATANA
883 205 906 241 8
932 205 1042 252 MAJI
1073 206 1162 241 1557
1559 209 1628 245 215

26 299 192 345 ciliati
218 308 345 344 sunt.
374 298 525 354 quue
550 313 645 343 non
681 307 872 344 tantum
898 299 1024 344 inter
1048 299 1298 354 italenses,
1325 302 1409 346 sed
1435 303 1582 348 etiam
1608 304 1674 349 in-

44 386 119 422 ter
156 385 440 420 extraneos.
486 374 613 419 Nam
651 390 763 420 cum
801 375 1086 421 confratres
1130 387 1336 422 sanctae
1378 378 1617 424 Venerae
1659 383 1670 405 ¹

25 466 153 498 scum
190 451 500 497 confratibus
520 450 879 498 Giudimandre
905 453 936 509 ²,
964 453 1044 510 qui
1069 453 1484 500 Annunciationis
1510 456 1671 502 dicun-

33 539 136 586 tur,
179 528 457 574 inimicitias
497 529 741 587 fouerent,
783 540 931 586 atque
967 531 1141 576 modus
1177 532 1530 578 reconciliandi
1565 534 1673 579 illos

43 622 136 652 non
171 616 479 662 occurreret,
518 607 717 652 tandem
753 617 962 663 rogatus
996 623 1025 652 a
1060 607 1438 665 giudimandris,
1473 620 1526 654 vt
1561 626 1670 655 con-

41 683 231 729 cionem
256 682 473 739 aliquam
499 683 604 739 ipso
629 683 705 729 die'
731 683 1160 737 An11uneiationis,
1190 700 1286 741 quo
1310 691 1327 711 ³
1368 686 1534 742 plures
1559 703 1669 732 con-

41 759 382 805 fraternitates
408 760 481 815 (vt
508 771 690 805 vocant
711 759 747 816 1Ἰ)
772 760 1084 804 diuersorum
1105 761 1326 806 locorum
1346 774 1666 821 concurrunt,

41 852 116 882 me
151 836 359 881 libenter
394 836 487 881 illis
512 837 564 881 in
599 837 1031 893 pmedic(aorem,
1069 838 1182 882 istis
1216 853 1335 883 vero
1360 846 1375 866 0
1409 840 1670 886 confratri-

40 914 128 959 bus
151 922 356 958 sanctae
379 913 614 959 Venerae
639 914 690 959 in
716 914 1047 970 capellaniam
1070 914 1205 972 dedi,
1235 924 1287 961 vt
1309 916 1452 962 simul
1477 933 1669 963 mecum

40 992 100 1037 ad
124 991 254 1035 illam
278 991 646 1037 solemnitatem
671 1007 780 1037 sese
807 991 1110 1047 conferrent,
1137 993 1354 1039 diuinum
1382 995 1444 1039 ibi
1479 996 1668 1042 auditu-

39 1069 79 1114 ri
113 1067 344 1114 officium.
379 1068 525 1125 Quod
561 1069 676 1113 dum
711 1069 874 1114 debite
908 1070 1360 1126 processionaliter,
1390 1072 1535 1117 modo
1559 1088 1667 1124 suo,

39 1144 240 1201 faciunt,
278 1160 451 1190 munus
486 1146 636 1191 etiam
672 1146 816 1193 diuae
841 1146 1043 1203 Virgini
1079 1147 1515 1207 confratribusque
1538 1150 1556 1176 ‘¹
1578 1150 1670 1194 illis

39 1221 270 1267 offerunt.
314 1222 448 1267 Vnde
484 1223 547 1269 illi
582 1235 869 1271 nostrorum
903 1227 1228 1273 humilitatem
1263 1227 1407 1273 simul
1441 1238 1488 1272 et
1522 1227 1668 1272 deuo-

23 1299 219 1344 ·tionem
243 1302 654 1359 contemplantes,
682 1319 779 1348 non
814 1314 1081 1360 potuerunt
1115 1321 1211 1350 non
1245 1305 1441 1350 veniam
1478 1314 1665 1361 petere,

37 1386 182 1432 atque
207 1377 491 1422 conuiuium
517 1395 840 1438 praeparare,
873 1391 921 1426 vt
946 1383 1089 1428 simul
1113 1384 1408 1440 gaudenteS,
1436 1383 1481 1427 in
1508 1383 1667 1438 pristi-

34 1468 149 1498 nam
175 1453 394 1498 redirent
418 1456 700 1501 amicitiam.
732 1457 879 1514 Quod
903 1470 951 1504 et
975 1459 1161 1505 factum
1181 1470 1271 1506 est.
1569 1470 1572 1473 ’

93 1529 134 1575 4.
202 1529 331 1587 Quid
357 1532 542 1579 dicam?
564 1532 638 1578 Ita
664 1536 871 1591 populus
896 1536 972 1582 hic
997 1535 1236 1583 Societati
1260 1548 1464 1583 nostrae
1489 1548 1563 1583 est
1598 1537 1667 1582 af-

37 1607 208 1664 fectUS,
238 1617 290 1653 vt
314 1623 427 1654 cum
453 1610 621 1666 quinto
657 1612 771 1657 Maii
808 1612 933 1658 Itala
967 1615 1241 1671 discedens,
1279 1616 1418 1660 iuxta
1444 1615 1668 1660 volunta-

21 1693 133 1730 *tem
166 1684 276 1730 Rdi.
314 1685 366 1732 P.
405 1688 562 1733 nostri
595 1690 913 1744 prouincialis
937 1691 1022 1748 so.
1045 1692 1308 1749 jeronimi
1329 1694 1344 1717 3
1373 1708 1548 1737 versus
1572 1691 1665 1737 Ca-

36 1760 263 1807 thaneam
298 1762 392 1808 iter
426 1764 653 1811 facturus
685 1774 716 1823 e,
747 1768 966 1814 multum
989 1783 1044 1814 se
1064 1774 1283 1826 propter
1307 1774 1541 1815 nostram
1564 1770 1666 1815 a'is-

18 1851 235 1884 ffcessum
257 1839 430 1885 dolere
448 1843 824 1897 monstrabant,
846 1845 1072 1891 (licentes
1092 1862 1144 1891 se
1164 1857 1401 1903 tanquam
1421 1862 1543 1891 oues
1562 1846 1665 1892 sine

37 1923 235 1970 pastore
254 1920 570 1972 permanere
612 1918 638 1975 f,
678 1936 938 1977 meumque
974 1922 1247 1968 discessum
1282 1939 1390 1968 esse
1428 1933 1665 1980 tanquam

0 2027 3 2030 ,
36 1976 267 2048 magnum
292 1993 383 2039 illis
410 1993 661 2052 flagellum
686 1998 918 2043 emissum
943 2015 972 2043 a
998 1999 1226 2045 Domino.
1251 2000 1405 2057 Quod
1419 2001 1663 2045 siveram

17 2068 101 2112 sit
122 2066 427 2123 7zesce'0,·lec
450 2076 624 2118 tamen
648 2076 752 2120 scio
788 2090 868 2120 me
900 2090 1113 2122 sericam
1150 2076 1416 2123 Societatis
1450 2092 1560 2123 esse
1593 2079 1666 2122 in-

38 2145 225 2204 utilem,
253 2152 299 2192 et
322 2148 381 2193 ob
415 2149 508 2194 lzoc
544 2151 775 2207 amplius
808 2167 908 2197 mm
939 2154 1176 2211 proficio.
1204 2155 1271 2199 Et
1293 2155 1416 2212 quia
1441 2156 1661 2211 tepidus,

21 2222 258 2269 aliorum
278 2225 580 2283 frigiditati
601 2229 799 2274 mederi
820 2231 989 2275 nescio
1025 2238 1058 2276 g.
1190 2287 1196 2293 ι

45 2306 50 2312 “
91 2298 134 2346 5.
199 2300 288 2347 His
322 2304 574 2350 mensibus
608 2306 787 2362 elapsis
822 2306 921 2364 legi
955 2294 1190 2353 hebraice
1225 2318 1273 2353 et
1306 2324 1457 2365 grece
1481 2309 1663 2353 Leuiti-

83 2459 101 2480 ἃ
143 2453 348 2501 haberem,
381 2468 473 2503 quo.
529 2457 594 2485 —b
638 2464 757 2495 vocat
788 2470 868 2496 ms.
923 2467 987 2487 -C
1028 2460 1110 2497 illis
1141 2461 1282 2503 obtuli,
1318 2462 1386 2497 sed
1420 2468 1471 2498 et.
1526 2462 1591 2489 —d
1624 2473 1663 2499 et

18 2511 312 2552 -confratribus
383 2523 446 2543 -e
494 2515 672 2554 facturus
692 2531 842 2555 essem.
910 2519 965 2546 —f
1018 2521 1211 2568 relinqui.
1270 2529 1334 2555 ——g
1368 2533 1661 2567 conquereren-

35 2574 110 2615 tur,
131 2584 220 2610 cum
239 2574 389 2622 alioqui
418 2588 495 2623 ego
523 2581 604 2614 tam
624 2578 699 2614 sim
726 2578 880 2615 inutilis
900 2579 1018 2616 huius
1039 2579 1255 2617 Societatis
1275 2592 1432 2616 seruus.

81 2703 91 2721 ¹
142 2701 226 2741 Sta.
250 2704 420 2742 Venera
439 2712 508 2743 aut
527 2707 780 2745 Veneranda
798 2710 930 2757 Virgo,
951 2710 992 2746 in
1012 2709 1153 2748 Sicilia
1172 2710 1333 2748 celebre
1359 2724 1507 2748 nomen
1526 2717 1566 2748 et
1583 2713 1661 2749 sin-

18 2761 220 2807 rgularem
239 2765 392 2801 cultum
412 2765 565 2803 habuit.
589 2766 652 2804 Cf.
676 2767 944 2814 CHEVALIER,
965 2769 1378 2816 Bz‘ohz'hliogmphz·e,
1399 2770 1449 2810 ΙΙ,
1470 2771 1575 2809 4641.

80 2819 93 2840 ²
142 2820 448 2870 Gnidomandri,
467 2826 654 2872 oppidum
674 2826 839 2864 Siciliae
859 2841 983 2875 prope
1002 2829 1160 2872 Italam,
1182 2842 1261 2865 non
1277 2830 1398 2876 longe
1414 2844 1437 2866 a
1452 2830 1658 2869 Messana.

33 2878 94 2916 Ita
125 2881 314 2920 scribitur
331 2886 438 2931 apud
456 2886 594 2931 R0551‚
618 2886 813 2925 Indice...
832 2888 945 2925 delle
953 2889 1166 2934 frasionz',
1188 2891 1329 2927 casali
1346 2902 1367 2927 e
1385 2891 1575 2928 colmelli
1587 2892 1663 2929 che

19 2932 322 2988 ‹compongono
341 2944 376 2980 z'l
393 2944 542 2991 Regno
561 2945 757 2984 d'ltalia.

67 2999 94 3019 ‘³
143 2999 418 3049 Hieronymus
435 3003 732 3043 Domeneccus.
