1900 3380
0 306 2 365 ᾗ
516 290 802 328 132.-ΟΡ.ΝΠΑ
830 292 851 327 7
874 291 1073 337 JANUARII
1106 292 1194 327 1558
1557 294 1626 329 499

43 406 153 436 cum
185 388 462 433 animarum
500 388 638 432 lucro
673 387 836 432 multis
872 388 916 432 in
954 388 1100 432 rebus
1132 388 1455 444 perspicimus
1491 400 1537 434 et
1576 390 1672 435 fre-

42 465 237 524 quentia
281 474 454 521 aperte
500 464 741 509 declarat.
791 464 1012 520 Itemque
1063 465 1437 520 quamplurimis
1491 467 1569 523 qui
1619 482 1671 512 se

42 545 236 589 domum
281 550 507 586 nostram
552 541 794 586 absolutis
833 541 991 585 sacris
1038 541 1296 597 recipiunt,
1335 542 1540 598 singulis
1575 544 1670 588 die-

42 620 129 666 bus
183 618 436 663 dominicis
487 628 535 662 et
588 618 727 663 festis
771 618 1054 663 exhortatio
1110 618 1338 673 habetur,
1401 620 1672 677 modusque

43 695 365 753 perscribitur
400 710 429 739 a
467 694 680 752 quodam
721 710 783 739 ex
823 694 1008 738 nostris
1034 694 1264 739 Patribus
1290 695 1350 740 ad
1387 706 1523 741 recte
1559 698 1671 742 bea-

42 782 184 828 teque
205 771 483 822 viuendum;
507 771 585 828 qui
611 770 718 815 aliis
744 771 832 826 piis
868 770 1224 828 charitatisque
1261 772 1491 827 operibus
1525 789 1667 818 occu-

41 848 139 906 pati
174 849 381 904 publicis
436 848 756 893 concionibus
796 848 1036 892 interesse
1091 849 1363 904 plerunque
1407 860 1668 905 nequeant.

40 925 142 971 Nec
166 925 259 969 hoc
283 925 477 981 quidem
501 924 604 969 sine
625 939 808 981 magna
833 923 1143 969 satisfatione
1164 925 1540 980 animarumque
1561 942 1669 981 pro-

41 1003 171 1048 fectu
196 1001 261 1047 fit.

98 1079 140 1125 3.
209 1079 299 1124 Est
324 1089 590 1136 praeterea
620 1078 1007 1124 adolescentium
1043 1079 1286 1134 quaedam
1325 1079 1557 1133 societas,
1595 1080 1672 1124 cui

0 1200 1 1205 ,
42 1156 204 1201 Patris
228 1157 439 1201 rectoris
463 1156 635 1201 ordine
661 1165 896 1212 praesunt
921 1154 1115 1211 quidam
1142 1156 1335 1200 cordati
1355 1155 1592 1210 seniores,
1621 1167 1672 1201 ut

42 1249 125 1279 eos
149 1234 212 1278 ab
237 1233 366 1278 omni
392 1234 630 1282 vanitate.
659 1249 785 1289 quae
804 1233 930 1278 illius
949 1232 1129 1277 aetatis
1148 1233 1351 1289 propria
1371 1243 1460 1289 est,
1484 1233 1672 1278 alienos

0 1306 1 1351 ἒ
42 1311 87 1356 in
112 1311 242 1355 viam
265 1311 438 1356 salutis
463 1311 698 1367 dirigant.
726 1310 786 1355 Hi
820 1310 970 1366 igitur
1006 1326 1117 1355 cum
1153 1310 1364 1366 primum
1400 1311 1557 1355 illuxit
1591 1311 1671 1356 do-

41 1388 245 1434 minicus
268 1388 520 1444 festusque
554 1389 674 1444 dies,
710 1404 819 1432 sese
852 1388 898 1432 in
934 1403 1082 1432 vnam
1119 1398 1406 1432 nostrarum
1440 1387 1671 1432 classium

0 1475 1 1480 ’
41 1481 208 1510 omnes
231 1465 508 1521 conferunt,
537 1465 617 1510 ubi
642 1466 851 1521 genibus
870 1464 1010 1510 flexis
1029 1465 1156 1509 mira
1175 1465 1387 1520 quadam
1408 1465 1673 1510 deuotione

40 1552 87 1587 et
108 1542 375 1598 spiritualis
399 1542 534 1587 vitae
564 1551 712 1598 gustu
747 1557 922 1598 preces
957 1541 1272 1587 beatissimae
1307 1541 1535 1597 Virginis
1570 1541 1671 1586 Ma-

41 1619 142 1664 riae
166 1619 377 1664 invicem
402 1619 491 1664 sibi
517 1620 860 1675 respondendo
881 1629 1146 1675 peragunt,
1170 1618 1344 1674 quibus
1364 1618 1597 1674 peractis,
1618 1634 1672 1663 se

41 1697 100 1742 ad
124 1696 485 1741 sanctissimam
511 1696 906 1741 communionem
931 1706 1252 1752 praeparant.
1292 1694 1505 1741 Sacrum
1541 1697 1671 1741 dein-

41 1773 98 1818 de
121 1773 341 1829 audiunt,
364 1788 460 1829 quo
485 1773 669 1827 audito,
697 1788 943 1828 sacraque
967 1781 1163 1828 sumpta
1188 1773 1382 1828 synaxi,
1409 1782 1670 1829 postquam

41 1849 216 1895 deuote
244 1849 576 1906 vnusquisque
600 1850 794 1906 gratias
818 1849 927 1894 Deo
951 1849 1219 1894 immortali
1243 1850 1362 1906 egit,
1394 1865 1448 1894 se
1472 1850 1671 1895 domum

42 1926 241 1984 quisque
265 1942 404 1972 suam
428 1927 618 1982 recipit.
648 1929 693 1971 A
717 1926 926 1983 prandio
952 1942 1070 1971 uero
1095 1942 1184 1982 pro
1210 1927 1466 1972 voluntate
1486 1927 1668 1983 praesi-

41 2003 126 2060 dis,
153 2004 283 2060 quini
308 2013 394 2049 aut
417 2003 519 2048 seni
545 2003 607 2048 ad
632 2019 691 2048 ea
714 2020 767 2048 se
791 2003 1054 2048 conferunt
1078 2003 1262 2059 templa
1287 2004 1366 2048 ubi
1393 2004 1668 2048 doctrinam

41 2080 286 2137 xpianam.
320 2081 458 2137 pueri
494 2081 750 2131 docentur,
788 2081 951 2137 ibique
985 2080 1150 2126 officio
1185 2080 1382 2138 pietatis
1415 2080 1586 2137 functi,
1623 2081 1670 2126 in

42 2149 343 2214 praedictam
366 2159 578 2204 classem
605 2174 776 2204 rursus
800 2159 1115 2216 conueniunt,
1153 2163 1202 2203 et
1233 2159 1371 2216 qnod
1396 2163 1673 2215 supererat

37 2239 265 2291 precum,
301 2237 394 2281 hoc
418 2240 494 2281 est
515 2243 532 2262 ³³
560 2237 873 2292 vespertinas
907 2237 1073 2291 horas,
1111 2237 1391 2292 absoluunt,
1429 2236 1670 2293 reliquum

15 2304 17 2306 ’
42 2311 132 2357 diei
154 2313 200 2358 in
224 2313 562 2370 spiritualibus
586 2323 935 2358 consumantes
954 2313 1209 2369 coloquiiS.
1232 2313 1361 2370 Quid
1381 2314 1547 2369 plura?
1568 2312 1670 2358 Vix

42 2387 132 2434 dici
155 2400 315 2446 potest
340 2401 575 2447 quantum
598 2390 645 2435 in
669 2390 1005 2447 spiritualibus
1036 2390 1341 2447 profecerint
1374 2390 1552 2447 cuncti,
1591 2389 1670 2446 qui

42 2466 165 2512 hanc
187 2477 410 2513 nostram
434 2468 754 2525 frequentant
777 2469 1140 2513 domunculam.
1168 2467 1266 2513 Sed
1289 2467 1382 2512 hoc
1412 2477 1549 2512 certe
1571 2482 1668 2512 me-

15 2571 17 2573 ·
42 2554 235 2590 moratu
259 2545 476 2602 dignum,
506 2546 683 2590 multos
707 2561 769 2590 ex
798 2545 871 2590 his
905 2545 1305 2590 adolescentibus
1339 2545 1437 2590 iam
1473 2544 1668 2601 religio-

42 2635 149 2666 nem
171 2621 424 2679 ingressos
447 2637 571 2679 esse,
599 2623 723 2668 alios
753 2632 806 2668 ut
839 2622 1168 2668 admittantur
1202 2623 1253 2666 in
1289 2621 1399 2666 dies
1432 2621 1670 2667 ardenter

43 2709 321 2756 expectare3
349 2698 636 2756 animosque
661 2699 724 2744 ad
753 2709 977 2745 nostram
1010 2697 1314 2744 Societatem
1349 2714 1447 2743 non
1480 2713 1669 2755 paucos

42 2775 349 2834 applicuisse3
376 2791 550 2821 verum
569 2791 680 2821 cum
699 2791 795 2821 non
813 2775 962 2821 facile
981 2775 1380 2832 admitterentur,
1402 2775 1447 2820 in
1468 2775 1668 2832 diesque

43 2866 208 2898 eorum
250 2853 539 2899 differretur
576 2854 831 2910 ingressus
870 2853 940 2910 (ut
979 2852 1244 2899 Societatis
1283 2853 1435 2898 moris
1473 2853 1584 2911 est),
1621 2853 1669 2899 in

43 2929 163 2974 alias
186 2931 452 2988 religiones
476 2930 735 2988 admissos,
762 2931 918 2976 vitam
944 2930 1271 2975 monasticam
1302 2930 1504 2987 degere.
1541 2929 1668 2976 Sunt

87 3106 106 3127 a
173 3103 226 3136 vt.
