1900 3380
512 311 839 349 22O.-—C0L0N1A
865 312 911 348 ‘29
940 312 1185 348 DECEMBRIS
1216 312 1305 347 1558
1608 310 1673 347 911

97 409 221 454 liora
244 408 347 453 sine
372 409 651 454 animorum
677 408 1005 453 reluctatione
1029 407 1175 453 facile
1206 407 1519 453 inducuntur.
1550 406 1724 462 Vsque

96 485 221 530 adeo
246 485 483 530 iuueniles
518 485 666 530 animi
702 485 898 530 virtutis
933 501 992 530 ac
1026 485 1192 530 auitae
1227 483 1480 541 religionis
1504 483 1724 540 flagrant

95 578 283 608 amore.
311 562 456 618 Quod
480 574 525 607 et
551 562 660 607 hinc
684 578 778 607 non
804 563 1017 608 obscure
1052 563 1363 620 colliquescit
1395 568 1412 588 ὃ
1448 561 1576 618 quod
1610 576 1724 606 cum

95 639 384 696 parentibus
408 649 492 684 aut
517 640 715 685 omnino
740 640 1004 685 haereticis
1028 649 1114 685 aut
1138 640 1182 684 in
1210 639 1300 685 fide
1325 639 1483 685 dubiis
1507 639 1724 684 audeant

95 717 365 773 disputare,
393 726 441 761 et
465 717 651 762 acriter
685 728 983 763 concertare
1006 734 1096 774 pro
1122 718 1417 774 purgatorio
1452 716 1724 762 astruendo

96 804 182 840 aut
205 793 312 839 aliis
336 794 558 839 articulis
582 810 710 840 nunc
734 794 1069 840 hereticorum
1106 794 1422 851 improbitate
1453 794 1498 839 in
1530 803 1725 839 contro-

95 871 313 917 uersiam
338 872 618 927 propositis,
646 887 738 917 nec
763 881 1023 928 parentum
1050 872 1373 929 peruicaffiae,
1401 871 1516 916 licet
1545 871 1590 916 in
1617 870 1724 916 aliis

95 951 245 997 rebus
285 949 522 1006 morigeri
562 950 657 994 sint
696 960 744 995 et
782 949 985 1006 flexiles,
1028 949 1208 995 cedere
1248 959 1443 1005 norunt,
1482 949 1724 994 maiorem

99 1025 239 1072 fidem
284 1026 382 1071 suis
426 1026 838 1083 praeceptoribus
882 1042 1029 1083 quam
1074 1026 1361 1083 parentibus
1415 1026 1721 1072 adhibentes.

96 1103 221 1148 Hinc
255 1103 472 1149 futurum
506 1103 808 1160 confidimus,
837 1114 887 1148 ut
921 1113 1156 1160 parentes
1180 1104 1306 1149 tales
1330 1103 1596 1160 aliquando
1636 1118 1724 1160 per

96 1179 220 1226 filios
244 1196 359 1225 suos
384 1191 744 1226 conuertantur
767 1181 830 1226 ad
853 1181 1103 1226 saniorem
1128 1190 1357 1237 mentem,
1385 1191 1433 1227 et
1457 1181 1632 1238 quibus
1658 1181 1724 1226 vi-

96 1268 197 1304 tam
221 1267 269 1303 et
293 1258 525 1304 alimenta
550 1259 940 1314 subministrant,
967 1274 1055 1314 per
1081 1259 1186 1304 illos
1214 1259 1429 1304 vicissim
1464 1259 1726 1304 institutio-

96 1352 207 1382 nem
232 1336 528 1382 catholicam
564 1346 612 1382 et
645 1336 798 1381 vitam
823 1346 1192 1392 consequantur
1216 1346 1490 1382 aeternam.
1519 1336 1724 1382 Benedi-

96 1423 206 1459 ctus
230 1413 290 1459 de
316 1413 455 1458 donis
478 1413 578 1458 suis
602 1414 647 1458 in
671 1414 841 1459 secula
865 1413 1020 1459 Deus,

155 1491 198 1536 5.
265 1490 345 1535 Ad
376 1490 439 1535 D.
470 1491 690 1547 regentis
722 1490 877 1536 nostri
913 1492 925 1515 ¹
963 1506 1139 1536 munus
1174 1491 1334 1546 venio,
1359 1491 1438 1548 qui
1462 1491 1577 1537 dum
1602 1507 1631 1537 a
1655 1492 1724 1538 fa-

97 1569 282 1613 cultate
307 1567 486 1612 artium
515 1567 731 1612 vnanimi
756 1583 1000 1613 consensu
1034 1569 1080 1614 in
1115 1568 1519 1624 quotlibetarium
1545 1569 1618 1625 (vt
1642 1584 1729 1614 vo·

82 1645 232 1701 cant)
256 1646 443 1690 electus
477 1653 609 1689 esset
633 1645 664 1701 2,
692 1644 760 1690 ita
783 1644 876 1690 sibi
901 1645 1132 1702 delegato
1157 1644 1313 1690 offitio
1337 1646 1629 1702 perfunctus
1654 1657 1728 1692 est

98 1722 189 1768 sub
221 1721 401 1767 festum
425 1720 475 1767 S.
504 1721 727 1767 Thomae
758 1722 984 1778 apostoli,
1012 1708 1108 1768 ut*b
1132 1732 1490 1780 praeceptores
1514 1723 1727 1769 aliarum

98 1799 362 1844 bursarum
397 1815 508 1844 cum
543 1799 876 1844 studiosorum
910 1799 1255 1846 aedificatione
1290 1801 1336 1846 in
1371 1801 1443 1846 sui
1474 1811 1728 1858 stuporem

84 1876 422 1921 conuerterit.
450 1875 578 1921 Nam
613 1875 727 1921 dum
761 1876 842 1921 alii
876 1876 986 1934 (pro
1021 1893 1159 1923 more
1194 1878 1307 1923 licet
1340 1878 1628 1935 illaudabili)
1653 1894 1728 1924 so-

99 1953 232 1998 leant
274 1952 592 1998 mordacibus
635 1953 821 1999 salibus
865 1953 1108 2010 quoslibet
1147 1955 1378 2011 excipere
1424 1967 1471 2000 et
1510 1972 1728 2002 nonnun-

98 2045 247 2087 quam
282 2030 542 2075 obscoenis
577 2030 794 2077 dicteriis
827 2040 1046 2077 statuum
1071 2047 1235 2078 mores
1259 2033 1616 2090 perstringere,
1644 2049 1728 2079 no-

99 2117 200 2153 ster
224 2123 409 2165 regens
442 2109 506 2153 ab
540 2107 632 2153 illis
665 2109 810 2164 plane
840 2118 1144 2166 temperans,
1171 2110 1528 2156 honestissimis
1553 2111 1728 2167 lepori-

99 2186 188 2230 bus
214 2186 362 2242 longe
385 2184 600 2230 foelitius
634 2201 693 2231 ac
726 2186 900 2232 maiori
936 2201 1047 2232 cum
1082 2187 1430 2233 aedificatione
1460 2198 1508 2233 et
1532 2187 1730 2234 satisfa-

99 2262 264 2308 ctione
297 2263 514 2308 omnium
539 2262 585 2307 id
609 2262 872 2321 praestitit,
899 2280 960 2309 ac
983 2265 1194 2321 posteris
1228 2265 1460 2322 deinceps
1484 2265 1598 2322 quid
1621 2264 1728 2311 fieri

100 2339 277 2386 deceat
310 2349 359 2385 et
391 2348 638 2396 oporteat,
665 2341 894 2398 exemplo
919 2342 1344 2399 commonstrauit,
1370 2357 1562 2388 necnon
1587 2352 1634 2388 et
1658 2343 1729 2388 of-

100 2415 254 2461 fitium
277 2416 410 2474 illud,
438 2417 567 2473 quod
599 2417 785 2463 abusus
819 2418 1110 2464 detestabile
1134 2419 1436 2475 reddiderat,
1463 2419 1563 2465 suis
1587 2435 1730 2477 prae-

101 2494 251 2539 claris
276 2494 586 2539 orationibus
618 2510 679 2540 ac
711 2495 801 2551 piis
831 2496 1181 2542 monitionibus
1205 2497 1571 2543 commendauit
1594 2512 1656 2543 ac
1678 2498 1732 2543 il-

101 2570 332 2616 lustrauit
356 2570 577 2616 mirifice.

93 2699 96 2701 Δ
160 2646 203 2693 6.
269 2647 334 2692 M.
357 2647 630 2694 Balduinus
653 2648 669 2672 3
693 2648 842 2695 etiam
868 2649 1144 2695 orationem
1167 2649 1320 2707 longe
1343 2651 1730 2706 pulcherrimam

101 2723 150 2769 in
173 2724 475 2770 christianae
512 2725 766 2782 religionis
800 2727 1280 2772 commendationem
1305 2727 1626 2774 disertissime
1650 2729 1731 2775 de-

149 2873 167 2894 a
209 2868 415 2904 elucescit.
471 2867 537 2895 -b
572 2867 780 2915 Sequitur
795 2881 834 2906 v.
855 2870 941 2917 pios
960 2870 1014 2907 ab
1034 2873 1222 2912 auctore,
1245 2873 1294 2906 ut
1310 2870 1500 2913 videtur,
1521 2871 1728 2910 deletum.

153 3013 163 3031 ¹
214 3011 260 3048 Ρ.
277 3011 458 3059 Joannes
477 3011 662 3049 Rethius.

151 3071 164 3090 ⁹
215 3070 325 3108 Vide
345 3071 550 3118 superius,
570 3084 663 3119 pag.
683 3073 742 3117 46,
764 3079 900 3110 annot.
924 3073 954 3109 1.

151 3131 165 3151 ³
216 3130 443 3168 Balduinus
462 3130 512 3167 ab
531 3129 712 3178 Angelo.
