1950 3348
266 198 335 234 334
731 197 948 234 LITTERAE
976 196 1333 242 QUADRIMESTRES

218 293 415 339 rosaria
449 297 705 338 testantur
736 294 970 350 eandem,
1007 306 1139 349 qnae
1161 298 1178 318 ²³
1210 292 1312 336 sine
1346 292 1534 347 pudore
1568 300 1768 347 gestant
1801 291 1866 337 ins
1924 311 1927 313 >

220 369 445 414 manibus
471 368 618 426 (quod
654 369 778 414 alias
812 370 884 414 his
909 369 954 413 in
979 368 1218 424 partibus,
1247 376 1299 412 vt
1333 367 1612 424 plurimum,
1639 367 1848 413 ludibrio

218 445 467 503 habetur),
495 449 753 490 testantur
773 454 821 490 et
845 460 1019 500 preces
1039 457 1170 499 quas
1193 443 1256 488 ad
1280 443 1442 488 Deum
1462 458 1656 499 semper
1681 458 1848 488 omnes

218 521 429 567 fundunt
455 522 754 567 vnanimiter
788 522 1209 578 quotienscunque
1245 521 1368 575 illos,
1396 536 1459 565 ex
1484 536 1622 564 more
1645 530 1848 566 nostrae

219 599 409 656 domus,
450 598 608 643 sacris
647 614 791 644 mane
831 599 1043 656 quotidie
1087 614 1117 643 a
1161 598 1320 654 prima
1360 597 1569 642 lectione
1608 597 1848 642 interesse

219 677 475 733 contingit.
520 674 652 720 Sane
687 676 732 720 in
767 675 1160 721 aedificationem
1200 675 1415 719 omnium
1452 675 1497 719 in
1533 674 1707 719 libellis
1741 689 1845 730 pre-

219 753 425 798 catoriis
450 761 595 797 orant
618 752 977 809 modestissimi,
1006 752 1146 797 flexis
1180 752 1405 808 genibus,
1434 760 1742 806 reuerentes,
1769 750 1846 795 de-

219 840 349 874 uote.
372 828 479 873 Non
506 828 674 873 dubito
699 829 810 885 quin
837 838 884 873 et
908 839 1140 885 parentes
1164 843 1281 873 suos
1301 828 1345 872 in
1366 828 1745 873 admirationem
1770 843 1846 873 ra-

218 905 354 962 piant
378 905 477 962 filii,
503 905 614 949 dum
639 905 707 950 ita
732 916 933 960 praeter
959 906 1234 961 opinionem
1260 905 1305 949 in
1332 904 1528 961 pictatis
1551 904 1711 950 studio
1736 920 1846 960 pro-

218 982 401 1027 ficiunt.
429 982 538 1026 Hoc
564 982 659 1026 iam
684 983 959 1027 comuniter
993 983 1127 1027 ciues
1162 982 1391 1038 sentiunt,
1418 986 1472 1026 vt
1492 981 1530 1025 si
1558 982 1708 1026 velint
1732 996 1846 1026 suos

218 1058 343 1104 filios
367 1058 442 1114 pie
467 1074 527 1103 ac
550 1058 770 1103 modeste
796 1059 1014 1115 educari,
1042 1058 1222 1103 nostris
1257 1058 1436 1103 scholis
1470 1057 1859 1103 committendos
1924 1052 1934 1101 ,⁴

220 1152 345 1181 esse.
374 1135 589 1191 Quidam
616 1140 865 1191 parentes
887 1136 906 1162 b
931 1136 1131 1192 cupiunt
1166 1151 1280 1180 suos
1305 1142 1319 1162 C
1342 1135 1558 1180 animum
1593 1134 1845 1191 applicare

218 1214 282 1258 ad
312 1222 513 1258 nostrae
548 1210 814 1257 Societatis
848 1213 1139 1269 institutum,
1166 1214 1212 1257 Si
1235 1211 1252 1238 d
1277 1227 1434 1257 annos
1467 1212 1649 1257 maturi
1683 1211 1853 1257 iudicii,

219 1286 494 1346 attigerint.
519 1288 732 1344 Quidam
757 1289 903 1333 etiam
929 1288 1011 1334 filii
1035 1289 1252 1334 sentiunt
1275 1289 1467 1333 animos
1491 1304 1606 1333 suos
1633 1288 1843 1333 inclina-
1918 1343 1920 1346 ἱ

217 1370 295 1411 tos
317 1373 336 1394 e
358 1366 420 1410 ad
445 1365 712 1410 societatis
745 1365 865 1424 Jesv
900 1365 1275 1423 professionem,
1304 1375 1351 1410 et
1376 1376 1509 1410 certe
1545 1374 1710 1410 essent
1742 1365 1845 1410 sine
1907 1354 1919 1369 ⁸

220 1458 362 1487 mora
397 1442 559 1498 parati
594 1442 849 1487 nobiscum
883 1442 1071 1497 viuere,
1099 1442 1138 1487 si
1169 1451 1255 1487 aut
1287 1443 1459 1487 vitrici
1493 1443 1645 1487 saeui
1673 1441 1683 1468 f
1716 1443 1844 1487 bono

218 1519 472 1575 proposito
499 1514 747 1563 remoram
783 1534 878 1563 non
913 1518 1184 1573 iniicerent,
1213 1528 1299 1563 aut
1329 1519 1538 1563 aliorum
1569 1519 1844 1563 amicorum
1910 1551 1914 1562 2

218 1595 623 1640 comminationes
657 1595 770 1639 viae
805 1593 1018 1650 Spiritus
1048 1594 1218 1640 Sancti
1244 1595 1434 1640 obicem
1459 1610 1555 1640 non
1586 1606 1840 1652 ponerent.

217 1673 292 1718 Ita
314 1672 365 1717 fit
389 1671 610 1728 proinde,
638 1681 691 1716 vt
715 1672 852 1716 multi
887 1688 981 1716 non
1017 1672 1114 1716 alia
1149 1672 1409 1717 obstacula
1440 1672 1670 1728 sentiant,
1698 1688 1843 1728 quam

218 1750 347 1806 quod
381 1749 542 1793 adhuc
575 1749 670 1793 sint
709 1750 800 1794 sub
835 1749 940 1793 iure
975 1758 1256 1804 parentum,
1294 1759 1378 1793 aut
1412 1750 1568 1794 tutela
1605 1753 1842 1805 patrono·
1898 1805 1899 1809 Ἰ
1927 1750 1932 1774 ·’

218 1840 335 1871 sssum
353 1833 386 1870 g.
414 1825 615 1870 Interim
651 1825 927 1870 huiusmodi
963 1826 1123 1871 bonae
1158 1826 1353 1870 animae
1388 1841 1484 1870 non
1518 1836 1714 1871 cessant
1749 1826 1842 1871 fre·
1905 1885 1911 1889 ι

217 1902 444 1960 quentius
468 1918 614 1958 quam
640 1903 719 1947 alii
745 1902 989 1959 (quamuis
1025 1902 1105 1947 alii
1141 1903 1339 1947 statutis
1363 1902 1668 1958 temporibus
1693 1901 1836 1948 confi·
1918 1963 1919 1966 Ἰ

217 1980 433 2036 teantur)
459 1988 667 2036 peccata
701 1995 791 2024 sua
825 1978 1064 2034 confiteri,
1093 1979 1322 2035 accipere
1361 1994 1559 2024 sacram
1595 1979 1861 2036 synaxim„
1903 2016 1905 2018 .

219 2066 431 2102 mentem
456 2056 517 2101 ad
541 2056 702 2101 Deum
728 2057 960 2113 dirigere.

280 2133 348 2180 12.
414 2133 467 2179 In
491 2134 825 2190 praedicando
845 2134 1106 2191 euangelio
1131 2149 1300 2179 omnes
1319 2149 1457 2178 more
1476 2142 1714 2178 consueto
1738 2149 1842 2190 per·

219 2211 399 2268 gimus:
423 2226 569 2267 spero
593 2211 638 2255 id
663 2226 757 2255 non
777 2211 880 2256 sine
904 2210 1209 2269 fructufic‘m'
1238 2210 1272 2256 ¹¹.
1300 2210 1535 2255 Fratrum
1560 2219 1864 2255 nostrorum„
1947 2215 1950 2259 ζ

217 2303 454 2334 numerus
493 2288 585 2332 hoc
623 2288 651 2332 4
688 2289 925 2333 mensium
966 2297 1190 2344 tempore
1231 2298 1406 2333 auctus
1445 2297 1520 2332 est
1558 2286 1842 2332 accessione
1887 2291 1907 2354 f3

219 2362 367 2410 trium
401 2366 562 2411 bonae
596 2365 698 2422 spei
733 2365 1119 2421 adolescentum,
1157 2365 1399 2410 Michaele
1431 2365 1616 2418 sclauo,
1652 2363 1842 2422 Joanne
1886 2361 1909 2429 ²2

219 2442 447 2499 Baptista
491 2442 625 2499 italo,
670 2442 870 2486 Matheo
914 2441 1148 2487 Stiborio.
1190 2441 1335 2487 Hunc
1378 2442 1593 2498 tertium,
1640 2449 1893 2498 propter‘„

219 2528 386 2564 certas
410 2519 649 2575 quasdam
676 2518 895 2564 rationes
921 2519 967 2563 in
992 2520 1188 2564 domum
1223 2535 1284 2564 ac
1316 2519 1597 2564 conuictum
1621 2527 1860 2564 nostrum·

220 2611 317 2641 non
352 2596 654 2651 admisimus,
688 2596 748 2640 de
782 2611 877 2651 quo
913 2611 1097 2652 magna
1131 2604 1399 2652 expectare
1433 2611 1709 2652 possumus,
1735 2610 1861 2652 prov
1883 2587 1906 2674 ξ
1939 2585 1942 2588 ’

220 2681 331 2729 pter
354 2673 572 2728 insignes
595 2682 697 2718 tam
721 2672 869 2718 animi
894 2682 942 2718 et
967 2672 1210 2730 corporis,
1242 2687 1385 2729 quam
1408 2672 1652 2718 naturalis
1675 2672 1840 2718 facun-
1879 2698 1908 2734 3

220 2749 330 2794 diae
354 2750 510 2805 dotes,
538 2749 714 2805 quibus
738 2749 903 2794 multis
937 2750 1099 2810 longe·
1119 2750 1317 2805 lateque
1352 2749 1621 2805 praelucet.
1650 2749 1757 2794 Deo
1781 2747 1844 2793 sit
1879 2739 1907 2813 {⁵

265 2933 283 2954 ὃ
316 2927 424 2964 iam„
469 2927 529 2954 ——b
563 2927 697 2964 etiam.
744 2934 807 2954 -c
838 2927 988 2964 liberos
1003 2927 1108 2964 add.
1131 2927 1225 2964 Pol.
1282 2927 1346 2954 -—d
1378 2939 1481 2967 cum.
1527 2934 1591 2955 -e
1610 2921 1902 2980 propensosb'ss

220 2985 276 3013 -f
318 2986 385 3033 qui
405 2983 544 3022 eoi-um
565 2999 703 3022 curam
723 2991 884 3033 gerunt.
938 2993 1003 3021 -g
1029 2986 1215 3024 aliorum.
1270 2986 1334 3014 ——h
1366 2985 1465 3023 fore.
1850 2975 1905 3032 ,3.
1931 3018 1934 3042 ;
