1925 3509
432 293 821 329 17.-Ixc;orsr.>m10
847 292 893 329 25
915 293 1118 339 δΙΑΝΕΑΚΙΙ
1148 293 1238 329 1ῖ);ῗ)7
1566 310 1606 329 Ι.)

78 389 119 434 8.
178 388 239 433 D.
268 388 523 432 Hurtadus
550 389 580 443 ¹,
604 388 715 433 licet
733 386 986 432 molestius
1011 386 1055 431 id
1076 387 1375 443 acceperim,
1397 388 1537 432 nobis
1558 388 1648 432 eri-

19 467 194 524 pietur.
223 463 320 509 Sed
345 479 541 509 omnem
566 480 627 508 ex
652 464 816 509 animo
842 463 1119 508 molestiam
1151 464 1349 519 depellit
1384 464 1570 509 vtilitas
1605 473 1654 509 et

19 549 358 598 augmentum,
385 541 515 596 quod
539 555 839 597 promouere
871 555 1112 585 conamur
1137 539 1275 585 istius
1306 540 1518 595 collegii.
1558 540 1651 585 Co-

19 619 161 665 mites
190 617 390 662 habebit
424 616 747 673 Stephanum,
786 616 988 661 Petrum
1022 618 1037 640 ‘2
1062 626 1109 662 et
1133 623 1149 643 ³
1174 617 1493 661 Leonardum
1518 617 1651 661 noui-

19 696 154 741 tium.
182 693 340 738 Huius
366 694 524 738 vicem
550 692 655 748 agit
679 693 804 737 alius
839 692 1182 743 Leonhardus,
1222 708 1367 750 quem
1406 694 1461 737 R.
1502 693 1654 738 Pater

19 771 248 818 Canisius
271 770 547 815 Ratisbona
572 770 702 814 misit
726 770 788 814 ad
813 770 1021 814 eandem
1052 769 1355 815 Societatem
1381 786 1649 827 properan—

19 858 131 894 tem.
159 847 351 892 Deinde
375 846 436 890 D.
466 846 746 891 Vsrmarus
771 847 785 870 ³³
811 846 949 891 nobis
975 847 1151 891 obtulit
1177 846 1545 892 adolescentem
1571 864 1652 892 no-

21 925 145 971 mine
169 923 498 981 Adalbertum
523 925 555 975 4,
583 923 735 967 inuito
768 932 815 967 et
849 923 1116 968 insalutato
1153 933 1311 980 patre,
1349 924 1648 969 auolantem.

18 1002 246 1048 Viennae
272 1001 386 1045 olim
410 1001 618 1062 adeptus
643 1012 717 1045 est
742 1001 935 1045 titulum
964 1001 1172 1057 primum
1210 1003 1255 1046 in
1287 1002 1494 1047 artibus.
1534 1002 1653 1047 Post

18 1080 161 1132 hunc,
200 1079 437 1134 Pragam,
476 1077 669 1133 patriae
704 1078 998 1134 proximam,
1038 1094 1289 1133 reuersus,
1334 1079 1551 1123 animum
1588 1079 1650 1123 ad

19 1156 321 1203 Societatem
358 1155 553 1200 adiecit.
594 1155 738 1211 Quod
775 1156 857 1200 vbi
893 1164 1036 1211 pater
1071 1165 1418 1212 cognosceret,
1457 1155 1651 1201 etiamsi

20 1233 190 1290 opibus
215 1242 262 1277 et
286 1231 532 1276 foecunda
558 1233 697 1288 prole
728 1233 961 1281 abundet,
1002 1232 1220 1290 Pragam
1256 1233 1407 1287 venit,
1436 1242 1489 1278 vt
1522 1234 1653 1279 hunc

19 1310 165 1356 filium
186 1325 215 1353 a
234 1309 489 1365 proposito
516 1310 813 1354 retraheret.
842 1309 954 1366 Quo
980 1310 1291 1365 adueniente,
1320 1310 1372 1355 P.
1401 1310 1653 1355 Vsmarus

22 1396 217 1431 maturo
241 1386 462 1442 consili0‚
496 1396 543 1431 et
578 1386 803 1431 iuuenem
840 1387 933 1432 hoc
967 1387 1211 1432 desiderio
1247 1387 1545 1444 flagrantem
1579 1388 1650 1433 In-

20 1462 332 1520 golstadium‚
360 1471 595 1518 tanquam
620 1462 682 1507 ad
707 1463 1028 1508 remotiorem
1049 1473 1097 1509 et
1121 1464 1282 1509 locum
1303 1464 1647 1521 deserum-em,

19 1539 303 1604 transmisit.
328 1539 456 1584 Eum
482 1555 571 1596 pro
606 1539 764 1585 fratre
801 1541 1174 1597 acceptauimus
1209 1550 1257 1586 et
1291 1542 1337 1586 in
1372 1542 1653 1587 sodalitium

21 1625 239 1661 nostrum
258 1616 580 1672 suscepimus,
600 1616 693 1661 hoc
708 1617 884 1670 medio,
904 1626 958 1662 vt
976 1633 1063 1662 nos
1081 1618 1313 1674 vicissim7
1333 1627 1538 1675 propter
1558 1618 1651 1664 loci

22 1692 299 1749 angustiam
333 1702 381 1737 et
419 1692 634 1738 fratrum
674 1694 884 1750 copiam,
928 1694 1054 1739 hanc
1089 1695 1227 1740 breui
1263 1695 1651 1740 vicissitudinem

21 1770 299 1825 reddamus,
329 1779 380 1814 vt
415 1786 504 1826 pro
543 1786 637 1815 vno
671 1771 758 1816 4.0‘
784 1771 1021 1816 lucretur.
1060 1772 1346 1817 Multifariis
1381 1773 1519 1817 donis
1554 1773 1649 1828 ple-

20 1862 198 1903 rosque
237 1847 504 1902 antecellit,
548 1858 696 1905 atque
735 1849 1020 1905 theologiae
1059 1865 1264 1905 operam
1308 1865 1500 1894 nauare
1539 1864 1651 1894 cum

22 1924 79 1968 M.
105 1923 295 1983 Jacobo
320 1924 338 1950 b
363 1934 541 1980 potest.
569 1924 798 1981 Totaque
829 1926 1057 1982 corporis
1090 1926 1252 1982 portio
1284 1927 1525 1983 promittit
1556 1926 1649 1971 sin-

5 2001 192 2056 gulare
216 2001 415 2057 aliquod
438 2002 768 2047 adolescentis
792 2003 957 2047 eximii
983 2003 1282 2048 benefitium.

77 2080 118 2123 9.
176 2078 377 2124 Amicus
397 2079 475 2123 ille
494 2089 664 2124 noster
683 2081 698 2103 ⁵
717 2079 996 2125 Ratisbona
1016 2090 1130 2126 ante
1150 2096 1337 2137 paucos
1355 2081 1458 2126 dies
1478 2096 1651 2137 sospes

21 2155 214 2221 domum
233 2156 391 2201 rediit.
412 2157 615 2202 Literae
632 2166 848 2211 vestrae,
869 2173 992 2214 quas
1009 2158 1127 2214 legit
1144 2159 1272 2214 apud
1292 2158 1354 2203 D.
1374 2157 1645 2214 Canisium,

20 2247 113 2277 non
137 2248 308 2289 parum
335 2233 669 2290 profecerunt.
697 2234 892 2280 Natura
926 2235 1031 2280 eiu's
1065 2251 1188 2292 opus
1222 2236 1373 2281 habet
1407 2244 1650 2292 perpetuo

65 2419 84 2439 a
132 2420 225 2457 Hoc
243 2433 281 2458 v.
303 2421 408 2458 add.
430 2426 568 2468 snpra
587 2432 696 2459 vers.
719 2423 874 2459 eadem
895 2434 1047 2460 mmm.
1103 2423 1168 2450 —b
1189 2423 1312 2460 Haec
1330 2423 1360 2459 3
1376 2435 1444 2460 vv:
1466 2423 1571 2459 add.
1601 2424 1646 2459 in

23 2489 157 2525 marg.
179 2480 330 2517 eadem
352 2492 504 2518 manu.

70 2671 79 2690 ¹
131 2669 174 2706 P.
199 2670 404 2707 Hurtadus
423 2671 565 2711 Perez,
589 2672 654 2717 qui
675 2672 723 2707 ad
747 2684 948 2718 pragense
973 2673 1193 2718 collegium
1220 2672 1364 2708 missus
1389 2678 1462 2710 est.
1487 2671 1550 2710 Cf.
1568 2673 1650 2709 PO—

23 2739 200 2771 LANCUM,
219 2731 395 2773 Clmm..
414 2730 488 2774 VI,
507 2730 589 2767 389.

67 2788 79 2806 ²
128 2787 236 2825 Inter
254 2802 322 2826 eos
340 2790 408 2836 qui
427 2802 531 2826 anno
553 2789 644 2826 1556
662 2791 794 2827 Roma
812 2791 1103 2838 Ingolstadium
1124 2791 1233 2827 missi
1253 2796 1359 2833 sunt,
1380 2797 1649 2829 numerantur

23 2843 248 2893 Stephanus
262 2848 451 2885 Liberius
467 2855 506 2886 et
520 2849 666 2886 Petrus
681 2849 858 2891 Knoten,
873 2851 922 2887 de
937 2850 1083 2897 quibus
1098 2850 1165 2896 agi
1181 2850 1352 2886 videtur.
1370 2849 1433 2887 Cf.
1450 2853 1645 2889 Monam.

25 2904 178 2952 Ignat„
200 2920 276 2945 ser.
301 2908 369 2951 La,
390 2908 462 2950 XI.
483 2908 564 2945 524.

68 2965 81 2984 ³
129 2965 174 3003 P.
195 2966 414 3004 Ursmarus
433 2967 684 3011 Goissonius,
706 2974 840 3006 rector
858 2969 1022 3015 collegii
1043 2969 1268 3015 pragensis.

68 3024 83 3044 ⁴
131 3025 401 3063 Adalbertum
420 3027 598 3064 Bauzek.
621 3026 832 3074 Superius,
854 3041 946 3075 pag.
969 3028 1017 3064 23
1035 3041 1122 3075 sqq.

68 3082 81 3102 ⁵
129 3083 330 3122 Alludere
351 3086 510 3123 videtur
527 3087 578 3123 ad
597 3086 642 3123 P.
665 3086 953 3131 Covil‘onium‚
973 3087 1035 3124 Cf.
1059 3087 1214 3124 Laz’m'z'
1233 3087 1441 3133 Monam„
1464 3087 1492 3132 Ι,
1514 3088 1597 3126 537.
