<?xml version="1.0" encoding="UTF-8"?>
<!DOCTYPE html PUBLIC "-//W3C//DTD XHTML 1.0 Transitional//EN"
    "http://www.w3.org/TR/xhtml1/DTD/xhtml1-transitional.dtd">
<html xmlns="http://www.w3.org/1999/xhtml" xml:lang="en" lang="en">
 <head>
  <title>
</title>
<meta http-equiv="Content-Type" content="text/html;charset=utf-8" />
  <meta name='ocr-system' content='tesseract 3.04.00' />
  <meta name='ocr-capabilities' content='ocr_page ocr_carea ocr_par ocr_line ocrx_word'/>
</head>
<body>
  <div class='ocr_page' id='page_1' title='image "./litteraequadrime1705lain_0107.png"; bbox 0 0 1925 3509; ppageno 0'>
   <div class='ocr_carea' id='block_1_1' title="bbox 504 296 1649 342">
    <p class='ocr_par' dir='ltr' id='par_1_1' title="bbox 504 296 1649 342">
     <span class='ocr_line' id='line_1_1' title="bbox 504 296 1649 342; baseline 0 -9"><span class='ocrx_word' id='word_1_1' title='bbox 504 296 841 334; x_wconf 59' lang='lat' dir='ltr'><strong>is-Convtmo</strong></span> <span class='ocrx_word' id='word_1_2' title='bbox 867 296 909 331; x_wconf 82' lang='lat'><strong>31</strong></span> <span class='ocrx_word' id='word_1_3' title='bbox 934 296 1139 342; x_wconf 67' lang='lat' dir='ltr'>JANUARH</span> <span class='ocrx_word' id='word_1_4' title='bbox 1170 297 1258 332; x_wconf 68' lang='lat'><strong>1557</strong></span> <span class='ocrx_word' id='word_1_5' title='bbox 1604 297 1649 333; x_wconf 86' lang='lat'><strong>77</strong></span> 
     </span>
    </p>
   </div>
   <div class='ocr_carea' id='block_1_2' title="bbox 51 392 1693 1143">
    <p class='ocr_par' dir='ltr' id='par_1_2' title="bbox 51 392 1693 1143">
     <span class='ocr_line' id='line_1_2' title="bbox 51 392 1693 452; baseline -0.001 -12"><span class='ocrx_word' id='word_1_6' title='bbox 51 410 185 452; x_wconf 88' lang='lat' dir='ltr'><strong>quas</strong></span> <span class='ocrx_word' id='word_1_7' title='bbox 213 393 408 439; x_wconf 67' lang='lat' dir='ltr'><strong>tandem</strong></span> <span class='ocrx_word' id='word_1_8' title='bbox 434 402 634 437; x_wconf 87' lang='lat' dir='ltr'><strong>ventum</strong></span> <span class='ocrx_word' id='word_1_9' title='bbox 660 402 749 448; x_wconf 76' lang='lat' dir='ltr'><strong>est,</strong></span> <span class='ocrx_word' id='word_1_10' title='bbox 778 392 824 437; x_wconf 89' lang='lat' dir='ltr'><strong>in</strong></span> <span class='ocrx_word' id='word_1_11' title='bbox 857 392 1066 436; x_wconf 80' lang='lat' dir='ltr'><strong>comitiis</strong></span> <span class='ocrx_word' id='word_1_12' title='bbox 1100 392 1526 437; x_wconf 86' lang='lat' dir='ltr'><strong>ratisbonensibus</strong></span> <span class='ocrx_word' id='word_1_13' title='bbox 1560 396 1580 414; x_wconf 58' lang='lat' dir='ltr'>a</span> <span class='ocrx_word' id='word_1_14' title='bbox 1612 394 1693 438; x_wconf 91' lang='lat' dir='ltr'><strong>tri-</strong></span> 
     </span>
     <span class='ocr_line' id='line_1_3' title="bbox 62 470 1690 527; baseline -0.001 -10"><span class='ocrx_word' id='word_1_15' title='bbox 62 472 228 517; x_wconf 86' lang='lat' dir='ltr'><strong>buitur</strong></span> <span class='ocrx_word' id='word_1_16' title='bbox 251 471 437 527; x_wconf 83' lang='lat' dir='ltr'><strong>primus</strong></span> <span class='ocrx_word' id='word_1_17' title='bbox 462 472 598 515; x_wconf 83' lang='lat' dir='ltr'><strong>loeus</strong></span> <span class='ocrx_word' id='word_1_18' title='bbox 630 472 660 527; x_wconf 83' lang='grc'><strong>1;</strong></span> <span class='ocrx_word' id='word_1_19' title='bbox 698 486 841 526; x_wconf 84' lang='lat' dir='ltr'><strong>quem</strong></span> <span class='ocrx_word' id='word_1_20' title='bbox 878 485 1081 515; x_wconf 83' lang='lat' dir='ltr'><strong>neeesse</strong></span> <span class='ocrx_word' id='word_1_21' title='bbox 1116 479 1190 515; x_wconf 75' lang='lat' dir='ltr'><strong>est</strong></span> <span class='ocrx_word' id='word_1_22' title='bbox 1225 470 1408 515; x_wconf 87' lang='lat' dir='ltr'><strong>nostris</strong></span> <span class='ocrx_word' id='word_1_23' title='bbox 1443 471 1690 527; x_wconf 82' lang='lat' dir='ltr'><strong>precibus,</strong></span> 
     </span>
     <span class='ocr_line' id='line_1_4' title="bbox 61 545 1690 604; baseline -0.001 -10"><span class='ocrx_word' id='word_1_24' title='bbox 61 549 374 594; x_wconf 76' lang='lat' dir='ltr'>laborantem</span> <span class='ocrx_word' id='word_1_25' title='bbox 399 563 487 604; x_wconf 81' lang='lat' dir='ltr'><strong>pro</strong></span> <span class='ocrx_word' id='word_1_26' title='bbox 512 546 803 603; x_wconf 74' lang='lat' dir='ltr'>Germania,</span> <span class='ocrx_word' id='word_1_27' title='bbox 830 546 1096 591; x_wconf 86' lang='lat' dir='ltr'><strong>subleuare</strong></span> <span class='ocrx_word' id='word_1_28' title='bbox 1126 547 1172 591; x_wconf 88' lang='lat' dir='ltr'><strong>in</strong></span> <span class='ocrx_word' id='word_1_29' title='bbox 1208 545 1392 591; x_wconf 80' lang='lat' dir='ltr'>Christi</span> <span class='ocrx_word' id='word_1_30' title='bbox 1427 547 1690 593; x_wconf 80' lang='lat' dir='ltr'><strong>charitate.</strong></span> 
     </span>
     <span class='ocr_line' id='line_1_5' title="bbox 62 623 1691 680; baseline -0.001 -10"><span class='ocrx_word' id='word_1_31' title='bbox 62 625 301 670; x_wconf 87' lang='lat' dir='ltr'><strong>Nouimus</strong></span> <span class='ocrx_word' id='word_1_32' title='bbox 335 624 497 680; x_wconf 84' lang='lat' dir='ltr'><strong>operis</strong></span> <span class='ocrx_word' id='word_1_33' title='bbox 536 623 677 668; x_wconf 86' lang='lat' dir='ltr'><strong>huius</strong></span> <span class='ocrx_word' id='word_1_34' title='bbox 716 623 1123 679; x_wconf 73' lang='lat' dir='ltr'><strong>magnitudiniem</strong></span> <span class='ocrx_word' id='word_1_35' title='bbox 1161 632 1209 668; x_wconf 92' lang='lat' dir='ltr'><strong>et</strong></span> <span class='ocrx_word' id='word_1_36' title='bbox 1248 623 1541 679; x_wconf 77' lang='lat' dir='ltr'><strong>pendentem</strong></span> <span class='ocrx_word' id='word_1_37' title='bbox 1582 623 1691 669; x_wconf 88' lang='lat' dir='ltr'><strong>inde</strong></span> 
     </span>
     <span class='ocr_line' id='line_1_6' title="bbox 60 701 1689 758; baseline -0.001 -11"><span class='ocrx_word' id='word_1_38' title='bbox 60 703 336 747; x_wconf 85' lang='lat' dir='ltr'><strong>Vtilitatem.</strong></span> <span class='ocrx_word' id='word_1_39' title='bbox 375 702 449 747; x_wconf 87' lang='lat' dir='ltr'><strong>De</strong></span> <span class='ocrx_word' id='word_1_40' title='bbox 483 701 838 746; x_wconf 76' lang='lat' dir='ltr'><strong>concionatore</strong></span> <span class='ocrx_word' id='word_1_41' title='bbox 865 701 1001 746; x_wconf 90' lang='lat' dir='ltr'><strong>nobis</strong></span> <span class='ocrx_word' id='word_1_42' title='bbox 1025 701 1261 745; x_wconf 84' lang='lat' dir='ltr'><strong>mittendo</strong></span> <span class='ocrx_word' id='word_1_43' title='bbox 1285 701 1499 758; x_wconf 78' lang='lat' dir='ltr'>scripsit,</span> <span class='ocrx_word' id='word_1_44' title='bbox 1528 711 1581 747; x_wconf 88' lang='lat' dir='ltr'><strong>vt</strong></span> <span class='ocrx_word' id='word_1_45' title='bbox 1604 702 1689 757; x_wconf 83' lang='lat' dir='ltr'><strong>ait,</strong></span> 
     </span>
     <span class='ocr_line' id='line_1_7' title="bbox 59 776 1693 834; baseline -0.001 -9"><span class='ocrx_word' id='word_1_46' title='bbox 59 780 324 825; x_wconf 80' lang='lat' dir='ltr'><strong>Viennam:</strong></span> <span class='ocrx_word' id='word_1_47' title='bbox 353 780 392 824; x_wconf 91' lang='lat' dir='ltr'><strong>is</strong></span> <span class='ocrx_word' id='word_1_48' title='bbox 415 794 602 824; x_wconf 85' lang='lat' dir='ltr'><strong>summe</strong></span> <span class='ocrx_word' id='word_1_49' title='bbox 637 778 776 823; x_wconf 89' lang='lat' dir='ltr'><strong>nobis</strong></span> <span class='ocrx_word' id='word_1_50' title='bbox 811 778 1121 823; x_wconf 81' lang='lat' dir='ltr'><strong>necessarius</strong></span> <span class='ocrx_word' id='word_1_51' title='bbox 1156 787 1246 823; x_wconf 91' lang='lat' dir='ltr'><strong>est.</strong></span> <span class='ocrx_word' id='word_1_52' title='bbox 1285 776 1453 823; x_wconf 87' lang='lat' dir='ltr'><strong>Oretis</strong></span> <span class='ocrx_word' id='word_1_53' title='bbox 1488 793 1578 834; x_wconf 89' lang='lat' dir='ltr'><strong>pro</strong></span> <span class='ocrx_word' id='word_1_54' title='bbox 1615 793 1693 823; x_wconf 90' lang='lat' dir='ltr'><strong>me</strong></span> 
     </span>
     <span class='ocr_line' id='line_1_8' title="bbox 58 854 1693 913; baseline -0.001 -11"><span class='ocrx_word' id='word_1_55' title='bbox 58 857 257 913; x_wconf 84' lang='lat' dir='ltr'><strong>indigno</strong></span> <span class='ocrx_word' id='word_1_56' title='bbox 281 871 493 912; x_wconf 86' lang='lat' dir='ltr'><strong>semper,</strong></span> <span class='ocrx_word' id='word_1_57' title='bbox 521 855 600 912; x_wconf 85' lang='lat' dir='ltr'><strong>qui</strong></span> <span class='ocrx_word' id='word_1_58' title='bbox 626 871 687 900; x_wconf 81' lang='lat' dir='ltr'><strong>ex</strong></span> <span class='ocrx_word' id='word_1_59' title='bbox 712 856 875 900; x_wconf 82' lang='lat' dir='ltr'><strong>animo</strong></span> <span class='ocrx_word' id='word_1_60' title='bbox 902 871 989 899; x_wconf 90' lang='lat' dir='ltr'><strong>vos</strong></span> <span class='ocrx_word' id='word_1_61' title='bbox 1016 855 1059 899; x_wconf 90' lang='lat' dir='ltr'><strong>in</strong></span> <span class='ocrx_word' id='word_1_62' title='bbox 1082 854 1282 900; x_wconf 85' lang='lat' dir='ltr'><strong>Christo</strong></span> <span class='ocrx_word' id='word_1_63' title='bbox 1307 854 1485 900; x_wconf 84' lang='lat' dir='ltr'><strong>Patres</strong></span> <span class='ocrx_word' id='word_1_64' title='bbox 1509 870 1569 900; x_wconf 83' lang='lat' dir='ltr'><strong>ac</strong></span> <span class='ocrx_word' id='word_1_65' title='bbox 1593 855 1693 900; x_wconf 80' lang='lat' dir='ltr'><strong>fra-</strong></span> 
     </span>
     <span class='ocr_line' id='line_1_9' title="bbox 57 931 1691 988; baseline -0.002 -9"><span class='ocrx_word' id='word_1_66' title='bbox 57 943 158 979; x_wconf 88' lang='lat' dir='ltr'><strong>tres</strong></span> <span class='ocrx_word' id='word_1_67' title='bbox 192 934 509 978; x_wconf 79' lang='lat' dir='ltr'><strong>charissimos</strong></span> <span class='ocrx_word' id='word_1_68' title='bbox 544 941 591 977; x_wconf 86' lang='lat' dir='ltr'><strong>et</strong></span> <span class='ocrx_word' id='word_1_69' title='bbox 625 948 737 976; x_wconf 78' lang='lat' dir='ltr'><strong>aino</strong></span> <span class='ocrx_word' id='word_1_70' title='bbox 768 941 816 977; x_wconf 88' lang='lat' dir='ltr'><strong>et</strong></span> <span class='ocrx_word' id='word_1_71' title='bbox 839 932 965 976; x_wconf 79' lang='lat' dir='ltr'><strong>eolo.</strong></span> <span class='ocrx_word' id='word_1_72' title='bbox 994 931 1284 988; x_wconf 84' lang='lat' dir='ltr'><strong>Ingolstadii</strong></span> <span class='ocrx_word' id='word_1_73' title='bbox 1310 931 1432 976; x_wconf 80' lang='lat' dir='ltr'>VIII</span> <span class='ocrx_word' id='word_1_74' title='bbox 1456 932 1691 977; x_wconf 78' lang='lat' dir='ltr'><strong>calendas</strong></span> 
     </span>
     <span class='ocr_line' id='line_1_10' title="bbox 58 1011 540 1067; baseline -0.002 -11"><span class='ocrx_word' id='word_1_75' title='bbox 58 1011 382 1067; x_wconf 74' lang='lat' dir='ltr'><strong>Februarias,</strong></span> <span class='ocrx_word' id='word_1_76' title='bbox 414 1011 540 1056; x_wconf 74' lang='lat'><strong>1557.</strong></span> 
     </span>
     <span class='ocr_line' id='line_1_11' title="bbox 147 1086 1191 1143; baseline -0.004 -10"><span class='ocrx_word' id='word_1_77' title='bbox 147 1088 314 1141; x_wconf 43' lang='lat' dir='ltr'><strong>Rdae2</strong></span> <span class='ocrx_word' id='word_1_78' title='bbox 333 1088 440 1133; x_wconf 55' lang='lat' dir='ltr'><strong>Par.</strong></span> <span class='ocrx_word' id='word_1_79' title='bbox 468 1097 584 1133; x_wconf 83' lang='lat' dir='ltr'><strong>tuae</strong></span> <span class='ocrx_word' id='word_1_80' title='bbox 608 1103 782 1133; x_wconf 86' lang='lat' dir='ltr'><strong>seruus</strong></span> <span class='ocrx_word' id='word_1_81' title='bbox 807 1086 1191 1143; x_wconf 79' lang='lat' dir='ltr'><strong>indignissimus,</strong></span> 
     </span>
    </p>
   </div>
   <div class='ocr_carea' id='block_1_3' title="bbox 1533 1200 1548 1224">
    <p class='ocr_par' dir='ltr' id='par_1_3' title="bbox 1533 1200 1548 1224">
     <span class='ocr_line' id='line_1_12' title="bbox 1533 1200 1548 1224; baseline 0 0"><span class='ocrx_word' id='word_1_82' title='bbox 1533 1200 1548 1224; x_wconf 78' lang='lat'>2</span> 
     </span>
    </p>
   </div>
   <div class='ocr_carea' id='block_1_4' title="bbox 620 1200 1565 1247">
    <p class='ocr_par' dir='ltr' id='par_1_4' title="bbox 620 1200 1565 1247">
     <span class='ocr_line' id='line_1_13' title="bbox 620 1200 1565 1247; baseline -0.003 0"><span class='ocrx_word' id='word_1_83' title='bbox 620 1202 837 1247; x_wconf 66' lang='grc' dir='ltr'>ΤΗΟΜΑΞ</span> <span class='ocrx_word' id='word_1_84' title='bbox 871 1215 1194 1246; x_wconf 75' lang='lat' dir='ltr'><strong>NoUIOMAGUs</strong></span> <span class='ocrx_word' id='word_1_85' title='bbox 1229 1200 1500 1245; x_wconf 67' lang='lat' dir='ltr'>LENTULUS</span> <span class='ocrx_word' id='word_1_86' title='bbox 1558 1237 1565 1245; x_wconf 95' lang='lat'><strong>.</strong></span> 
     </span>
    </p>
   </div>
   <div class='ocr_carea' id='block_1_5' title="bbox 57 1294 1688 1510">
    <p class='ocr_par' dir='ltr' id='par_1_5' title="bbox 57 1294 1688 1510">
     <span class='ocr_line' id='line_1_14' title="bbox 146 1294 1688 1354; baseline -0.003 -11"><span class='ocrx_word' id='word_1_87' title='bbox 146 1298 436 1354; x_wconf 78' lang='lat' dir='ltr'><strong>Inscriptio.</strong></span> <span class='ocrx_word' id='word_1_88' title='bbox 464 1306 492 1354; x_wconf 80' lang='lat'><strong>†</strong></span> <span class='ocrx_word' id='word_1_89' title='bbox 515 1297 643 1342; x_wconf 85' lang='lat' dir='ltr'><strong>Rdo.</strong></span> <span class='ocrx_word' id='word_1_90' title='bbox 666 1297 712 1342; x_wconf 90' lang='lat' dir='ltr'><strong>in</strong></span> <span class='ocrx_word' id='word_1_91' title='bbox 735 1297 933 1343; x_wconf 86' lang='lat' dir='ltr'><strong>Christo</strong></span> <span class='ocrx_word' id='word_1_92' title='bbox 955 1295 1091 1341; x_wconf 85' lang='lat' dir='ltr'><strong>Patri</strong></span> <span class='ocrx_word' id='word_1_93' title='bbox 1110 1295 1170 1340; x_wconf 85' lang='lat' dir='ltr'><strong>D.</strong></span> <span class='ocrx_word' id='word_1_94' title='bbox 1191 1295 1253 1340; x_wconf 91' lang='lat' dir='ltr'><strong>D.</strong></span> <span class='ocrx_word' id='word_1_95' title='bbox 1275 1295 1467 1354; x_wconf 80' lang='lat' dir='ltr'><strong>Jacobo</strong></span> <span class='ocrx_word' id='word_1_96' title='bbox 1486 1294 1688 1351; x_wconf 84' lang='lat' dir='ltr'><strong>Laynes</strong></span> 
     </span>
     <span class='ocr_line' id='line_1_15' title="bbox 57 1373 1416 1433; baseline -0.003 -12"><span class='ocrx_word' id='word_1_97' title='bbox 57 1374 323 1421; x_wconf 82' lang='lat' dir='ltr'><strong>Societatis</strong></span> <span class='ocrx_word' id='word_1_98' title='bbox 346 1375 556 1420; x_wconf 88' lang='lat' dir='ltr'><strong>nominis</strong></span> <span class='ocrx_word' id='word_1_99' title='bbox 579 1374 699 1433; x_wconf 88' lang='lat' dir='ltr'><strong>Jesu</strong></span> <span class='ocrx_word' id='word_1_100' title='bbox 724 1374 916 1419; x_wconf 82' lang='lat' dir='ltr'><strong>vicario</strong></span> <span class='ocrx_word' id='word_1_101' title='bbox 940 1373 1182 1430; x_wconf 83' lang='lat' dir='ltr'><strong>generali.</strong></span> <span class='ocrx_word' id='word_1_102' title='bbox 1210 1373 1416 1418; x_wconf 85' lang='lat' dir='ltr'><strong>Romae.</strong></span> 
     </span>
     <span class='ocr_line' id='line_1_16' title="bbox 147 1451 640 1510; baseline -0.002 -13"><span class='ocrx_word' id='word_1_103' title='bbox 147 1451 324 1510; x_wconf 67' lang='lat' dir='ltr'><strong>sigilli</strong></span> <span class='ocrx_word' id='word_1_104' title='bbox 343 1452 640 1509; x_wconf 74' lang='lat' dir='ltr'><strong>vestigimn.</strong></span> 
     </span>
    </p>
   </div>
   <div class='ocr_carea' id='block_1_6' title="bbox 431 1615 1312 1789">
    <p class='ocr_par' dir='ltr' id='par_1_6' title="bbox 431 1615 1312 1789">
     <span class='ocr_line' id='line_1_17' title="bbox 846 1615 906 1667; baseline 0.017 -1"><span class='ocrx_word' id='word_1_105' title='bbox 846 1615 906 1667; x_wconf 81' lang='lat'><strong>18</strong></span> 
     </span>
     <span class='ocr_line' id='line_1_18' title="bbox 431 1741 1312 1789; baseline -0.001 0"><span class='ocrx_word' id='word_1_106' title='bbox 431 1743 483 1789; x_wconf 78' lang='lat' dir='ltr'><strong>P.</strong></span> <span class='ocrx_word' id='word_1_107' title='bbox 532 1741 873 1788; x_wconf 75' lang='lat' dir='ltr'>DIDACUS</span> <span class='ocrx_word' id='word_1_108' title='bbox 918 1741 1312 1788; x_wconf 77' lang='lat' dir='ltr'>CARRILLO</span> 
     </span>
    </p>
   </div>
   <div class='ocr_carea' id='block_1_7' title="bbox 527 1854 1208 1901">
    <p class='ocr_par' dir='ltr' id='par_1_7' title="bbox 527 1854 1208 1901">
     <span class='ocr_line' id='line_1_19' title="bbox 527 1854 1208 1901; baseline -0.001 -10"><span class='ocrx_word' id='word_1_109' title='bbox 527 1866 743 1891; x_wconf 78' lang='lat' dir='ltr'>COMPLUTO</span> <span class='ocrx_word' id='word_1_110' title='bbox 768 1854 810 1891; x_wconf 79' lang='lat'><strong>31</strong></span> <span class='ocrx_word' id='word_1_111' title='bbox 840 1864 1037 1901; x_wconf 71' lang='lat' dir='ltr'>jANUARII</span> <span class='ocrx_word' id='word_1_112' title='bbox 1066 1854 1157 1890; x_wconf 79' lang='lat'>1557</span> <span class='ocrx_word' id='word_1_113' title='bbox 1183 1854 1208 1891; x_wconf 81' lang='lat'><strong>³.</strong></span> 
     </span>
    </p>
   </div>
   <div class='ocr_carea' id='block_1_8' title="bbox 1 1955 1689 2302">
    <p class='ocr_par' dir='ltr' id='par_1_8' title="bbox 1 1955 1689 2302">
     <span class='ocr_line' id='line_1_20' title="bbox 1 1955 1687 2008; baseline 0 -15"><span class='ocrx_word' id='word_1_114' title='bbox 1 2006 3 2008; x_wconf 14' lang='lat' dir='ltr'>q</span> <span class='ocrx_word' id='word_1_115' title='bbox 40 1958 127 1997; x_wconf 88' lang='lat'><strong>.1-2.</strong></span> <span class='ocrx_word' id='word_1_116' title='bbox 157 1960 208 1996; x_wconf 88' lang='lat' dir='ltr'><strong>P.</strong></span> <span class='ocrx_word' id='word_1_117' title='bbox 231 1959 399 2005; x_wconf 81' lang='lat' dir='ltr'><strong>Ignatii</strong></span> <span class='ocrx_word' id='word_1_118' title='bbox 415 1958 540 1994; x_wconf 76' lang='lat' dir='ltr'><strong>beata</strong></span> <span class='ocrx_word' id='word_1_119' title='bbox 560 1960 698 1993; x_wconf 81' lang='lat' dir='ltr'><strong>morte</strong></span> <span class='ocrx_word' id='word_1_120' title='bbox 716 1967 768 1993; x_wconf 82' lang='lat' dir='ltr'><strong>ac</strong></span> <span class='ocrx_word' id='word_1_121' title='bbox 786 1955 937 1992; x_wconf 77' lang='lat' dir='ltr'><strong>Patris</strong></span> <span class='ocrx_word' id='word_1_122' title='bbox 957 1955 1186 1992; x_wconf 79' lang='lat' dir='ltr'><strong>Francisci</strong></span> <span class='ocrx_word' id='word_1_123' title='bbox 1202 1956 1398 1993; x_wconf 70' lang='lat' dir='ltr'><strong>adventet</strong></span> <span class='ocrx_word' id='word_1_124' title='bbox 1419 1959 1459 1993; x_wconf 86' lang='lat' dir='ltr'><strong>et</strong></span> <span class='ocrx_word' id='word_1_125' title='bbox 1476 1957 1687 2003; x_wconf 80' lang='lat' dir='ltr'><strong>exemplis</strong></span> 
     </span>
     <span class='ocr_line' id='line_1_21' title="bbox 123 2015 1689 2062; baseline -0.003 -5"><span class='ocrx_word' id='word_1_126' title='bbox 123 2021 338 2057; x_wconf 79' lang='lat' dir='ltr'><strong>virtntmn</strong></span> <span class='ocrx_word' id='word_1_127' title='bbox 368 2019 476 2054; x_wconf 86' lang='lat' dir='ltr'><strong>socii</strong></span> <span class='ocrx_word' id='word_1_128' title='bbox 505 2017 822 2062; x_wconf 71' lang='lat' dir='ltr'><strong>cornplzttenses</strong></span> <span class='ocrx_word' id='word_1_129' title='bbox 848 2015 1162 2061; x_wconf 53' lang='lat' dir='ltr'><strong>gandent—3.</strong></span> <span class='ocrx_word' id='word_1_130' title='bbox 1193 2015 1359 2052; x_wconf 79' lang='lat' dir='ltr'><strong>Eorum</strong></span> <span class='ocrx_word' id='word_1_131' title='bbox 1391 2017 1437 2053; x_wconf 84' lang='lat' dir='ltr'><strong>in</strong></span> <span class='ocrx_word' id='word_1_132' title='bbox 1465 2017 1621 2053; x_wconf 81' lang='lat' dir='ltr'><strong>litteris</strong></span> <span class='ocrx_word' id='word_1_133' title='bbox 1648 2019 1689 2053; x_wconf 82' lang='lat' dir='ltr'><strong>et</strong></span> 
     </span>
     <span class='ocr_line' id='line_1_22' title="bbox 122 2075 1686 2123; baseline -0.003 -7"><span class='ocrx_word' id='word_1_134' title='bbox 122 2079 360 2116; x_wconf 80' lang='lat' dir='ltr'><strong>virtntibns</strong></span> <span class='ocrx_word' id='word_1_135' title='bbox 387 2082 658 2123; x_wconf 71' lang='lat' dir='ltr'><strong>progressus.</strong></span> <span class='ocrx_word' id='word_1_136' title='bbox 677 2075 959 2112; x_wconf 72' lang='lat' dir='ltr'><strong>-Facnltatz&#39;s</strong></span> <span class='ocrx_word' id='word_1_137' title='bbox 989 2075 1227 2120; x_wconf 75' lang='lat' dir='ltr'><strong>theologiae</strong></span> <span class='ocrx_word' id='word_1_138' title='bbox 1254 2077 1518 2121; x_wconf 76' lang='lat' dir='ltr'><strong>parisiensis</strong></span> <span class='ocrx_word' id='word_1_139' title='bbox 1545 2076 1686 2112; x_wconf 82' lang='lat' dir='ltr'><strong>decre-</strong></span> 
     </span>
     <span class='ocr_line' id='line_1_23' title="bbox 123 2134 1684 2181; baseline -0.003 -5"><span class='ocrx_word' id='word_1_140' title='bbox 123 2142 217 2176; x_wconf 78' lang='lat' dir='ltr'><strong>tum</strong></span> <span class='ocrx_word' id='word_1_141' title='bbox 243 2140 392 2175; x_wconf 78' lang='lat' dir='ltr'><strong>contra</strong></span> <span class='ocrx_word' id='word_1_142' title='bbox 421 2136 677 2173; x_wconf 74' lang='lat' dir='ltr'><strong>Societatem</strong></span> <span class='ocrx_word' id='word_1_143' title='bbox 705 2137 750 2171; x_wconf 85' lang='lat' dir='ltr'><strong>in</strong></span> <span class='ocrx_word' id='word_1_144' title='bbox 778 2135 1071 2181; x_wconf 74' lang='lat' dir='ltr'><strong>complutensi</strong></span> <span class='ocrx_word' id='word_1_145' title='bbox 1095 2134 1328 2171; x_wconf 79' lang='lat' dir='ltr'><strong>academia</strong></span> <span class='ocrx_word' id='word_1_146' title='bbox 1356 2146 1553 2172; x_wconf 79' lang='lat' dir='ltr'><strong>amorem</strong></span> <span class='ocrx_word' id='word_1_147' title='bbox 1582 2146 1684 2181; x_wconf 76' lang='lat' dir='ltr'><strong>erga</strong></span> 
     </span>
     <span class='ocr_line' id='line_1_24' title="bbox 124 2194 1684 2241; baseline -0.002 -7"><span class='ocrx_word' id='word_1_148' title='bbox 124 2198 325 2235; x_wconf 76' lang='lat' dir='ltr'><strong>ecmzdenz</strong></span> <span class='ocrx_word' id='word_1_149' title='bbox 346 2197 602 2234; x_wconf 77' lang='lat' dir='ltr'><strong>Societatem</strong></span> <span class='ocrx_word' id='word_1_150' title='bbox 623 2195 918 2241; x_wconf 49' lang='lat' dir='ltr'><strong>adauget—4.</strong></span> <span class='ocrx_word' id='word_1_151' title='bbox 955 2194 990 2231; x_wconf 83' lang='grc' dir='ltr'><em>Τ</em></span> <span class='ocrx_word' id='word_1_152' title='bbox 986 2195 1207 2240; x_wconf 81' lang='lat' dir='ltr'><strong>lzeologiae</strong></span> <span class='ocrx_word' id='word_1_153' title='bbox 1226 2195 1523 2231; x_wconf 81' lang='lat' dir='ltr'><strong>conclusiones</strong></span> <span class='ocrx_word' id='word_1_154' title='bbox 1542 2197 1587 2231; x_wconf 81' lang='lat' dir='ltr'><strong>in</strong></span> <span class='ocrx_word' id='word_1_155' title='bbox 1613 2206 1684 2232; x_wconf 86' lang='lat' dir='ltr'><strong>no-</strong></span> 
     </span>
     <span class='ocr_line' id='line_1_25' title="bbox 122 2254 1685 2302; baseline -0.001 -8"><span class='ocrx_word' id='word_1_156' title='bbox 122 2260 208 2294; x_wconf 86' lang='lat' dir='ltr'><strong>stro</strong></span> <span class='ocrx_word' id='word_1_157' title='bbox 229 2258 402 2302; x_wconf 79' lang='lat' dir='ltr'><strong>collegio</strong></span> <span class='ocrx_word' id='word_1_158' title='bbox 422 2257 475 2293; x_wconf 80' lang='lat' dir='ltr'><strong>ab</strong></span> <span class='ocrx_word' id='word_1_159' title='bbox 495 2255 768 2293; x_wconf 79' lang='lat' dir='ltr'><strong>adolescente</strong></span> <span class='ocrx_word' id='word_1_160' title='bbox 786 2255 950 2300; x_wconf 58' lang='lat' dir='ltr'><strong>egregrie</strong></span> <span class='ocrx_word' id='word_1_161' title='bbox 968 2257 1286 2291; x_wconf 77' lang='lat' dir='ltr'><strong>sustentantur.</strong></span> <span class='ocrx_word' id='word_1_162' title='bbox 1301 2254 1389 2290; x_wconf 71' lang='lat'><strong>—5.</strong></span> <span class='ocrx_word' id='word_1_163' title='bbox 1420 2254 1608 2291; x_wconf 71' lang='lat' dir='ltr'><strong>Fructus</strong></span> <span class='ocrx_word' id='word_1_164' title='bbox 1634 2266 1685 2292; x_wconf 85' lang='lat' dir='ltr'><strong>ex</strong></span> 
     </span>
    </p>
   </div>
   <div class='ocr_carea' id='block_1_9' title="bbox 122 2315 754 2361">
    <p class='ocr_par' dir='ltr' id='par_1_9' title="bbox 122 2315 754 2361">
     <span class='ocr_line' id='line_1_26' title="bbox 122 2315 754 2361; baseline -0.005 -7"><span class='ocrx_word' id='word_1_165' title='bbox 122 2319 259 2354; x_wconf 81' lang='lat' dir='ltr'><strong>sacris</strong></span> <span class='ocrx_word' id='word_1_166' title='bbox 278 2317 535 2353; x_wconf 80' lang='lat' dir='ltr'><strong>ministeriis</strong></span> <span class='ocrx_word' id='word_1_167' title='bbox 551 2315 754 2361; x_wconf 73' lang='lat' dir='ltr'><strong>percepti.</strong></span> 
     </span>
    </p>
   </div>
   <div class='ocr_carea' id='block_1_10' title="bbox 55 2413 1682 2552">
    <p class='ocr_par' dir='ltr' id='par_1_10' title="bbox 55 2413 1682 2552">
     <span class='ocr_line' id='line_1_27' title="bbox 116 2413 1671 2473; baseline -0.001 -10"><span class='ocrx_word' id='word_1_168' title='bbox 116 2420 153 2463; x_wconf 88' lang='lat'><strong>1.</strong></span> <span class='ocrx_word' id='word_1_169' title='bbox 219 2421 246 2470; x_wconf 85' lang='lat'><strong>†</strong></span> <span class='ocrx_word' id='word_1_170' title='bbox 279 2417 373 2462; x_wconf 92' lang='lat' dir='ltr'><strong>Ihs.</strong></span> <span class='ocrx_word' id='word_1_171' title='bbox 401 2416 520 2473; x_wconf 86' lang='lat' dir='ltr'><strong>Muy</strong></span> <span class='ocrx_word' id='word_1_172' title='bbox 543 2415 670 2461; x_wconf 82' lang='lat' dir='ltr'><strong>Rdo.</strong></span> <span class='ocrx_word' id='word_1_173' title='bbox 709 2431 769 2460; x_wconf 91' lang='lat' dir='ltr'><strong>en</strong></span> <span class='ocrx_word' id='word_1_174' title='bbox 804 2413 956 2460; x_wconf 75' lang='lat' dir='ltr'><strong>Chro.</strong></span> <span class='ocrx_word' id='word_1_175' title='bbox 995 2414 1158 2459; x_wconf 83' lang='lat' dir='ltr'><strong>Padre</strong></span> <span class='ocrx_word' id='word_1_176' title='bbox 1192 2424 1411 2460; x_wconf 87' lang='lat' dir='ltr'><strong>nuestro.</strong></span> <span class='ocrx_word' id='word_1_177' title='bbox 1450 2415 1557 2461; x_wconf 85' lang='lat' dir='ltr'><strong>Pax</strong></span> <span class='ocrx_word' id='word_1_178' title='bbox 1592 2415 1671 2462; x_wconf 73' lang='grc' dir='ltr'><strong>Χ.ἰ</strong></span> 
     </span>
     <span class='ocr_line' id='line_1_28' title="bbox 55 2490 1682 2552; baseline -0.001 -12"><span class='ocrx_word' id='word_1_179' title='bbox 55 2494 265 2552; x_wconf 85' lang='lat' dir='ltr'><strong>Aunque</strong></span> <span class='ocrx_word' id='word_1_180' title='bbox 289 2509 548 2551; x_wconf 87' lang='lat' dir='ltr'><strong>speramos</strong></span> <span class='ocrx_word' id='word_1_181' title='bbox 573 2508 632 2538; x_wconf 87' lang='lat' dir='ltr'><strong>en</strong></span> <span class='ocrx_word' id='word_1_182' title='bbox 658 2493 701 2537; x_wconf 86' lang='lat' dir='ltr'><strong>el</strong></span> <span class='ocrx_word' id='word_1_183' title='bbox 726 2490 888 2537; x_wconf 76' lang='lat' dir='ltr'><strong>Senor</strong></span> <span class='ocrx_word' id='word_1_184' title='bbox 911 2507 1005 2547; x_wconf 86' lang='lat' dir='ltr'><strong>que</strong></span> <span class='ocrx_word' id='word_1_185' title='bbox 1030 2492 1075 2536; x_wconf 91' lang='lat' dir='ltr'><strong>el</strong></span> <span class='ocrx_word' id='word_1_186' title='bbox 1106 2490 1269 2537; x_wconf 83' lang='lat' dir='ltr'><strong>Padre</strong></span> <span class='ocrx_word' id='word_1_187' title='bbox 1304 2492 1479 2538; x_wconf 79' lang='lat' dir='ltr'><strong>doctor</strong></span> <span class='ocrx_word' id='word_1_188' title='bbox 1511 2492 1682 2538; x_wconf 85' lang='lat' dir='ltr'><strong>Araoz</strong></span> 
     </span>
    </p>
   </div>
   <div class='ocr_carea' id='block_1_11' title="bbox 99 2681 1068 2726">
    <p class='ocr_par' dir='ltr' id='par_1_11' title="bbox 99 2681 1068 2726">
     <span class='ocr_line' id='line_1_29' title="bbox 99 2681 1068 2726; baseline -0.007 -4"><span class='ocrx_word' id='word_1_189' title='bbox 99 2684 118 2703; x_wconf 83' lang='lat' dir='ltr'><strong>a</strong></span> <span class='ocrx_word' id='word_1_190' title='bbox 167 2683 262 2721; x_wconf 90' lang='lat' dir='ltr'><strong>Hoc</strong></span> <span class='ocrx_word' id='word_1_191' title='bbox 279 2694 317 2720; x_wconf 82' lang='lat' dir='ltr'><strong>v.</strong></span> <span class='ocrx_word' id='word_1_192' title='bbox 340 2682 445 2720; x_wconf 80' lang='lat' dir='ltr'><strong>add.</strong></span> <span class='ocrx_word' id='word_1_193' title='bbox 468 2681 622 2718; x_wconf 77' lang='lat' dir='ltr'><strong>eadem</strong></span> <span class='ocrx_word' id='word_1_194' title='bbox 643 2691 781 2717; x_wconf 78' lang='lat' dir='ltr'><strong>mann</strong></span> <span class='ocrx_word' id='word_1_195' title='bbox 801 2684 939 2726; x_wconf 77' lang='lat' dir='ltr'><strong>snpra</strong></span> <span class='ocrx_word' id='word_1_196' title='bbox 958 2690 1068 2716; x_wconf 82' lang='lat' dir='ltr'><strong>vers.</strong></span> 
     </span>
    </p>
   </div>
   <div class='ocr_carea' id='block_1_12' title="bbox 101 2855 1675 2904">
    <p class='ocr_par' dir='ltr' id='par_1_12' title="bbox 101 2855 1675 2904">
     <span class='ocr_line' id='line_1_30' title="bbox 101 2855 1675 2904; baseline -0.001 -6"><span class='ocrx_word' id='word_1_197' title='bbox 101 2862 108 2881; x_wconf 83' lang='lat'>¹</span> <span class='ocrx_word' id='word_1_198' title='bbox 163 2860 226 2898; x_wconf 80' lang='lat' dir='ltr'><strong>Cf.</strong></span> <span class='ocrx_word' id='word_1_199' title='bbox 255 2860 614 2901; x_wconf 77' lang='lat' dir='ltr'>BRAUNSBERGER‚</span> <span class='ocrx_word' id='word_1_200' title='bbox 644 2857 753 2901; x_wconf 68' lang='lat' dir='ltr'><strong>ibid..</strong></span> <span class='ocrx_word' id='word_1_201' title='bbox 782 2856 831 2899; x_wconf 80' lang='grc' dir='ltr'><strong>ΙΙ,</strong></span> <span class='ocrx_word' id='word_1_202' title='bbox 862 2856 1015 2901; x_wconf 75' lang='grc' dir='ltr'><strong>ΧΧΠΙς</strong></span> <span class='ocrx_word' id='word_1_203' title='bbox 1045 2861 1085 2892; x_wconf 84' lang='lat' dir='ltr'><strong>et</strong></span> <span class='ocrx_word' id='word_1_204' title='bbox 1112 2855 1356 2899; x_wconf 78' lang='lat' dir='ltr'><strong>POLANCUM,</strong></span> <span class='ocrx_word' id='word_1_205' title='bbox 1387 2857 1461 2894; x_wconf 85' lang='lat' dir='ltr'><strong>loc.</strong></span> <span class='ocrx_word' id='word_1_206' title='bbox 1490 2857 1571 2904; x_wconf 64' lang='lat' dir='ltr'><strong>cit,</strong></span> <span class='ocrx_word' id='word_1_207' title='bbox 1602 2858 1675 2904; x_wconf 89' lang='lat' dir='ltr'><strong>VI,</strong></span> 
     </span>
    </p>
   </div>
   <div class='ocr_carea' id='block_1_13' title="bbox 39 2920 1677 3090">
    <p class='ocr_par' dir='ltr' id='par_1_13' title="bbox 39 2920 1677 3090">
     <span class='ocr_line' id='line_1_31' title="bbox 39 2920 234 2963; baseline 0 -6"><span class='ocrx_word' id='word_1_208' title='bbox 39 2920 132 2963; x_wconf 68' lang='lat'><strong>354,</strong></span> <span class='ocrx_word' id='word_1_209' title='bbox 153 2921 234 2958; x_wconf 78' lang='lat'><strong>355.</strong></span> 
     </span>
     <span class='ocr_line' id='line_1_32' title="bbox 100 2977 850 3026; baseline -0.005 -9"><span class='ocrx_word' id='word_1_210' title='bbox 100 2980 113 2999; x_wconf 80' lang='lat'><strong>²</strong></span> <span class='ocrx_word' id='word_1_211' title='bbox 163 2979 339 3026; x_wconf 86' lang='lat' dir='ltr'><strong>Collegii</strong></span> <span class='ocrx_word' id='word_1_212' title='bbox 359 2977 686 3025; x_wconf 76' lang='lat' dir='ltr'><strong>ingolstadiensis</strong></span> <span class='ocrx_word' id='word_1_213' title='bbox 705 2982 850 3013; x_wconf 83' lang='lat' dir='ltr'><strong>rector.</strong></span> 
     </span>
     <span class='ocr_line' id='line_1_33' title="bbox 99 3034 1677 3090; baseline -0.001 -14"><span class='ocrx_word' id='word_1_214' title='bbox 99 3039 112 3059; x_wconf 76' lang='lat'>³</span> <span class='ocrx_word' id='word_1_215' title='bbox 160 3039 223 3076; x_wconf 77' lang='lat' dir='ltr'><strong>Ex</strong></span> <span class='ocrx_word' id='word_1_216' title='bbox 241 3039 460 3090; x_wconf 80' lang='lat' dir='ltr'><strong>archetypo</strong></span> <span class='ocrx_word' id='word_1_217' title='bbox 478 3037 518 3073; x_wconf 87' lang='lat' dir='ltr'><strong>in</strong></span> <span class='ocrx_word' id='word_1_218' title='bbox 537 3037 672 3073; x_wconf 88' lang='lat' dir='ltr'><strong>codice</strong></span> <span class='ocrx_word' id='word_1_219' title='bbox 691 3036 820 3082; x_wconf 85' lang='lat' dir='ltr'><strong>Hisp.</strong></span> <span class='ocrx_word' id='word_1_220' title='bbox 844 3035 911 3079; x_wconf 75' lang='lat'><strong>95,</strong></span> <span class='ocrx_word' id='word_1_221' title='bbox 932 3049 998 3071; x_wconf 92' lang='lat' dir='ltr'><strong>nn.</strong></span> <span class='ocrx_word' id='word_1_222' title='bbox 1019 3035 1065 3071; x_wconf 67' lang='lat'><strong>34</strong></span> <span class='ocrx_word' id='word_1_223' title='bbox 1090 3040 1130 3071; x_wconf 89' lang='lat' dir='ltr'><strong>et</strong></span> <span class='ocrx_word' id='word_1_224' title='bbox 1153 3034 1212 3078; x_wconf 79' lang='lat'><strong>36,</strong></span> <span class='ocrx_word' id='word_1_225' title='bbox 1241 3035 1386 3072; x_wconf 85' lang='lat' dir='ltr'><strong>omisso</strong></span> <span class='ocrx_word' id='word_1_226' title='bbox 1412 3048 1451 3072; x_wconf 89' lang='lat' dir='ltr'><strong>n.</strong></span> <span class='ocrx_word' id='word_1_227' title='bbox 1479 3035 1526 3072; x_wconf 82' lang='lat'><strong>35</strong></span> <span class='ocrx_word' id='word_1_228' title='bbox 1552 3037 1602 3073; x_wconf 84' lang='lat' dir='ltr'><strong>ab</strong></span> <span class='ocrx_word' id='word_1_229' title='bbox 1629 3049 1677 3074; x_wconf 90' lang='lat' dir='ltr'><strong>eo</strong></span> 
     </span>
    </p>
   </div>
   <div class='ocr_carea' id='block_1_14' title="bbox 43 3095 674 3144">
    <p class='ocr_par' dir='ltr' id='par_1_14' title="bbox 43 3095 674 3144">
     <span class='ocr_line' id='line_1_34' title="bbox 43 3095 674 3144; baseline -0.006 -9"><span class='ocrx_word' id='word_1_230' title='bbox 43 3097 122 3144; x_wconf 72' lang='lat' dir='ltr'><strong>=qui</strong></span> <span class='ocrx_word' id='word_1_231' title='bbox 140 3097 236 3134; x_wconf 81' lang='lat' dir='ltr'><strong>folia</strong></span> <span class='ocrx_word' id='word_1_232' title='bbox 253 3097 443 3144; x_wconf 83' lang='lat' dir='ltr'><strong>signavit3</strong></span> <span class='ocrx_word' id='word_1_233' title='bbox 465 3096 575 3143; x_wconf 88' lang='lat' dir='ltr'><strong>prius</strong></span> <span class='ocrx_word' id='word_1_234' title='bbox 593 3095 674 3132; x_wconf 81' lang='lat'><strong>327.</strong></span> 
     </span>
    </p>
   </div>
  </div>
 </body>
</html>
