<?xml version="1.0" encoding="UTF-8"?>
<!DOCTYPE html PUBLIC "-//W3C//DTD XHTML 1.0 Transitional//EN"
    "http://www.w3.org/TR/xhtml1/DTD/xhtml1-transitional.dtd">
<html xmlns="http://www.w3.org/1999/xhtml" xml:lang="en" lang="en">
 <head>
  <title>
</title>
<meta http-equiv="Content-Type" content="text/html;charset=utf-8" />
  <meta name='ocr-system' content='tesseract 3.04.00' />
  <meta name='ocr-capabilities' content='ocr_page ocr_carea ocr_par ocr_line ocrx_word'/>
</head>
<body>
  <div class='ocr_page' id='page_1' title='image "./litteraequadrime1705lain_0458.png"; bbox 0 0 1909 3328; ppageno 0'>
   <div class='ocr_carea' id='block_1_1' title="bbox 274 285 1339 330">
    <p class='ocr_par' dir='ltr' id='par_1_1' title="bbox 274 285 1339 330">
     <span class='ocr_line' id='line_1_1' title="bbox 274 285 1339 330; baseline -0.004 -7"><span class='ocrx_word' id='word_1_1' title='bbox 274 287 342 323; x_wconf 64' lang='lat'>426</span> <span class='ocrx_word' id='word_1_2' title='bbox 739 286 958 322; x_wconf 77' lang='lat' dir='ltr'>LITTERAE</span> <span class='ocrx_word' id='word_1_3' title='bbox 984 285 1339 330; x_wconf 76' lang='lat' dir='ltr'><strong>QUADRIMESTRES</strong></span> 
     </span>
    </p>
   </div>
   <div class='ocr_carea' id='block_1_2' title="bbox 227 381 1889 2912">
    <p class='ocr_par' dir='ltr' id='par_1_2' title="bbox 227 381 1854 1289">
     <span class='ocr_line' id='line_1_2' title="bbox 228 381 1830 440; baseline -0.003 -9"><span class='ocrx_word' id='word_1_4' title='bbox 228 387 372 439; x_wconf 87' lang='lat' dir='ltr'>landi;</span> <span class='ocrx_word' id='word_1_5' title='bbox 401 387 526 431; x_wconf 88' lang='lat' dir='ltr'>unde</span> <span class='ocrx_word' id='word_1_6' title='bbox 552 386 835 431; x_wconf 75' lang='lat' dir='ltr'>incredibile</span> <span class='ocrx_word' id='word_1_7' title='bbox 862 386 991 431; x_wconf 88' lang='lat' dir='ltr'>dictu</span> <span class='ocrx_word' id='word_1_8' title='bbox 1026 394 1100 430; x_wconf 83' lang='lat' dir='ltr'>est</span> <span class='ocrx_word' id='word_1_9' title='bbox 1133 392 1369 440; x_wconf 82' lang='lat' dir='ltr'>quantum</span> <span class='ocrx_word' id='word_1_10' title='bbox 1406 382 1647 427; x_wconf 89' lang='lat' dir='ltr'>malorum</span> <span class='ocrx_word' id='word_1_11' title='bbox 1683 382 1726 426; x_wconf 89' lang='lat' dir='ltr'>in</span> <span class='ocrx_word' id='word_1_12' title='bbox 1760 381 1830 427; x_wconf 85' lang='lat' dir='ltr'>Ec</span> 
     </span>
     <span class='ocr_line' id='line_1_3' title="bbox 227 458 1849 518; baseline -0.004 -9"><span class='ocrx_word' id='word_1_13' title='bbox 227 464 427 509; x_wconf 76' lang='lat' dir='ltr'>clesiam</span> <span class='ocrx_word' id='word_1_14' title='bbox 453 464 737 509; x_wconf 78' lang='lat' dir='ltr'>redundet.»</span> <span class='ocrx_word' id='word_1_15' title='bbox 766 463 905 508; x_wconf 87' lang='lat' dir='ltr'>Haec</span> <span class='ocrx_word' id='word_1_16' title='bbox 930 462 1006 507; x_wconf 90' lang='lat' dir='ltr'>ille</span> <span class='ocrx_word' id='word_1_17' title='bbox 1027 461 1105 518; x_wconf 83' lang='lat' dir='ltr'>qui</span> <span class='ocrx_word' id='word_1_18' title='bbox 1125 461 1273 506; x_wconf 89' lang='lat' dir='ltr'>etiam</span> <span class='ocrx_word' id='word_1_19' title='bbox 1299 460 1419 505; x_wconf 86' lang='lat' dir='ltr'>duos</span> <span class='ocrx_word' id='word_1_20' title='bbox 1437 475 1553 505; x_wconf 88' lang='lat' dir='ltr'>suos</span> <span class='ocrx_word' id='word_1_21' title='bbox 1572 458 1711 515; x_wconf 84' lang='lat' dir='ltr'>filios,</span> <span class='ocrx_word' id='word_1_22' title='bbox 1733 458 1849 514; x_wconf 88' lang='lat' dir='ltr'>opti-</span> 
     </span>
     <span class='ocr_line' id='line_1_4' title="bbox 229 535 1852 597; baseline -0.004 -12"><span class='ocrx_word' id='word_1_23' title='bbox 229 557 337 586; x_wconf 78' lang='lat' dir='ltr'>mae</span> <span class='ocrx_word' id='word_1_24' title='bbox 370 540 472 597; x_wconf 90' lang='lat' dir='ltr'>spei</span> <span class='ocrx_word' id='word_1_25' title='bbox 507 540 865 596; x_wconf 77' lang='lat' dir='ltr'>adolescentes,</span> <span class='ocrx_word' id='word_1_26' title='bbox 908 548 1103 584; x_wconf 89' lang='lat' dir='ltr'>nostros</span> <span class='ocrx_word' id='word_1_27' title='bbox 1144 537 1297 582; x_wconf 88' lang='lat' dir='ltr'>uoluit</span> <span class='ocrx_word' id='word_1_28' title='bbox 1336 552 1444 581; x_wconf 88' lang='lat' dir='ltr'>esse</span> <span class='ocrx_word' id='word_1_29' title='bbox 1484 535 1763 591; x_wconf 87' lang='lat' dir='ltr'>discipulos,</span> <span class='ocrx_word' id='word_1_30' title='bbox 1805 544 1852 579; x_wconf 89' lang='lat' dir='ltr'>et</span> 
     </span>
     <span class='ocr_line' id='line_1_5' title="bbox 228 611 1848 671; baseline -0.004 -9"><span class='ocrx_word' id='word_1_31' title='bbox 228 617 414 671; x_wconf 62' lang='lat' dir='ltr'>gaudet</span> <span class='ocrx_word' id='word_1_32' title='bbox 437 617 525 662; x_wconf 84' lang='lat' dir='ltr'>sibi</span> <span class='ocrx_word' id='word_1_33' title='bbox 550 617 767 662; x_wconf 90' lang='lat' dir='ltr'>oblatam</span> <span class='ocrx_word' id='word_1_34' title='bbox 797 615 1109 661; x_wconf 78' lang='lat' dir='ltr'>occasionem</span> <span class='ocrx_word' id='word_1_35' title='bbox 1145 614 1313 670; x_wconf 88' lang='lat' dir='ltr'>plures</span> <span class='ocrx_word' id='word_1_36' title='bbox 1347 612 1408 658; x_wconf 89' lang='lat' dir='ltr'>ad</span> <span class='ocrx_word' id='word_1_37' title='bbox 1443 628 1531 657; x_wconf 88' lang='lat' dir='ltr'>nos</span> <span class='ocrx_word' id='word_1_38' title='bbox 1569 611 1848 667; x_wconf 81' lang='lat' dir='ltr'>ablegandi.</span> 
     </span>
     <span class='ocr_line' id='line_1_6' title="bbox 230 688 1851 750; baseline -0.005 -10"><span class='ocrx_word' id='word_1_39' title='bbox 230 694 430 740; x_wconf 90' lang='lat' dir='ltr'>Caeteri</span> <span class='ocrx_word' id='word_1_40' title='bbox 456 695 581 740; x_wconf 90' lang='lat' dir='ltr'>enim</span> <span class='ocrx_word' id='word_1_41' title='bbox 607 695 679 739; x_wconf 91' lang='lat' dir='ltr'>sui</span> <span class='ocrx_word' id='word_1_42' title='bbox 705 693 923 750; x_wconf 86' lang='lat' dir='ltr'>discipuli</span> <span class='ocrx_word' id='word_1_43' title='bbox 950 692 1157 737; x_wconf 81' lang='lat' dir='ltr'>libenter</span> <span class='ocrx_word' id='word_1_44' title='bbox 1182 690 1241 736; x_wconf 93' lang='lat' dir='ltr'>ad</span> <span class='ocrx_word' id='word_1_45' title='bbox 1269 690 1383 735; x_wconf 92' lang='lat' dir='ltr'>illud</span> <span class='ocrx_word' id='word_1_46' title='bbox 1407 705 1459 735; x_wconf 89' lang='lat' dir='ltr'>se</span> <span class='ocrx_word' id='word_1_47' title='bbox 1478 688 1734 734; x_wconf 81' lang='lat' dir='ltr'>conferent</span> <span class='ocrx_word' id='word_1_48' title='bbox 1758 689 1851 733; x_wconf 89' lang='lat' dir='ltr'>col-</span> 
     </span>
     <span class='ocr_line' id='line_1_7' title="bbox 229 765 1851 828; baseline -0.004 -11"><span class='ocrx_word' id='word_1_49' title='bbox 229 773 411 828; x_wconf 81' lang='lat' dir='ltr'>legium</span> <span class='ocrx_word' id='word_1_50' title='bbox 436 773 481 817; x_wconf 89' lang='lat' dir='ltr'>in</span> <span class='ocrx_word' id='word_1_51' title='bbox 506 788 600 828; x_wconf 88' lang='lat' dir='ltr'>quo</span> <span class='ocrx_word' id='word_1_52' title='bbox 626 771 808 828; x_wconf 89' lang='lat' dir='ltr'>proprii</span> <span class='ocrx_word' id='word_1_53' title='bbox 833 770 1029 816; x_wconf 88' lang='lat' dir='ltr'>student</span> <span class='ocrx_word' id='word_1_54' title='bbox 1053 768 1148 814; x_wconf 88' lang='lat' dir='ltr'>filii.</span> <span class='ocrx_word' id='word_1_55' title='bbox 1176 767 1335 813; x_wconf 92' lang='lat' dir='ltr'>Huius</span> <span class='ocrx_word' id='word_1_56' title='bbox 1359 767 1449 812; x_wconf 86' lang='lat' dir='ltr'>uiri</span> <span class='ocrx_word' id='word_1_57' title='bbox 1469 765 1734 812; x_wconf 78' lang='lat' dir='ltr'>amicitiam</span> <span class='ocrx_word' id='word_1_58' title='bbox 1755 782 1851 810; x_wconf 90' lang='lat' dir='ltr'>ma-</span> 
     </span>
     <span class='ocr_line' id='line_1_8' title="bbox 229 842 1852 905; baseline -0.006 -9"><span class='ocrx_word' id='word_1_59' title='bbox 229 850 312 905; x_wconf 68' lang='lat' dir='ltr'>gni</span> <span class='ocrx_word' id='word_1_60' title='bbox 338 849 562 895; x_wconf 78' lang='lat' dir='ltr'>facimus.</span> <span class='ocrx_word' id='word_1_61' title='bbox 592 849 653 894; x_wconf 83' lang='lat' dir='ltr'>Et</span> <span class='ocrx_word' id='word_1_62' title='bbox 677 865 772 894; x_wconf 91' lang='lat' dir='ltr'>non</span> <span class='ocrx_word' id='word_1_63' title='bbox 799 848 941 894; x_wconf 90' lang='lat' dir='ltr'>uideo</span> <span class='ocrx_word' id='word_1_64' title='bbox 966 863 1076 891; x_wconf 85' lang='lat' dir='ltr'>cum</span> <span class='ocrx_word' id='word_1_65' title='bbox 1102 846 1277 903; x_wconf 87' lang='lat' dir='ltr'>quibus</span> <span class='ocrx_word' id='word_1_66' title='bbox 1307 845 1466 901; x_wconf 88' lang='lat' dir='ltr'>potius</span> <span class='ocrx_word' id='word_1_67' title='bbox 1500 844 1545 889; x_wconf 91' lang='lat' dir='ltr'>in</span> <span class='ocrx_word' id='word_1_68' title='bbox 1582 842 1852 889; x_wconf 79' lang='lat' dir='ltr'>Germania</span> 
     </span>
     <span class='ocr_line' id='line_1_9' title="bbox 230 920 1853 979; baseline -0.005 -7"><span class='ocrx_word' id='word_1_69' title='bbox 230 927 495 973; x_wconf 87' lang='lat' dir='ltr'>amicitiam</span> <span class='ocrx_word' id='word_1_70' title='bbox 521 926 820 972; x_wconf 82' lang='lat' dir='ltr'>contrahere</span> <span class='ocrx_word' id='word_1_71' title='bbox 846 925 1128 977; x_wconf 89' lang='lat' dir='ltr'>debeamus,</span> <span class='ocrx_word' id='word_1_72' title='bbox 1156 938 1303 979; x_wconf 86' lang='lat' dir='ltr'>quam</span> <span class='ocrx_word' id='word_1_73' title='bbox 1333 937 1442 966; x_wconf 92' lang='lat' dir='ltr'>cum</span> <span class='ocrx_word' id='word_1_74' title='bbox 1467 920 1781 977; x_wconf 87' lang='lat' dir='ltr'>principibus,</span> <span class='ocrx_word' id='word_1_75' title='bbox 1808 930 1853 964; x_wconf 92' lang='lat' dir='ltr'>et</span> 
     </span>
     <span class='ocr_line' id='line_1_10' title="bbox 231 996 1851 1056; baseline -0.006 -6"><span class='ocrx_word' id='word_1_76' title='bbox 231 1006 274 1050; x_wconf 92' lang='lat' dir='ltr'>in</span> <span class='ocrx_word' id='word_1_77' title='bbox 301 1004 466 1050; x_wconf 86' lang='lat' dir='ltr'>liberis</span> <span class='ocrx_word' id='word_1_78' title='bbox 489 1003 772 1050; x_wconf 89' lang='lat' dir='ltr'>ciuitatibus</span> <span class='ocrx_word' id='word_1_79' title='bbox 797 1018 906 1048; x_wconf 86' lang='lat' dir='ltr'>cum</span> <span class='ocrx_word' id='word_1_80' title='bbox 930 999 1245 1047; x_wconf 87' lang='lat' dir='ltr'>senatoribus</span> <span class='ocrx_word' id='word_1_81' title='bbox 1269 999 1351 1056; x_wconf 91' lang='lat' dir='ltr'>(ab</span> <span class='ocrx_word' id='word_1_82' title='bbox 1370 998 1461 1044; x_wconf 86' lang='lat' dir='ltr'>illis</span> <span class='ocrx_word' id='word_1_83' title='bbox 1480 998 1607 1043; x_wconf 91' lang='lat' dir='ltr'>enim</span> <span class='ocrx_word' id='word_1_84' title='bbox 1626 1006 1756 1042; x_wconf 87' lang='lat' dir='ltr'>totus</span> <span class='ocrx_word' id='word_1_85' title='bbox 1775 996 1851 1041; x_wconf 92' lang='lat' dir='ltr'>de-</span> 
     </span>
     <span class='ocr_line' id='line_1_11' title="bbox 231 1074 1854 1139; baseline -0.006 -12"><span class='ocrx_word' id='word_1_86' title='bbox 231 1082 406 1139; x_wconf 82' lang='lat' dir='ltr'>pendet</span> <span class='ocrx_word' id='word_1_87' title='bbox 431 1081 673 1138; x_wconf 85' lang='lat' dir='ltr'>populus),</span> <span class='ocrx_word' id='word_1_88' title='bbox 701 1090 748 1125; x_wconf 92' lang='lat' dir='ltr'>et</span> <span class='ocrx_word' id='word_1_89' title='bbox 772 1096 882 1126; x_wconf 92' lang='lat' dir='ltr'>cum</span> <span class='ocrx_word' id='word_1_90' title='bbox 907 1076 1277 1134; x_wconf 74' lang='lat' dir='ltr'>ludimagistris,</span> <span class='ocrx_word' id='word_1_91' title='bbox 1304 1085 1357 1121; x_wconf 90' lang='lat' dir='ltr'>vt</span> <span class='ocrx_word' id='word_1_92' title='bbox 1376 1075 1504 1132; x_wconf 76' lang='lat' dir='ltr'>quia</span> <span class='ocrx_word' id='word_1_93' title='bbox 1538 1090 1625 1131; x_wconf 88' lang='lat' dir='ltr'>per</span> <span class='ocrx_word' id='word_1_94' title='bbox 1659 1074 1854 1119; x_wconf 84' lang='lat' dir='ltr'>scholas</span> 
     </span>
     <span class='ocr_line' id='line_1_12' title="bbox 231 1147 1851 1215; baseline -0.006 -11"><span class='ocrx_word' id='word_1_95' title='bbox 231 1159 480 1204; x_wconf 85' lang='lat' dir='ltr'>subueniri</span> <span class='ocrx_word' id='word_1_96' title='bbox 506 1167 666 1215; x_wconf 87' lang='lat' dir='ltr'>potest</span> <span class='ocrx_word' id='word_1_97' title='bbox 689 1156 904 1202; x_wconf 82' lang='lat' dir='ltr'>afflictae</span> <span class='ocrx_word' id='word_1_98' title='bbox 934 1153 1254 1208; x_wconf 82' lang='lat' dir='ltr'>Germaniae,</span> <span class='ocrx_word' id='word_1_99' title='bbox 1291 1152 1355 1198; x_wconf 94' lang='lat' dir='ltr'>illi</span> <span class='ocrx_word' id='word_1_100' title='bbox 1390 1152 1598 1209; x_wconf 89' lang='lat' dir='ltr'>primum</span> <span class='ocrx_word' id='word_1_101' title='bbox 1632 1147 1851 1196; x_wconf 86' lang='lat' dir='ltr'>iuuentu-</span> 
     </span>
     <span class='ocr_line' id='line_1_13' title="bbox 233 1229 1527 1289; baseline -0.006 -8"><span class='ocrx_word' id='word_1_102' title='bbox 233 1245 329 1281; x_wconf 92' lang='lat' dir='ltr'>tem</span> <span class='ocrx_word' id='word_1_103' title='bbox 355 1246 489 1280; x_wconf 89' lang='lat' dir='ltr'>recte</span> <span class='ocrx_word' id='word_1_104' title='bbox 513 1234 784 1288; x_wconf 75' lang='lat' dir='ltr'>instituant,</span> <span class='ocrx_word' id='word_1_105' title='bbox 806 1244 852 1278; x_wconf 90' lang='lat' dir='ltr'>et</span> <span class='ocrx_word' id='word_1_106' title='bbox 878 1241 986 1289; x_wconf 90' lang='lat' dir='ltr'>post</span> <span class='ocrx_word' id='word_1_107' title='bbox 1009 1231 1071 1276; x_wconf 90' lang='lat' dir='ltr'>ad</span> <span class='ocrx_word' id='word_1_108' title='bbox 1096 1247 1185 1276; x_wconf 91' lang='lat' dir='ltr'>nos</span> <span class='ocrx_word' id='word_1_109' title='bbox 1209 1229 1527 1276; x_wconf 86' lang='lat' dir='ltr'>trasmittant.</span> 
     </span>
    </p>

    <p class='ocr_par' dir='ltr' id='par_1_3' title="bbox 233 1304 1889 2671">
     <span class='ocr_line' id='line_1_14' title="bbox 296 1304 1854 1364; baseline -0.006 -6"><span class='ocrx_word' id='word_1_110' title='bbox 296 1314 362 1359; x_wconf 81' lang='lat'>12.</span> <span class='ocrx_word' id='word_1_111' title='bbox 430 1313 569 1358; x_wconf 81' lang='lat' dir='ltr'>Haec</span> <span class='ocrx_word' id='word_1_112' title='bbox 607 1320 734 1357; x_wconf 89' lang='lat' dir='ltr'>sunt.</span> <span class='ocrx_word' id='word_1_113' title='bbox 772 1310 895 1355; x_wconf 89' lang='lat' dir='ltr'>Rde.</span> <span class='ocrx_word' id='word_1_114' title='bbox 934 1310 1107 1363; x_wconf 83' lang='lat' dir='ltr'>Pater,</span> <span class='ocrx_word' id='word_1_115' title='bbox 1145 1323 1272 1364; x_wconf 87' lang='lat' dir='ltr'>quae</span> <span class='ocrx_word' id='word_1_116' title='bbox 1311 1307 1448 1352; x_wconf 92' lang='lat' dir='ltr'>Deus</span> <span class='ocrx_word' id='word_1_117' title='bbox 1487 1305 1723 1351; x_wconf 86' lang='lat' dir='ltr'>Coloniae</span> <span class='ocrx_word' id='word_1_118' title='bbox 1764 1304 1854 1349; x_wconf 80' lang='lat' dir='ltr'>hoc</span> 
     </span>
     <span class='ocr_line' id='line_1_15' title="bbox 234 1381 1854 1446; baseline -0.005 -11"><span class='ocrx_word' id='word_1_119' title='bbox 234 1406 399 1435; x_wconf 87' lang='lat' dir='ltr'>mense</span> <span class='ocrx_word' id='word_1_120' title='bbox 424 1389 622 1446; x_wconf 89' lang='lat' dir='ltr'>operari</span> <span class='ocrx_word' id='word_1_121' title='bbox 658 1389 889 1445; x_wconf 81' lang='lat' dir='ltr'>dignatus</span> <span class='ocrx_word' id='word_1_122' title='bbox 924 1395 1011 1432; x_wconf 89' lang='lat' dir='ltr'>est:</span> <span class='ocrx_word' id='word_1_123' title='bbox 1041 1401 1166 1442; x_wconf 81' lang='lat' dir='ltr'>quae</span> <span class='ocrx_word' id='word_1_124' title='bbox 1201 1399 1359 1441; x_wconf 88' lang='lat' dir='ltr'>parua</span> <span class='ocrx_word' id='word_1_125' title='bbox 1389 1392 1437 1429; x_wconf 92' lang='lat' dir='ltr'>et</span> <span class='ocrx_word' id='word_1_126' title='bbox 1470 1398 1629 1439; x_wconf 87' lang='lat' dir='ltr'>pauca</span> <span class='ocrx_word' id='word_1_127' title='bbox 1660 1391 1788 1437; x_wconf 86' lang='lat' dir='ltr'>sunt,</span> <span class='ocrx_word' id='word_1_128' title='bbox 1814 1381 1854 1427; x_wconf 73' lang='lat' dir='ltr'>si</span> 
     </span>
     <span class='ocr_line' id='line_1_16' title="bbox 233 1458 1851 1523; baseline -0.006 -11"><span class='ocrx_word' id='word_1_129' title='bbox 233 1483 340 1512; x_wconf 80' lang='lat' dir='ltr'>cum</span> <span class='ocrx_word' id='word_1_130' title='bbox 367 1467 421 1512; x_wconf 87' lang='lat' dir='ltr'>iis</span> <span class='ocrx_word' id='word_1_131' title='bbox 445 1482 572 1523; x_wconf 85' lang='lat' dir='ltr'>quae</span> <span class='ocrx_word' id='word_1_132' title='bbox 596 1465 710 1511; x_wconf 90' lang='lat' dir='ltr'>alibi</span> <span class='ocrx_word' id='word_1_133' title='bbox 735 1464 853 1510; x_wconf 90' lang='lat' dir='ltr'>fiunt</span> <span class='ocrx_word' id='word_1_134' title='bbox 877 1463 1217 1518; x_wconf 74' lang='lat' dir='ltr'>conferantur;</span> <span class='ocrx_word' id='word_1_135' title='bbox 1245 1461 1329 1506; x_wconf 87' lang='lat' dir='ltr'>sed</span> <span class='ocrx_word' id='word_1_136' title='bbox 1365 1476 1550 1517; x_wconf 85' lang='lat' dir='ltr'>magna</span> <span class='ocrx_word' id='word_1_137' title='bbox 1573 1460 1611 1505; x_wconf 88' lang='lat' dir='ltr'>si</span> <span class='ocrx_word' id='word_1_138' title='bbox 1636 1458 1851 1504; x_wconf 89' lang='lat' dir='ltr'>conside-</span> 
     </span>
     <span class='ocr_line' id='line_1_17' title="bbox 234 1534 1854 1599; baseline -0.006 -10"><span class='ocrx_word' id='word_1_139' title='bbox 234 1553 372 1589; x_wconf 90' lang='lat' dir='ltr'>retur</span> <span class='ocrx_word' id='word_1_140' title='bbox 395 1543 522 1599; x_wconf 85' lang='lat' dir='ltr'>quod</span> <span class='ocrx_word' id='word_1_141' title='bbox 548 1542 785 1588; x_wconf 87' lang='lat' dir='ltr'>Coloniae</span> <span class='ocrx_word' id='word_1_142' title='bbox 820 1540 955 1586; x_wconf 73' lang='lat' dir='ltr'>facta</span> <span class='ocrx_word' id='word_1_143' title='bbox 989 1550 1115 1595; x_wconf 90' lang='lat' dir='ltr'>sunt,</span> <span class='ocrx_word' id='word_1_144' title='bbox 1143 1549 1190 1584; x_wconf 92' lang='lat' dir='ltr'>et</span> <span class='ocrx_word' id='word_1_145' title='bbox 1214 1537 1370 1594; x_wconf 89' lang='lat' dir='ltr'>primo</span> <span class='ocrx_word' id='word_1_146' title='bbox 1400 1535 1595 1593; x_wconf 85' lang='lat' dir='ltr'>collegii</span> <span class='ocrx_word' id='word_1_147' title='bbox 1620 1551 1765 1581; x_wconf 90' lang='lat' dir='ltr'>anno.</span> <span class='ocrx_word' id='word_1_148' title='bbox 1793 1534 1854 1579; x_wconf 86' lang='lat' dir='ltr'>Et</span> 
     </span>
     <span class='ocr_line' id='line_1_18' title="bbox 234 1612 1852 1670; baseline -0.006 -3"><span class='ocrx_word' id='word_1_149' title='bbox 234 1622 320 1667; x_wconf 88' lang='lat' dir='ltr'>nisi</span> <span class='ocrx_word' id='word_1_150' title='bbox 346 1622 405 1667; x_wconf 93' lang='lat' dir='ltr'>R.</span> <span class='ocrx_word' id='word_1_151' title='bbox 434 1622 484 1666; x_wconf 82' lang='lat' dir='ltr'>P.</span> <span class='ocrx_word' id='word_1_152' title='bbox 510 1619 800 1666; x_wconf 82' lang='lat' dir='ltr'>Leonardus</span> <span class='ocrx_word' id='word_1_153' title='bbox 825 1629 896 1664; x_wconf 86' lang='lat' dir='ltr'>tot</span> <span class='ocrx_word' id='word_1_154' title='bbox 921 1618 1017 1663; x_wconf 88' lang='lat' dir='ltr'>iam</span> <span class='ocrx_word' id='word_1_155' title='bbox 1042 1617 1182 1663; x_wconf 90' lang='lat' dir='ltr'>annis</span> <span class='ocrx_word' id='word_1_156' title='bbox 1205 1616 1249 1661; x_wconf 92' lang='lat' dir='ltr'>in</span> <span class='ocrx_word' id='word_1_157' title='bbox 1276 1614 1498 1661; x_wconf 88' lang='lat' dir='ltr'>iaciendo</span> <span class='ocrx_word' id='word_1_158' title='bbox 1532 1613 1725 1670; x_wconf 87' lang='lat' dir='ltr'>collegii</span> <span class='ocrx_word' id='word_1_159' title='bbox 1753 1612 1852 1657; x_wconf 84' lang='lat' dir='ltr'>fun-</span> 
     </span>
     <span class='ocr_line' id='line_1_19' title="bbox 234 1682 1889 1754; baseline -0.005 -10"><span class='ocrx_word' id='word_1_160' title='bbox 234 1700 461 1744; x_wconf 88' lang='lat' dir='ltr'>damento</span> <span class='ocrx_word' id='word_1_161' title='bbox 496 1706 768 1754; x_wconf 88' lang='lat' dir='ltr'>occupatus</span> <span class='ocrx_word' id='word_1_162' title='bbox 806 1696 994 1751; x_wconf 80' lang='lat' dir='ltr'>fuisset,</span> <span class='ocrx_word' id='word_1_163' title='bbox 1030 1695 1202 1740; x_wconf 88' lang='lat' dir='ltr'>timere</span> <span class='ocrx_word' id='word_1_164' title='bbox 1241 1692 1507 1749; x_wconf 87' lang='lat' dir='ltr'>inciperem</span> <span class='ocrx_word' id='word_1_165' title='bbox 1547 1707 1606 1736; x_wconf 93' lang='lat' dir='ltr'>ne</span> <span class='ocrx_word' id='word_1_166' title='bbox 1645 1690 1852 1736; x_wconf 87' lang='lat' dir='ltr'>subitum</span> <span class='ocrx_word' id='word_1_167' title='bbox 1885 1682 1889 1688; x_wconf 61' lang='grc'>’</span> 
     </span>
     <span class='ocr_line' id='line_1_20' title="bbox 234 1768 1856 1830; baseline -0.005 -9"><span class='ocrx_word' id='word_1_168' title='bbox 234 1776 361 1821; x_wconf 84' lang='lat' dir='ltr'>istud</span> <span class='ocrx_word' id='word_1_169' title='bbox 386 1774 743 1821; x_wconf 88' lang='lat' dir='ltr'>incrementum</span> <span class='ocrx_word' id='word_1_170' title='bbox 778 1773 888 1830; x_wconf 86' lang='lat' dir='ltr'>quid</span> <span class='ocrx_word' id='word_1_171' title='bbox 926 1772 1040 1818; x_wconf 91' lang='lat' dir='ltr'>mali</span> <span class='ocrx_word' id='word_1_172' title='bbox 1075 1770 1404 1828; x_wconf 77' lang='lat' dir='ltr'>praesagiret3</span> <span class='ocrx_word' id='word_1_173' title='bbox 1432 1785 1641 1826; x_wconf 89' lang='lat' dir='ltr'>paruum</span> <span class='ocrx_word' id='word_1_174' title='bbox 1670 1768 1856 1814; x_wconf 89' lang='lat' dir='ltr'>scilicet</span> 
     </span>
     <span class='ocr_line' id='line_1_21' title="bbox 235 1846 1854 1907; baseline -0.005 -9"><span class='ocrx_word' id='word_1_175' title='bbox 235 1853 515 1898; x_wconf 86' lang='lat' dir='ltr'>coloniense</span> <span class='ocrx_word' id='word_1_176' title='bbox 551 1852 769 1897; x_wconf 75' lang='lat' dir='ltr'>futurum</span> <span class='ocrx_word' id='word_1_177' title='bbox 804 1850 1086 1907; x_wconf 85' lang='lat' dir='ltr'>collegium,</span> <span class='ocrx_word' id='word_1_178' title='bbox 1115 1849 1159 1893; x_wconf 91' lang='lat' dir='ltr'>in</span> <span class='ocrx_word' id='word_1_179' title='bbox 1185 1847 1325 1894; x_wconf 87' lang='lat' dir='ltr'>cuius</span> <span class='ocrx_word' id='word_1_180' title='bbox 1355 1846 1592 1904; x_wconf 89' lang='lat' dir='ltr'>principio</span> <span class='ocrx_word' id='word_1_181' title='bbox 1627 1861 1721 1891; x_wconf 90' lang='lat' dir='ltr'>non</span> <span class='ocrx_word' id='word_1_182' title='bbox 1757 1861 1854 1890; x_wconf 88' lang='lat' dir='ltr'>ma-</span> 
     </span>
     <span class='ocr_line' id='line_1_22' title="bbox 235 1923 1852 1986; baseline -0.006 -10"><span class='ocrx_word' id='word_1_183' title='bbox 235 1930 312 1986; x_wconf 77' lang='lat' dir='ltr'>gis</span> <span class='ocrx_word' id='word_1_184' title='bbox 342 1930 673 1975; x_wconf 85' lang='lat' dir='ltr'>laboraretur.</span> <span class='ocrx_word' id='word_1_185' title='bbox 701 1927 799 1974; x_wconf 82' lang='lat' dir='ltr'>Sed</span> <span class='ocrx_word' id='word_1_186' title='bbox 823 1928 976 1981; x_wconf 84' lang='lat' dir='ltr'>Deus,</span> <span class='ocrx_word' id='word_1_187' title='bbox 1004 1927 1062 1972; x_wconf 83' lang='lat' dir='ltr'>T.</span> <span class='ocrx_word' id='word_1_188' title='bbox 1090 1926 1148 1971; x_wconf 90' lang='lat' dir='ltr'>R.</span> <span class='ocrx_word' id='word_1_189' title='bbox 1177 1934 1453 1970; x_wconf 89' lang='lat' dir='ltr'>commotus</span> <span class='ocrx_word' id='word_1_190' title='bbox 1477 1923 1722 1980; x_wconf 85' lang='lat' dir='ltr'>precibus,</span> <span class='ocrx_word' id='word_1_191' title='bbox 1750 1937 1852 1977; x_wconf 84' lang='lat' dir='ltr'>nos,</span> 
     </span>
     <span class='ocr_line' id='line_1_23' title="bbox 236 1999 1853 2066; baseline -0.006 -12"><span class='ocrx_word' id='word_1_192' title='bbox 236 2024 402 2066; x_wconf 84' lang='lat' dir='ltr'>spero,</span> <span class='ocrx_word' id='word_1_193' title='bbox 430 2007 700 2063; x_wconf 88' lang='lat' dir='ltr'>adiuuabit,</span> <span class='ocrx_word' id='word_1_194' title='bbox 727 2015 780 2052; x_wconf 90' lang='lat' dir='ltr'>ut</span> <span class='ocrx_word' id='word_1_195' title='bbox 803 2016 851 2051; x_wconf 92' lang='lat' dir='ltr'>et</span> <span class='ocrx_word' id='word_1_196' title='bbox 876 2005 1245 2051; x_wconf 74' lang='lat' dir='ltr'>fundamentum</span> <span class='ocrx_word' id='word_1_197' title='bbox 1281 2003 1404 2048; x_wconf 94' lang='lat' dir='ltr'>bene</span> <span class='ocrx_word' id='word_1_198' title='bbox 1439 2001 1666 2056; x_wconf 89' lang='lat' dir='ltr'>iaciatur,</span> <span class='ocrx_word' id='word_1_199' title='bbox 1699 2010 1747 2046; x_wconf 90' lang='lat' dir='ltr'>et</span> <span class='ocrx_word' id='word_1_200' title='bbox 1781 1999 1853 2045; x_wconf 83' lang='lat' dir='ltr'>fn·-</span> 
     </span>
     <span class='ocr_line' id='line_1_24' title="bbox 238 2077 1854 2141; baseline -0.004 -12"><span class='ocrx_word' id='word_1_201' title='bbox 238 2101 365 2130; x_wconf 91' lang='lat' dir='ltr'>mum</span> <span class='ocrx_word' id='word_1_202' title='bbox 405 2085 666 2141; x_wconf 83' lang='lat' dir='ltr'>collegium</span> <span class='ocrx_word' id='word_1_203' title='bbox 707 2092 987 2129; x_wconf 81' lang='lat' dir='ltr'>extruatur.</span> <span class='ocrx_word' id='word_1_204' title='bbox 1032 2081 1203 2127; x_wconf 83' lang='lat' dir='ltr'>Finem</span> <span class='ocrx_word' id='word_1_205' title='bbox 1241 2095 1370 2126; x_wconf 90' lang='lat' dir='ltr'>nunc</span> <span class='ocrx_word' id='word_1_206' title='bbox 1413 2079 1635 2124; x_wconf 81' lang='lat' dir='ltr'>facerem</span> <span class='ocrx_word' id='word_1_207' title='bbox 1680 2077 1768 2123; x_wconf 91' lang='lat' dir='ltr'>nisi</span> <span class='ocrx_word' id='word_1_208' title='bbox 1809 2088 1854 2122; x_wconf 85' lang='lat' dir='ltr'>et</span> 
     </span>
     <span class='ocr_line' id='line_1_25' title="bbox 238 2154 1853 2216; baseline -0.006 -8"><span class='ocrx_word' id='word_1_209' title='bbox 238 2179 372 2207; x_wconf 85' lang='lat' dir='ltr'>mors</span> <span class='ocrx_word' id='word_1_210' title='bbox 397 2161 568 2207; x_wconf 78' lang='lat' dir='ltr'>fratris</span> <span class='ocrx_word' id='word_1_211' title='bbox 591 2161 747 2206; x_wconf 89' lang='lat' dir='ltr'>nostri</span> <span class='ocrx_word' id='word_1_212' title='bbox 771 2158 1006 2216; x_wconf 79' lang='lat' dir='ltr'>Stephani</span> <span class='ocrx_word' id='word_1_213' title='bbox 1041 2157 1229 2213; x_wconf 77' lang='lat' dir='ltr'>Caroli,</span> <span class='ocrx_word' id='word_1_214' title='bbox 1258 2166 1306 2202; x_wconf 92' lang='lat' dir='ltr'>et</span> <span class='ocrx_word' id='word_1_215' title='bbox 1329 2156 1573 2202; x_wconf 89' lang='lat' dir='ltr'>aduentus</span> <span class='ocrx_word' id='word_1_216' title='bbox 1596 2156 1655 2201; x_wconf 88' lang='lat' dir='ltr'>R.</span> <span class='ocrx_word' id='word_1_217' title='bbox 1683 2155 1735 2200; x_wconf 86' lang='lat' dir='ltr'>P.</span> <span class='ocrx_word' id='word_1_218' title='bbox 1764 2154 1853 2200; x_wconf 91' lang='lat' dir='ltr'>Ca-</span> 
     </span>
     <span class='ocr_line' id='line_1_26' title="bbox 237 2232 1853 2295; baseline -0.005 -11"><span class='ocrx_word' id='word_1_219' title='bbox 237 2239 342 2284; x_wconf 90' lang='lat' dir='ltr'>nisii</span> <span class='ocrx_word' id='word_1_220' title='bbox 382 2239 672 2295; x_wconf 88' lang='lat' dir='ltr'>ampliorem</span> <span class='ocrx_word' id='word_1_221' title='bbox 712 2236 959 2283; x_wconf 89' lang='lat' dir='ltr'>scribendi</span> <span class='ocrx_word' id='word_1_222' title='bbox 1000 2235 1257 2281; x_wconf 90' lang='lat' dir='ltr'>materiam</span> <span class='ocrx_word' id='word_1_223' title='bbox 1297 2234 1578 2290; x_wconf 83' lang='lat' dir='ltr'>praeberet.</span> <span class='ocrx_word' id='word_1_224' title='bbox 1621 2232 1742 2289; x_wconf 90' lang='lat' dir='ltr'>Ipsis</span> <span class='ocrx_word' id='word_1_225' title='bbox 1777 2232 1853 2277; x_wconf 84' lang='lat' dir='ltr'>idi-</span> 
     </span>
     <span class='ocr_line' id='line_1_27' title="bbox 236 2309 1855 2368; baseline -0.006 -6"><span class='ocrx_word' id='word_1_226' title='bbox 236 2318 326 2362; x_wconf 89' lang='lat' dir='ltr'>bus</span> <span class='ocrx_word' id='word_1_227' title='bbox 351 2315 585 2361; x_wconf 90' lang='lat' dir='ltr'>Octobris</span> <span class='ocrx_word' id='word_1_228' title='bbox 610 2314 745 2360; x_wconf 88' lang='lat' dir='ltr'>circa</span> <span class='ocrx_word' id='word_1_229' title='bbox 770 2315 943 2360; x_wconf 89' lang='lat' dir='ltr'>horam</span> <span class='ocrx_word' id='word_1_230' title='bbox 983 2313 1036 2358; x_wconf 84' lang='lat'>10</span> <span class='ocrx_word' id='word_1_231' title='bbox 1067 2321 1182 2358; x_wconf 89' lang='lat' dir='ltr'>ante</span> <span class='ocrx_word' id='word_1_232' title='bbox 1216 2310 1475 2368; x_wconf 89' lang='lat' dir='ltr'>prandium</span> <span class='ocrx_word' id='word_1_233' title='bbox 1510 2309 1745 2366; x_wconf 85' lang='lat' dir='ltr'>migrauit</span> <span class='ocrx_word' id='word_1_234' title='bbox 1768 2309 1855 2354; x_wconf 89' lang='lat' dir='ltr'>iste</span> 
     </span>
     <span class='ocr_line' id='line_1_28' title="bbox 238 2379 1865 2448; baseline -0.005 -9"><span class='ocrx_word' id='word_1_235' title='bbox 238 2393 394 2439; x_wconf 77' lang='lat' dir='ltr'>frater</span> <span class='ocrx_word' id='word_1_236' title='bbox 429 2393 491 2439; x_wconf 90' lang='lat' dir='ltr'>ad</span> <span class='ocrx_word' id='word_1_237' title='bbox 525 2392 803 2438; x_wconf 90' lang='lat' dir='ltr'>Dominum:</span> <span class='ocrx_word' id='word_1_238' title='bbox 832 2391 910 2448; x_wconf 88' lang='lat' dir='ltr'>qui</span> <span class='ocrx_word' id='word_1_239' title='bbox 945 2391 1058 2436; x_wconf 90' lang='lat' dir='ltr'>dum</span> <span class='ocrx_word' id='word_1_240' title='bbox 1092 2390 1285 2435; x_wconf 86' lang='lat' dir='ltr'>uiueret</span> <span class='ocrx_word' id='word_1_241' title='bbox 1317 2387 1556 2445; x_wconf 86' lang='lat' dir='ltr'>singulari</span> <span class='ocrx_word' id='word_1_242' title='bbox 1590 2379 1865 2444; x_wconf 64' lang='lat' dir='ltr'>patientiae&gt;</span> 
     </span>
     <span class='ocr_line' id='line_1_29' title="bbox 237 2463 1855 2525; baseline -0.005 -9"><span class='ocrx_word' id='word_1_243' title='bbox 237 2480 285 2516; x_wconf 90' lang='lat' dir='ltr'>et</span> <span class='ocrx_word' id='word_1_244' title='bbox 323 2470 633 2516; x_wconf 89' lang='lat' dir='ltr'>obedientiae</span> <span class='ocrx_word' id='word_1_245' title='bbox 673 2469 950 2525; x_wconf 83' lang='lat' dir='ltr'>exemplum</span> <span class='ocrx_word' id='word_1_246' title='bbox 990 2467 1094 2521; x_wconf 82' lang='lat' dir='ltr'>fuit,</span> <span class='ocrx_word' id='word_1_247' title='bbox 1131 2476 1179 2513; x_wconf 87' lang='lat' dir='ltr'>et</span> <span class='ocrx_word' id='word_1_248' title='bbox 1218 2467 1460 2511; x_wconf 91' lang='lat' dir='ltr'>bonorum</span> <span class='ocrx_word' id='word_1_249' title='bbox 1499 2463 1855 2510; x_wconf 85' lang='lat' dir='ltr'>desideriorum</span> 
     </span>
     <span class='ocr_line' id='line_1_30' title="bbox 240 2540 1855 2605; baseline -0.005 -12"><span class='ocrx_word' id='word_1_250' title='bbox 240 2549 425 2605; x_wconf 89' lang='lat' dir='ltr'>plenus.</span> <span class='ocrx_word' id='word_1_251' title='bbox 454 2547 596 2593; x_wconf 92' lang='lat' dir='ltr'>Nunc</span> <span class='ocrx_word' id='word_1_252' title='bbox 620 2545 813 2591; x_wconf 89' lang='lat' dir='ltr'>confido</span> <span class='ocrx_word' id='word_1_253' title='bbox 850 2545 894 2590; x_wconf 93' lang='lat' dir='ltr'>in</span> <span class='ocrx_word' id='word_1_254' title='bbox 931 2545 1071 2591; x_wconf 90' lang='lat' dir='ltr'>caelo</span> <span class='ocrx_word' id='word_1_255' title='bbox 1105 2559 1195 2601; x_wconf 90' lang='lat' dir='ltr'>pro</span> <span class='ocrx_word' id='word_1_256' title='bbox 1229 2542 1384 2599; x_wconf 85' lang='lat' dir='ltr'>nobiS‚</span> <span class='ocrx_word' id='word_1_257' title='bbox 1412 2540 1621 2587; x_wconf 90' lang='lat' dir='ltr'>Colonia</span> <span class='ocrx_word' id='word_1_258' title='bbox 1654 2549 1855 2597; x_wconf 89' lang='lat' dir='ltr'>totaque</span> 
     </span>
     <span class='ocr_line' id='line_1_31' title="bbox 238 2624 847 2671; baseline -0.005 0"><span class='ocrx_word' id='word_1_259' title='bbox 238 2624 512 2671; x_wconf 84' lang='lat' dir='ltr'>Germania</span> <span class='ocrx_word' id='word_1_260' title='bbox 536 2625 697 2671; x_wconf 91' lang='lat' dir='ltr'>Deum</span> <span class='ocrx_word' id='word_1_261' title='bbox 722 2632 847 2669; x_wconf 89' lang='lat' dir='ltr'>orat.</span> 
     </span>
    </p>

    <p class='ocr_par' dir='ltr' id='par_1_4' title="bbox 239 2693 1856 2912">
     <span class='ocr_line' id='line_1_32' title="bbox 301 2693 1855 2759; baseline -0.005 -11"><span class='ocrx_word' id='word_1_262' title='bbox 301 2702 368 2748; x_wconf 78' lang='lat'>13.</span> <span class='ocrx_word' id='word_1_263' title='bbox 434 2703 494 2747; x_wconf 95' lang='lat' dir='ltr'>R.</span> <span class='ocrx_word' id='word_1_264' title='bbox 533 2711 700 2759; x_wconf 87' lang='lat' dir='ltr'>autem</span> <span class='ocrx_word' id='word_1_265' title='bbox 736 2701 789 2746; x_wconf 90' lang='lat' dir='ltr'>P.</span> <span class='ocrx_word' id='word_1_266' title='bbox 829 2699 1060 2746; x_wconf 87' lang='lat' dir='ltr'>Canisius</span> <span class='ocrx_word' id='word_1_267' title='bbox 1093 2700 1120 2744; x_wconf 82' lang='grc'>4</span> <span class='ocrx_word' id='word_1_268' title='bbox 1153 2697 1388 2744; x_wconf 90' lang='lat' dir='ltr'>calendas</span> <span class='ocrx_word' id='word_1_269' title='bbox 1421 2695 1717 2742; x_wconf 87' lang='lat' dir='ltr'>Nouembris</span> <span class='ocrx_word' id='word_1_270' title='bbox 1749 2702 1766 2723; x_wconf 62' lang='grc' dir='ltr'><strong><em>ὃ</em></strong></span> <span class='ocrx_word' id='word_1_271' title='bbox 1795 2693 1855 2740; x_wconf 87' lang='lat' dir='ltr'>ad</span> 
     </span>
     <span class='ocr_line' id='line_1_33' title="bbox 239 2773 1856 2835; baseline -0.005 -11"><span class='ocrx_word' id='word_1_272' title='bbox 239 2794 329 2823; x_wconf 90' lang='lat' dir='ltr'>nos</span> <span class='ocrx_word' id='word_1_273' title='bbox 353 2778 785 2835; x_wconf 84' lang='lat' dir='ltr'>expectatissimus</span> <span class='ocrx_word' id='word_1_274' title='bbox 808 2775 941 2822; x_wconf 89' lang='lat' dir='ltr'>uenit</span> <span class='ocrx_word' id='word_1_275' title='bbox 964 2792 1026 2822; x_wconf 84' lang='lat' dir='ltr'>ex</span> <span class='ocrx_word' id='word_1_276' title='bbox 1051 2773 1375 2820; x_wconf 89' lang='lat' dir='ltr'>vormatiensi</span> <span class='ocrx_word' id='word_1_277' title='bbox 1400 2773 1658 2829; x_wconf 83' lang='lat' dir='ltr'>colloquio,</span> <span class='ocrx_word' id='word_1_278' title='bbox 1680 2781 1728 2818; x_wconf 90' lang='lat' dir='ltr'>et</span> <span class='ocrx_word' id='word_1_279' title='bbox 1751 2786 1856 2828; x_wconf 90' lang='lat' dir='ltr'>per-</span> 
     </span>
     <span class='ocr_line' id='line_1_34' title="bbox 241 2849 1854 2912; baseline -0.004 -12"><span class='ocrx_word' id='word_1_280' title='bbox 241 2856 443 2900; x_wconf 89' lang='lat' dir='ltr'>multum</span> <span class='ocrx_word' id='word_1_281' title='bbox 478 2870 566 2900; x_wconf 88' lang='lat' dir='ltr'>nos</span> <span class='ocrx_word' id='word_1_282' title='bbox 601 2870 692 2900; x_wconf 89' lang='lat' dir='ltr'>sua</span> <span class='ocrx_word' id='word_1_283' title='bbox 725 2852 1010 2912; x_wconf 82' lang='lat' dir='ltr'>praesentia</span> <span class='ocrx_word' id='word_1_284' title='bbox 1034 2851 1237 2898; x_wconf 88' lang='lat' dir='ltr'>adiuuit.</span> <span class='ocrx_word' id='word_1_285' title='bbox 1266 2849 1561 2896; x_wconf 87' lang='lat' dir='ltr'>Conciliauit</span> <span class='ocrx_word' id='word_1_286' title='bbox 1595 2849 1742 2895; x_wconf 90' lang='lat' dir='ltr'>etiam</span> <span class='ocrx_word' id='word_1_287' title='bbox 1776 2864 1854 2893; x_wconf 90' lang='lat' dir='ltr'>no-</span> 
     </span>
    </p>
   </div>
   <div class='ocr_carea' id='block_1_3' title="bbox 287 3085 1470 3136">
    <p class='ocr_par' dir='ltr' id='par_1_5' title="bbox 287 3085 1470 3136">
     <span class='ocr_line' id='line_1_35' title="bbox 287 3085 1470 3136; baseline -0.006 -8"><span class='ocrx_word' id='word_1_288' title='bbox 287 3104 303 3123; x_wconf 81' lang='lat' dir='ltr'>a</span> <span class='ocrx_word' id='word_1_289' title='bbox 375 3091 427 3128; x_wconf 81' lang='lat' dir='ltr'>In</span> <span class='ocrx_word' id='word_1_290' title='bbox 448 3093 648 3136; x_wconf 59' lang='lat' dir='ltr'>margine</span> <span class='ocrx_word' id='word_1_291' title='bbox 665 3091 755 3127; x_wconf 78' lang='lat' dir='ltr'>alia</span> <span class='ocrx_word' id='word_1_292' title='bbox 778 3100 930 3126; x_wconf 74' lang='lat' dir='ltr'>mauu:</span> <span class='ocrx_word' id='word_1_293' title='bbox 953 3087 1105 3125; x_wconf 86' lang='lat' dir='ltr'>Canisii</span> <span class='ocrx_word' id='word_1_294' title='bbox 1124 3092 1240 3133; x_wconf 78' lang='lat' dir='ltr'>gesta</span> <span class='ocrx_word' id='word_1_295' title='bbox 1261 3085 1470 3123; x_wconf 85' lang='lat' dir='ltr'>Coloniae.</span> 
     </span>
    </p>
   </div>
  </div>
 </body>
</html>
