1900 3380
513 239 893 277 iba—Froassmm
919 237 965 274 26
992 237 1152 274 MARm
1182 237 1272 273 1558
1587 234 1657 270 589

76 338 271 395 spicias,
299 336 564 382 ditissimos
589 350 673 380 eos
698 350 806 379 esse
831 333 977 379 facile
1014 333 1268 378 iudicabis.
1298 332 1360 377 Iis
1384 332 1511 377 enim
1548 329 1705 375 nostri

74 415 212 460 Pres.
240 413 441 470 perinde
466 413 776 457 delectantur
810 422 958 467 atque
993 409 1030 455 si
1067 409 1327 454 uniuersos
1361 409 1530 453 hostes
1555 406 1703 451 nomi-

74 493 149 537 nis
172 490 426 537 christiani
452 489 513 534 ad
540 489 651 546 Xpi.
682 488 823 533 fldem
849 487 1214 544 pertraherent.
1238 487 1405 543 Atque
1431 494 1480 530 ut
1505 483 1704 540 aliquod

75 586 136 615 ex
175 568 337 613 multis
372 567 652 624 exemplum
692 567 737 611 in
780 565 990 610 medium
1032 564 1365 621 proferamus,
1404 574 1512 608 erat
1548 577 1705 618 nuper

76 646 321 704 quaedam
368 644 566 695 mulier,
615 659 741 699 quae
792 642 1075 698 pudicitiam
1126 641 1425 697 prostituere
1476 647 1705 695 egestate

74 733 253 769 coacta
278 724 593 768 decreuerat:
623 732 877 766 caeterum
903 719 981 765 ubi
1018 719 1200 763 nostris
1234 734 1286 763 se
1321 716 1703 768 commendauit,

73 817 168 846 non
194 800 340 845 modo
364 815 393 844 a
418 808 557 844 tanto
581 799 772 843 scelere
797 797 997 850 destitit,
1028 812 1197 841 uerum
1233 796 1382 840 etiam
1415 794 1588 840 diuinis
1613 793 1705 850 spi-

74 878 399 933 ritalibusque
425 877 575 920 rebus
599 891 651 920 se
677 884 833 919 totam
869 873 1187 929 mancipauit:
1216 872 1435 917 collectis
1467 872 1595 916 enim
1621 870 1706 916 ali—

76 964 193 1012 quot
227 970 290 1000 ex
324 954 381 999 iis
416 952 494 1010 qui
529 953 591 998 ad
626 952 898 998 audiendas
938 951 1198 997 conciones
1234 951 1279 995 in
1316 959 1487 994 nostro
1521 949 1705 1005 templo

74 1032 391 1086 conueniunt,
419 1030 747 1085 eleemosinis,
776 1030 880 1074 eius
906 1027 1100 1084 inopiae
1124 1028 1424 1073 subuentum
1448 1035 1538 1072 est.

138 1109 203 1153 17.
268 1108 530 1165 Quaedam
566 1117 833 1163 praeterea
857 1121 983 1162 quae
1008 1104 1290 1161 turpissime
1316 1104 1470 1149 uitam
1496 1104 1541 1148 in
1572 1104 1706 1160 lupa-

74 1186 183 1231 nari
214 1186 467 1242 exigebat,
506 1185 679 1231 matris
713 1200 850 1240 suae,
889 1199 1015 1240 quae
1051 1181 1232 1228 nostris
1263 1180 1611 1237 confitebatur,
1640 1182 1706 1226 la-

79 1263 296 1320 chrymis
327 1279 388 1308 ac
418 1262 646 1319 precibus
681 1262 743 1306 ad
777 1262 958 1306 bonam
993 1259 1190 1305 uiuendi
1224 1258 1422 1314 frugem
1459 1258 1703 1314 restituta,

75 1340 326 1385 mirabiles
352 1339 398 1384 in
422 1339 504 1384 uia
527 1338 725 1384 Domini
751 1337 967 1394 quotidie
992 1351 1291 1393 progressus
1316 1335 1451 1380 facit:
1475 1350 1535 1380 ac
1560 1335 1708 1380 matri

75 1417 270 1473 quidem
295 1416 541 1462 maximae
566 1424 640 1461 est
664 1414 924 1471 uoluptati:
953 1413 1166 1459 caeteris
1191 1428 1313 1458 uero
1339 1412 1416 1468 qui
1443 1412 1599 1468 ipsam
1625 1428 1707 1456 an-

78 1508 159 1540 tea
184 1503 481 1551 cognorant,
505 1510 600 1538 non
628 1493 925 1538 mediocrem
950 1491 1102 1536 affert
1127 1490 1526 1535 admirationem.

140 1571 207 1617 18.
278 1571 437 1616 Erant
470 1582 517 1616 et
552 1571 816 1615 nonnullae
852 1569 928 1614 hic
963 1568 1193 1613 mulieres
1228 1583 1356 1623 quae
1392 1582 1612 1612 summas
1645 1583 1708 1611 ex

75 1650 169 1695 hac
199 1648 408 1694 fluminis
442 1647 760 1693 inundatione
795 1655 1097 1703 acceperant
1132 1645 1460 1701 calamitates,
1488 1643 1708 1689 fortuna-

76 1741 284 1783 rumque
309 1741 512 1771 suarum
536 1725 782 1770 iacturam
811 1724 1038 1769 fecerant
1061 1738 1157 1767 non
1181 1721 1500 1766 mediocrem.
1523 1720 1707 1777 Quam-

76 1804 249 1851 obrem
293 1803 355 1848 ad
400 1811 679 1848 extremam
725 1817 878 1858 usque
923 1799 1319 1856 desperationem
1366 1798 1705 1855 deuenissent,

75 1880 166 1926 nisi
191 1880 250 1925 ad
278 1879 447 1925 Prum.
474 1889 760 1926 nostrorum
785 1877 1125 1924 confessiones
1161 1886 1310 1933 atque
1341 1877 1606 1922 conciones
1630 1891 1708 1921 ac-

7 2010 9 2012 ,
75 1957 331 2013 cessisent;
359 1972 487 2013 quae
511 1973 609 2001 non
634 1956 780 2001 modo
804 1955 1193 2012 praeteritorum
1217 1955 1461 1999 malorum
1493 1953 1602 1998 illas
1626 1968 1708 2009 pa-

77 2035 256 2080 tientes
290 2034 517 2090 reddunt,
545 2049 720 2079 uerum
755 2033 904 2078 etiam
936 2033 997 2077 ad
1025 2032 1238 2077 maiores
1262 2047 1353 2087 pro
1377 2031 1489 2087 Xpi.
1514 2030 1709 2075 nomine

79 2111 407 2170 perferendas
431 2111 747 2156 calamitates
770 2110 1093 2156 inflammant.
1122 2109 1374 2154 Plurimae
1410 2108 1557 2153 etiam
1582 2123 1710 2164 quae

78 2191 122 2235 in
164 2206 358 2235 summa
398 2205 567 2235 rerum
607 2189 822 2234 omnium
866 2188 1029 2244 inopia
1069 2188 1147 2232 uel
1182 2187 1593 2243 desperauerant,
1633 2186 1712 2230 uel

79 2283 239 2324 graue
264 2267 462 2324 aliquod
486 2266 675 2311 crimen
710 2265 756 2310 in
790 2264 954 2310 Deum
989 2265 1301 2310 committere
1337 2263 1706 2320 cogitauerant,

77 2346 158 2390 ubi
182 2344 367 2390 nostris
391 2353 504 2389 sunt
526 2343 804 2400 confessae,
831 2342 1057 2388 foelicem
1084 2342 1210 2387 diem
1234 2342 1366 2386 illum
1392 2340 1708 2397 faustumque

79 2437 453 2479 nuncupauere,
482 2437 577 2478 quo
602 2421 664 2466 ad
688 2429 913 2465 nostrum
943 2419 1178 2476 templum
1213 2418 1383 2463 uenire
1417 2427 1705 2475 coeperunt;

80 2500 208 2557 quod
233 2499 374 2544 unius
399 2498 619 2544 mulieris
653 2498 932 2554 exemplum
968 2497 1040 2554 (ut
1075 2496 1198 2541 alias
1233 2495 1427 2540 interim
1463 2494 1710 2552 omittam)

78 2576 224 2622 facile
249 2576 449 2622 indicat:
477 2591 604 2632 quae
628 2591 658 2620 a
682 2575 791 2620 uiro
816 2589 906 2620 suo
931 2575 977 2619 in
1003 2589 1194 2619 summa
1218 2582 1516 2629 paupertate
1541 2587 1711 2617 rerum

79 2653 296 2698 omnium
323 2652 574 2709 destituta,
602 2661 762 2697 morte
787 2651 1074 2709 grauiorem
1110 2650 1261 2695 uitam
1298 2649 1550 2705 exigebat:
1577 2664 1710 2694 cum-

80 2746 174 2787 que
198 2729 277 2775 ille
302 2745 392 2787 pro
428 2744 586 2774 uxore
620 2728 946 2774 concubinam
981 2727 1072 2773 sibi
1107 2726 1392 2783 delegisset,
1420 2726 1567 2770 uxori
1603 2741 1710 2771 sae·

79 2807 189 2863 pius
214 2806 413 2864 roganti
448 2822 507 2851 ne
542 2822 594 2852 se
629 2806 915 2851 destitutam
949 2805 996 2850 in
1030 2815 1168 2850 tanta
1203 2819 1372 2848 rerum
1406 2803 1569 2860 inopia
1599 2819 1711 2849 esse

81 2893 354 2941 pateretur,
382 2883 497 2928 nihil
527 2883 659 2928 aliud
695 2883 892 2928 omnino
929 2881 1196 2938 respondit,
1224 2880 1315 2925 nisi
1338 2891 1390 2925 ut
1414 2880 1475 2926 ad
1502 2881 1712 2937 lupanar

81 2976 134 3006 se
158 2962 429 3015 conferret,
456 2961 642 3005 uictum
666 2975 756 3005 suo
781 2974 993 3016 corpore
1018 2958 1323 3015 quaesitura:
1352 2973 1479 3014 quae
1504 2973 1587 3003 res
1610 2973 1710 3002 mu-

83 3037 319 3084 lierculae
353 3038 570 3083 animum
605 3037 675 3082 ita
709 3036 930 3094 pupugit,
960 3045 1010 3081 ut
1044 3035 1314 3091 desperare
1348 3035 1546 3080 omnino
1581 3035 1711 3080 uide-
