1910 3380
509 224 820 263 42—'lj‘omffico
846 225 892 262 20
920 224 1092 262 Avium
1123 226 1211 263 lsfff
1561 227 1625 263 179

46 337 190 368 mam.
218 320 495 377 Singularis
520 320 656 366 ferus
679 328 695 348 ²¹
718 322 761 366 in
790 322 892 367 dies
923 321 1082 377 magis
1107 321 1330 377 depascit
1365 337 1473 366 eam
1504 321 1529 378 ¹,
1558 323 1670 377 quia

49 399 155 445 veri
186 398 399 455 operarii
434 398 565 455 apud
599 415 686 444 nos
721 398 965 443 deficiunt.
1005 398 1106 443 Vix
1144 398 1391 443 inuenitur
1428 398 1552 442 inter
1587 415 1673 443 nos¹

48 476 125 532 qui
161 475 328 520 ruinas
364 475 586 521 Ecclesie
621 476 750 521 serio
785 475 978 521 defleat.
1017 474 1150 520 Sane
1185 475 1274 520 nisi
1310 474 1550 519 Dominus
1584 492 1673 520 sua

49 553 386 599 misericordia
410 569 498 598 nos
523 554 752 609 respiciat
778 554 1011 599 mittendo
1032 553 1291 610 operarios
1314 569 1477 609 veros,
1506 553 1672 598 timen-

49 632 159 677 dum
183 639 257 675 est
280 631 477 675 tandem
502 646 562 676 ne
587 630 604 656 b
631 630 831 676 heretici
860 630 1003 686 (sicut
1034 629 1286 675 Christum
1322 630 1482 675 Deum
1509 630 1673 674 viuum

48 718 95 754 et
129 724 299 753 verum
340 708 385 752 in
417 714 431 734 ⁶
466 717 638 753 nostra
673 708 884 753 ecclesia
924 708 1129 764 pedibus
1169 708 1591 752 conculcauerunt
1630 718 1675 751 et

50 785 339 832 abiecerunt
363 786 394 838 ²,
422 785 491 830 sic
516 794 564 830 et
599 784 766 830 fideles
801 800 826 829 e
861 794 1032 830 nostro
1069 784 1304 829 Tornaco
1339 796 1454 829 ante
1491 799 1678 840 paucos

50 878 201 909 annos
225 862 492 918 expellant:
521 863 599 918 qui
624 862 683 907 de
708 862 846 908 nobis
877 862 1024 907 etiam
1055 863 1126 919 (vt
1162 862 1274 907 mihi
1310 863 1373 907 ab
1409 862 1517 906 aliis
1551 862 1675 906 rela-

50 949 149 986 tum
173 939 265 997 est)
292 939 473 984 dicunt:
502 939 583 984 vbi
615 949 687 984 est
712 940 848 984 Deus
883 939 1077 984 eorum?
1112 940 1126 962 ⁵³
1162 955 1278 985 ecce
1313 939 1557 996 quomodo
1596 938 1676 982 illa

50 1017 275 1063 Societas
302 1017 559 1062 ihesuitica
583 1017 852 1062 euanescit.
880 1016 930 1063 Si
957 1032 1079 1073 opus
1104 1033 1133 1062 a
1158 1017 1267 1062 Deo
1291 1016 1480 1069 fuisset,
1513 1016 1675 1072 vtique

50 1094 335 1150 creuissent,
377 1103 423 1139 et
462 1096 865 1150 permansissent.
893 1094 1002 1139 lmo
1037 1095 1255 1151 ipsemet
1291 1093 1676 1151 Dellsflagc‘llo

49 1186 140 1218 3210
165 1172 364 1228 expulit
386 1185 485 1217 eos.
520 1172 704 1216 Malum
736 1172 876 1216 nobis
900 1170 918 1197 ‘¹
937 1172 1106 1217 volunt
1140 1171 1434 1226 aduersarii,
1471 1171 1556 1215 sed
1581 1170 1677 1215 Do-

50 1250 205 1295 minus
230 1249 394 1294 omnia
414 1258 578 1295 vertet
596 1249 641 1294 in
662 1250 859 1305 bonum,
884 1249 1018 1294 velut
1037 1249 1082 1293 in
1103 1249 1330 1294 omnibus
1350 1248 1509 1305 magis
1529 1263 1675 1305 quam

51 1336 196 1373 antea
219 1326 480 1384 perspici03
509 1342 621 1371 nam
646 1342 755 1371 cum
784 1338 940 1372 morte
975 1336 1257 1372 nostrorum
1289 1327 1494 1371 Pati-um
1519 1326 1677 1371 creuit

52 1403 313 1450 Societatis
338 1404 649 1450 desiderium.

106 1481 146 1527 6.
209 1480 311 1526 Iam
335 1481 501 1537 plures
526 1481 873 1527 benefactores
899 1490 946 1526 et
970 1481 1193 1527 fautores
1217 1497 1359 1526 suum
1391 1491 1672 1538 promptum

53 1558 264 1604 animum
304 1558 568 1604 ostendunt
603 1574 748 1615 quam
785 1559 1065 1604 viuentibus
1105 1558 1220 1614 ipsis
1265 1559 1297 1613 ⁴,
1344 1559 1477 1603 velut
1517 1558 1678 1603 littere

54 1635 463 1681 commendatitia?
496 1635 562 1681 V.
601 1635 661 1680 R.
699 1651 809 1681 cum
844 1635 947 1681 istis
982 1636 1128 1681 misse
1163 1639 1433 1680 testantur.
1475 1635 1678 1680 Obtz'nztz

54 1712 206 1757 etiam
230 1712 427 1758 auxilio
452 1713 663 1757 Domini
685 1713 883 1758 litteras
907 1713 968 1758 ab
994 1712 1096 1758 istis
1121 1712 1209 1769 piis
1233 1712 1440 1757 dominis
1470 1728 1559 1768 pro
1584 1712 1678 1757 col-

53 1789 180 1846 legio
214 1789 432 1835 Tornaci
467 1789 705 1847 erigendo
738 1796 769 1835 e.
798 1790 991 1836 Primus
1016 1799 1090 1836 est
1114 1791 1338 1835 dominus
1362 1790 1678 1846 prothonota-

54 1867 154 1913 rius
176 1867 235 1913 de
258 1868 475 1914 Bredam
501 1868 730 1924 (vocatus
762 1882 793 1914 cz
826 1869 1148 1926 Bmgzmdia
1179 1868 1356 1914 Petrus
1391 1884 1420 1913 a
1454 1868 1679 1925 Burgun-

55 1945 166 2004 dia),
193 1946 460 1992 canonicus
485 1950 561 1991 est
582 1946 783 1992 maioris
808 1947 1049 1992 ecclesiae
1074 1947 1401 2002 tornacensis,
1432 1948 1543 1992 licet
1578 1946 1680 2003 ipse

12 2062 13 2065 ,
55 2022 388 2080 episcopatum
423 2024 730 2080 contempsit.
769 2023 866 2069 Vir
904 2023 1095 2079 nobilis,
1138 2024 1246 2081 pius
1284 2035 1331 2069 et
1370 2023 1681 2069 doctissimus

55 2099 208 2145 simul.
235 2099 329 2146 Hic
353 2101 486 2146 solus
509 2100 519 2126 f
555 2110 722 2158 posset
747 2116 836 2146 nos
855 2117 1154 2158 promouere
1174 2112 1220 2147 et
1240 2101 1503 2158 collegium
1524 2101 1680 2156 erige-

56 2191 124 2222 re:
150 2185 337 2222 tantum
363 2178 493 2224 mz‘lzz‘
514 2185 532 2212 g
555 2178 686 2235 cupit
710 2187 956 2235 prestare,
983 2190 1219 2235 quantum
1245 2195 1460 2235 vnquam
1486 2179 1562 2234 pie
1586 2193 1679 2222 me-

57 2254 209 2300 morie
233 2255 284 2300 P.
314 2254 592 2311 Quintinus,
621 2264 832 2312 excepto
859 2256 987 2312 quod
1012 2256 1227 2312 seipsum
1251 2256 1466 2301 nundum
1489 2255 1678 2310 obtulit;
1728 2274 1730 2276 ·

58 2330 198 2377 video
221 2341 384 2378 tamen
411 2332 457 2378 in
487 2333 590 2389 ipso
626 2333 807 2378 bonam
843 2334 1151 2396 voluntatem
1186 2343 1234 2379 et
1268 2334 1561 2379 desiderium
1598 2333 1680 2377 ali-

103 2505 121 2526 a
150 2499 368 2546 singularis
387 2500 494 2537 enim
514 2499 635 2537 ferus.
693 2520 717 2524 -
737 2500 756 2526 b
787 2501 866 2537 ltoc
883 2511 922 2537 v.
944 2501 1049 2537 add.
1071 2505 1207 2547 supra
1227 2512 1336 2537 vers.
1359 2499 1511 2536 eadem
1529 2510 1680 2536 manu.

59 2564 120 2586 —c
149 2558 190 2595 in
204 2565 457 2597 sacramento
472 2560 524 2597 in.
579 2559 645 2587 —d
678 2559 788 2597 Male
805 2560 966 2607 quidem
983 2560 1108 2598 nobis.
1164 2581 1196 2586 -—
1210 2568 1226 2588 e
1259 2559 1453 2605 erigendo
1468 2564 1681 2596 testantur.

59 2615 115 2644 —f
154 2618 304 2665 (vtpote
331 2619 587 2666 imperatoris
618 2620 975 2666 consanguineus).
1029 2628 1095 2655 —g
1130 2621 1256 2656 nobis

109 2769 118 2787 ¹
169 2768 235 2806 Ps.
255 2768 451 2814 LXXIX,
475 2769 531 2806 14.

107 2826 120 2846 ²
170 2826 233 2864 Cf.
253 2827 441 2866 POLANCI
464 2829 634 2873 Clzron„
655 2829 709 2874 V,
729 2829 812 2867 303.

105 2887 119 2906 ⁸
169 2886 232 2925 Cf.
253 2888 319 2925 Ps.
339 2888 431 2935 XL,
452 2889 474 2925 4
493 2894 534 2926 et
554 2889 608 2927 11.

106 2946 120 2966 ⁴
171 2947 312 2985 «Multi
330 2949 524 2995 canonici,
546 2949 661 2986 multi
682 2955 878 2997 pastores,
901 2949 1012 2986 multi
1036 2948 1190 2984 nobiles
1218 2953 1257 2985 et
1283 2949 1420 2995 plures
1441 2954 1686 2986 mercatores

62 3005 155 3042 mihi
172 3019 284 3044 suam
302 3007 631 3045 beneuolentiam
650 3010 838 3046 continue
858 3009 1087 3052 ostendunt,
1109 3007 1210 3044 sicut
1227 3008 1349 3044 etiam
1367 3009 1501 3045 littere
1518 3009 1686 3045 duorum

62 3075 150 3101 cum
168 3067 312 3104 nostris
331 3068 450 3104 misse
469 3073 707 3105 testantur.»
731 3069 772 3105 Β
778 3099 783 3106 .
