1925 3509
479 304 823 342 13.—SYRAeus1s
853 304 890 340 11
917 303 1117 350 JANUARH
1148 303 1235 339 1557
1575 302 1621 337 ,39

40 403 197 450 inanzi
222 403 267 447 lo
291 402 404 447 fara
429 417 521 446 eon
541 402 700 446 maior
724 399 943 446 efficatia
966 415 1053 456 per
1083 401 1238 444 amor'
1263 398 1305 442 d'
1329 399 1464 444 Iddio
1499 408 1546 444 et
1581 415 1667 455 per

41 482 85 525 Io
110 480 279 537 agiuto
304 478 393 524 che
418 478 584 524 rieeue
620 478 700 524 dal
735 477 946 533 collegio
980 477 1058 522 nel
1091 476 1295 533 earrigo
1330 476 1420 521 che
1455 476 1582 521 tiene
1622 476 1667 521 (11

40 566 208 614 queste
244 556 420 602 anime.
458 555 538 601 Ha
572 555 878 613 particolare
912 554 1172 600 affettione
1202 554 1301 599 alla
1326 554 1451 598 Rda.
1492 553 1543 598 P.
1579 553 1665 609 Vi,

40 635 182 691 quale
206 633 268 678 ha
292 633 619 689 cognosciuto
644 632 690 677 in
715 631 904 677 Trento
923 632 1002 676 nel
1021 631 1245 677 coneilio.
1269 630 1511 676 Monstrai
1531 646 1560 675 a
1579 646 1668 676 sua

41 711 171 758 Sria.
200 711 243 756 16
267 726 431 756 nuoue
456 710 584 756 della
609 708 940 766 Compagnffi,
962 708 1087 754 delle
1107 708 1237 765 quali
1255 708 1294 753 si
1314 708 1534 753 eonsollb
1554 708 1668 752 mol-

41 799 89 835 to
125 789 201 834 nel
238 787 424 844 Signor
457 796 629 833 nostro
665 796 714 832 et
747 787 785 831 si
825 786 934 832 fece
974 786 1158 842 copiar‘
1200 786 1375 831 aleune
1410 786 1585 831 lettere
1625 786 1669 830 di

42 865 200 925 quelle
225 864 305 921 piu
330 864 551 921 notabili3
579 873 628 910 et
648 865 777 910 nella
802 879 891 909 sua
915 870 932 889 ³
959 863 1324 920 publieamente
1349 862 1393 907 in
1420 861 1670 918 presentia

41 943 86 989 di
111 942 245 988 molti
270 941 608 999 gentilhomini
633 941 1013 986 communicaua
1037 941 1081 986 le
1105 940 1224 985 ditte
1248 955 1377 985 noue
1401 955 1492 985 eon
1518 940 1670 985 molta

41 1020 315 1075 affettione‚
343 1028 391 1065 et
415 1019 591 1065 dieeua
615 1019 705 1064 che
730 1028 902 1076 queste
928 1018 1103 1064 lettere
1128 1019 1167 1064 si
1201 1018 1554 1064 douerebbono
1588 1034 1669 1075 pu-

40 1098 208 1145 blicar'
234 1113 263 1143 a
287 1097 415 1155 tutti;
442 1106 491 1143 et
516 1097 606 1142 che
630 1105 804 1154 questo
830 1097 975 1142 modo
1009 1096 1252 1142 d‘auisare
1286 1096 1337 1141 fu
1372 1111 1471 1141 vna
1505 1095 1669 1141 inuen-

41 1176 170 1222 tione
194 1176 346 1222 molto
370 1184 517 1221 santa
541 1191 629 1232 per
653 1174 877 1220 excitare
901 1174 949 1220 la
972 1174 1184 1220 charith.
1221 1173 1443 1219 Tenemo
1475 1188 1565 1218 sua
1599 1171 1670 1218 Si-

41 1253 217 1311 gnoria
239 1253 385 1299 Rma.
414 1268 555 1298 come
581 1268 678 1298 vno
702 1261 875 1298 nostro
908 1252 1078 1309 padre,
1115 1251 1162 1297 al
1196 1251 1340 1308 quale
1375 1250 1670 1296 rieorriamo

42 1331 152 1377 nelli
176 1331 387 1388 bisogni:
416 1339 464 1376 et
488 1339 663 1387 questo
687 1331 843 1375 amor'
868 1329 957 1374 che
982 1329 1021 1374 si
1055 1338 1280 1374 monstra
1314 1328 1342 1373 il
1378 1328 1571 1385 prelato
1605 1328 1624 1355 ¹³
1645 1332 1671 1374 e

40 1423 190 1455 eausa
215 1408 259 1454 di
283 1407 408 1454 farei
433 1408 630 1465 magior
653 1406 808 1453 frutto
832 1416 880 1453 et
903 1407 1133 1453 causarci
1159 1407 1354 1463 magior
1377 1406 1531 1451 amor'
1558 1405 1669 1451 delli

42 1486 145 1532 suoi
170 1485 391 1532 inferiori
418 1500 567 1532 verso
591 1485 621 1531 11
645 1484 800 1530 nostri
825 1484 1064 1530 essercitii
1089 1484 1349 1541 spirituali.
1376 1484 1564 1529 Nostro
1599 1482 1670 1529 Si-

43 1578 169 1621 gnor
193 1563 237 1609 di
262 1572 389 1608 tutto
413 1563 453 1608 si
476 1577 626 1608 serua
650 1578 680 1608 a
704 1562 900 1619 magior
923 1562 1088 1620 gloria
1111 1577 1218 1607 sua.
1241 1561 1377 1607 Tutti
1403 1561 1432 1607 li
1456 1560 1605 1607 Padri
1625 1569 1673 1606 et

43 1640 222 1687 fratelli
246 1641 324 1687 del
349 1641 562 1699 collegio
587 1641 630 1687 61
655 1640 1144 1686 raecommandiamo
1169 1656 1263 1686 eon
1288 1648 1414 1686 tutto
1454 1639 1482 1684 il
1517 1654 1672 1684 cuore

44 1720 136 1765 alle
160 1728 299 1765 sante
324 1719 539 1765 orationi
564 1728 613 1765 et
636 1719 783 1765 diuini
807 1718 1037 1765 sacrificii
1062 1718 1191 1764 della
1214 1717 1275 1763 R.
1303 1717 1357 1763 P.
1384 1717 1452 1763 V.
1481 1717 1560 1762 Da
1584 1715 1671 1762 Sa-

44 1812 230 1855 ragoza
254 1797 287 1842 il
311 1796 361 1842 di
385 1796 457 1842 XI
480 1797 525 1843 di
549 1796 737 1856 Jenaro
765 1795 893 1842 1557.

131 1874 275 1920 Della
294 1873 354 1920 R.
383 1874 436 1920 P.
464 1873 530 1920 V.
559 1874 772 1931 indegno
797 1889 945 1919 seruo
966 1873 1011 1918 in
1030 1872 1123 1918 X.O
1148 1882 1318 1919 nostro
1340 1872 1559 1929 signore,

950 1968 1084 2028 JOAN
1119 1968 1328 2013 Fmppo
1363 1966 1543 2014 CASINI
1580 1969 1610 2012 ¹.

131 2100 421 2158 Inscriptio.
448 2104 477 2152 †
502 2100 567 2145 Al
589 2101 741 2146 molto
764 2100 893 2146 Rdo.
920 2100 966 2146 in
992 2099 1144 2146 Chro.
1172 2100 1353 2157 Padre,
1389 2100 1416 2145 il
1451 2099 1505 2145 P.
1543 2100 1669 2145 Mro.

47 2178 266 2235 Laynez,
293 2178 484 2224 vicario
507 2178 747 2234 generale
771 2177 901 2224 della
925 2177 1241 2235 Compagnia
1265 2177 1311 2223 di
1335 2175 1489 2232 Gesu,
1512 2176 1672 2222 Padre

47 2263 217 2301 nostro
240 2254 708 2313 obseruandissimQ
736 2271 765 2301 a
789 2254 967 2301 Roma.

133 2332 311 2391 Sigz'llz'
330 2333 626 2391 vestigium.

133 2409 251 2456 Alia
275 2425 493 2457 manu...
521 2411 637 2457 Rta.
665 2426 695 2456 a
722 2410 774 2456 17
798 2411 844 2456 di
864 2410 1053 2456 Marzo.

93 2575 112 2595 a
168 2576 456 2615 Desideratur
471 2578 541 2615 hic
559 2578 888 2615 substantivum
907 2578 1100 2624 aliquod,
1121 2589 1160 2614 v.
1177 2588 1219 2623 g.
1241 2570 1564 2621 conversatione3
1586 2577 1677 2613 nisi

40 2634 156 2680 forte
179 2649 252 2674 sua
281 2636 417 2684 (quod
446 2639 661 2684 scriptum
691 2638 868 2675 videtur
897 2638 1043 2675 littera
1074 2637 1345 2685 majuscula)
1372 2639 1569 2682 ponatur
1595 2641 1673 2682 pro

48 2694 154 2737 sede,
172 2699 221 2733 ut
234 2698 507 2735 catalaunici
522 2700 712 2735 utuntur
724 2711 810 2742 seu,
828 2710 896 2735 seo
909 2702 988 2744 pro
1004 2697 1098 2734 sede
1115 2699 1206 2735 sive
1221 2697 1397 2734 ecclesia
1414 2696 1671 2734 cathedrali.

49 2753 114 2781 —b
145 2754 173 2791 il
192 2756 348 2802 prelato
366 2756 395 2794 il
414 2758 570 2804 prelato
592 2769 671 2795 ms.

98 2904 107 2923 ¹
160 2904 336 2954 Collegii
354 2912 499 2945 rector.
