1900 3380
509 285 825 322 lOS.——PAR1sl1s
850 285 873 321 6
899 285 1143 322 NOVEMssms
1176 286 1263 321 1357
1585 286 1655 322 415

73 381 409 427 aristotelicae
449 381 754 426 excolendae
799 397 906 426 sese
952 381 1305 437 exhibuerunt,
1354 381 1524 437 reliqui
1562 381 1699 427 Cice-

71 474 238 504 ronem
291 458 496 503 dicendo
551 458 839 503 imitandum
894 457 983 503 sibi
1038 468 1422 514 proposuerunt.
1473 459 1700 515 Quorum

70 535 283 581 omnium
320 535 522 580 vberior
556 535 748 580 fructus
784 535 1100 591 percipietur,
1128 535 1167 580 si
1202 551 1265 580 ex
1299 535 1391 580 hac
1427 535 1699 581 domestica

70 612 417 668 vmbratilique
441 611 798 657 exercitatione
823 612 867 656 in
893 612 1211 668 propatulum
1237 612 1552 668 prodeamus.
1587 613 1699 657 Pre-

67 699 206 735 terea
237 689 303 734 ita
327 705 380 734 se
404 689 609 746 quisque
643 699 869 734 nostrum
903 689 1052 744 gerit,
1085 700 1131 733 vt
1167 704 1336 734 omnes
1371 689 1433 734 ad
1469 690 1694 735 obedien-

71 767 188 812 tiam
214 766 557 823 paratissimos
581 782 633 811 se
658 765 951 823 significent.

125 844 166 889 3.
236 841 335 888 Sed
374 843 622 900 copiosior
658 858 719 888 ex
753 843 894 888 nobis
936 843 979 887 in
1021 843 1300 899 proximum
1340 842 1550 901 fructus,
1593 860 1702 889 cum

70 921 252 966 erimus
285 920 548 978 collegium
584 920 891 977 consequuti,
929 920 1217 977 auspicante
1253 919 1470 976 Christo,
1505 922 1700 966 existet:

70 998 198 1055 quod
223 997 351 1043 effici
376 1013 519 1054 posse
544 1014 639 1042 non
665 998 810 1043 aliter
841 1000 1263 1055 putamus,‘quam
1289 998 1328 1043 si
1352 1007 1404 1043 tu
1430 1014 1519 1054 pro
1545 1007 1629 1043 tua
1655 1000 1700 1044 in

70 1074 192 1120 filios
217 1075 263 1120 in
287 1075 417 1132 Xpo.
445 1084 556 1120 tuos
592 1076 836 1121 charitate
872 1075 934 1120 ad
966 1075 1124 1121 Deum
1152 1091 1326 1132 preces
1350 1075 1546 1131 fundas,
1574 1077 1704 1132 quod

70 1152 419 1198 humanissime
453 1153 601 1198 etiam
637 1162 786 1209 atque
822 1153 969 1198 etiam
1005 1168 1033 1197 a
1068 1162 1116 1198 te
1140 1168 1426 1198 exoramus.
1456 1152 1608 1198 Cuius
1634 1153 1704 1197 rei

71 1230 363 1276 mentionem
395 1230 589 1288 quidem
625 1230 793 1276 facere
828 1231 994 1286 coegit
1029 1247 1106 1276 me
1140 1231 1296 1276 nostri
1321 1246 1530 1284 summa,
1559 1246 1704 1288 quam

71 1308 199 1365 apud
223 1324 275 1354 se
306 1308 427 1353 clari
458 1308 505 1354 in
540 1309 663 1354 vrbe
700 1297 870 1354 nostra
907 1308 998 1354 viri
1034 1309 1364 1364 concitarunt,
1403 1309 1701 1365 expectatio;

71 1386 149 1444 qui
190 1385 281 1431 vim
316 1401 552 1442 magnam
587 1386 693 1430 auri
729 1395 776 1430 et
811 1385 1024 1443 argenti,
1051 1386 1090 1431 si
1115 1386 1247 1431 nacti
1283 1386 1704 1443 opportunitatem

71 1474 249 1519 essent,
272 1463 317 1508 in
338 1463 775 1521 extruendoknobis
795 1463 1007 1519 collegio
1028 1463 1303 1519 rependere
1323 1463 1518 1508 minime
1539 1462 1704 1507 differ-

73 1551 197 1588 rent.
224 1540 420 1586 Interea
449 1556 568 1586 vero
594 1541 707 1586 dum
733 1540 912 1586 sensim
938 1550 1131 1597 tempus
1156 1540 1275 1597 fluit,
1305 1557 1366 1586 ex
1391 1540 1448 1586 iis
1473 1541 1551 1597 qui
1578 1541 1622 1585 in
1647 1555 1707 1585 ea

71 1635 156 1676 spe
180 1628 340 1675 erant,
372 1619 589 1673 nonnulli
623 1634 714 1664 sua
749 1619 941 1675 decepti
977 1619 1205 1675 opinione
1240 1619 1285 1664 in
1320 1619 1489 1664 coelos
1522 1619 1704 1675 migra-

73 1708 197 1743 runt.
237 1697 304 1742 At
339 1697 525 1742 vtinam
560 1696 864 1753 reliquorum
899 1696 943 1741 in
980 1706 1232 1753 posterum
1268 1697 1392 1742 bene
1427 1697 1621 1753 quidem
1659 1696 1704 1741 in

73 1790 161 1820 nos
185 1774 486 1833 affectorum
511 1790 605 1819 non
633 1775 865 1831 desimus,
893 1790 953 1819 ne
977 1774 1128 1820 tacite
1163 1774 1377 1832 quidem,
1415 1789 1589 1820 eorum
1625 1790 1705 1818 ex-

73 1852 354 1909 pectationi,
392 1868 538 1909 quam
573 1852 612 1897 si
647 1852 1031 1909 expleuerimuS,
1066 1852 1404 1897 incredibilem
1437 1852 1481 1897 in
1513 1867 1707 1897 omnem

73 1930 415 1987 posteritatem
440 1929 981 1986 incomparabilemque
1007 1929 1221 1975 fructum
1246 1938 1598 1986 percepturam
1624 1930 1706 1975 im-

74 2007 242 2065 primis
263 2008 591 2064 iuuentutem,
619 2017 769 2066 atque
804 2008 929 2053 adeo
964 2023 1123 2065 genus
1147 2023 1292 2053 omne
1316 2007 1566 2053 hominum
1602 2023 1706 2064 spe-

74 2101 257 2132 ramus.

28 2161 31 2163 ’
160 2164 295 2209 Bene
324 2164 386 2209 sit
419 2164 522 2221 tibi,
549 2164 602 2210 P.
630 2163 711 2220 R.,
738 2164 1019 2221 ceterisque
1044 2164 1278 2210 Patribus
1304 2179 1513 2221 quorum
1551 2163 1705 2220 preci-

0 2263 3 2273 .
32 2282 34 2285 .
74 2241 165 2287 bus
198 2241 438 2287 associari
472 2256 642 2286 omnes
676 2241 1036 2298 desideramus,
1062 2241 1146 2287 tibi
1173 2241 1363 2298 illisque
1389 2240 1652 2297 plurimum
1678 2255 1707 2284 a

75 2318 182 2364 Deo
216 2318 389 2364 salutis
429 2327 675 2374 optantes.
718 2318 916 2363 Lutetie
956 2318 1261 2363 Parisiorum
1306 2329 1448 2363 sexto
1489 2317 1566 2362 die
1611 2317 1705 2361 No-

76 2395 309 2441 uembris.

164 2472 222 2517 T.
247 2472 299 2518 P.
327 2472 388 2518 R.
416 2472 783 2529 indignissimus
808 2472 951 2529 filius,

982 2562 1227 2609 CAROLUS
1261 2562 1519 2608 SAGERIUS
1554 2564 1585 2607 ¹.

166 2657 457 2715 Inscriptio.
494 2658 619 2703 Rdo.
648 2658 694 2703 in
718 2658 849 2714 XpO.
878 2658 976 2704 Pri.
996 2636 1134 2704 Dno.
1162 2659 1354 2718 jacobo
1384 2659 1607 2715 Laynez,
1640 2658 1706 2705 vi-

78 2736 214 2781 cario
237 2736 460 2792 generali
484 2735 752 2782 Societatis
776 2736 985 2781 nominis
1009 2736 1144 2795 Jesu,
1169 2736 1213 2780 in
1239 2736 1364 2781 aede
1389 2735 1579 2781 Beatae
1604 2735 1707 2780 Ma-

79 2812 183 2859 riae
207 2814 335 2859 della
359 2812 559 2860 Strada.
586 2813 798 2859 Romae.

166 2890 286 2937 Alia
308 2905 487 2937 mmm.
515 2889 567 2937 S.
594 2891 658 2937 A.
690 2891 818 2937 1557.

127 3047 137 3066 ¹
193 3046 295 3084 Vide
314 3046 591 3091 FOUQUERAY,
613 3045 808 3083 Histoire
821 3045 877 3083 de
895 3047 937 3083 la
958 3029 1294 3131 CompagnQ
1305 3043 1442 3092 jesus
1458 3055 1509 3082 en
1528 3043 1708 3088 France,

79 3104 108 3151 I,
128 3104 210 3150 521,
229 3105 311 3151 522,
331 3105 413 3150 527,
434 3106 516 3151 553;
538 3105 587 3149 II,
609 3104 680 3142 273
699 3118 784 3152 sqq.
