1900 3380
549 236 925 274 172.-PLACENT1A
951 236 993 273 31
1024 235 1134 284 MAJ1
1164 236 1254 273 1558
1605 236 1671 273 691

87 331 398 388 grauissimis
444 331 586 377 huius
630 332 782 389 urbis,
831 333 1035 378 multum
1079 332 1326 378 communi
1377 332 1722 388 tranquillitati

87 408 491 454 conducentibus:
512 424 639 465 quae
664 409 754 455 sibi
779 409 1010 467 imposita
1035 410 1103 455 ita
1123 409 1388 467 diligenter
1412 410 1721 455 administra-

88 484 171 541 uit,
200 496 250 530 ut
275 486 440 531 onmia
465 502 527 531 ex
552 486 699 532 animi
724 488 969 533 sententia
993 487 1344 533 successerint.
1368 487 1597 533 Christus
1622 488 1722 532 lau-

88 563 230 608 detur
255 563 300 608 in
326 575 599 622 aeternum,
627 565 706 622 qui
742 566 974 622 dignatus
1010 574 1082 612 est
1118 580 1206 622 per
1241 565 1443 610 Patrem
1478 582 1588 611 eum
1623 565 1722 610 fru-

87 650 218 686 ctum
242 643 439 687 tandem
464 643 719 699 colligere,
747 660 835 700 pro
862 659 956 700 quo
982 645 1280 689 maturando
1300 644 1353 689 P.
1376 643 1650 690 Villanoua
1675 653 1723 690 et

87 719 139 764 P.
167 719 228 765 D.
258 717 455 766 Salinas
480 721 561 766 diu
586 722 893 779 multumque
918 722 1292 767 laborauerant.

143 798 186 843 3.
256 797 306 843 In
331 798 726 846 confessionibus
750 810 798 846 et
822 800 1248 846 communionibus
1277 801 1449 846 eadem
1475 800 1623 846 etiam
1648 810 1723 846 est

86 875 352 921 assiduitas
387 885 435 922 et
469 877 740 934 diligentia,
783 893 897 922 nam
938 878 1145 934 singulis
1183 878 1435 934 quibusuis
1473 879 1722 924 mensibus

84 953 456 999 communiones
481 964 805 1000 externorum
830 955 1172 1012 septingentas
1203 965 1458 1012 superant,
1486 971 1577 1001 nec
1602 971 1721 1001 raro

84 1030 427 1088 septingentas
452 1032 826 1089 quinquaginta:
851 1047 993 1090 quae,
1022 1048 1081 1078 eo
1101 1033 1269 1089 plures
1290 1033 1601 1090 uidebuntur,
1626 1050 1721 1090 quo

84 1108 247 1166 magis
272 1110 561 1159 attendatur
585 1125 774 1166 paruus
797 1126 1033 1156 numerus
1058 1110 1333 1155 incolarum
1357 1111 1498 1157 huius
1526 1112 1661 1157 vrbis
1687 1113 1717 1156 ¹.

143 1186 186 1232 4.
253 1187 331 1232 Ex
355 1187 695 1243 concionibus,
723 1203 849 1245 quae
874 1188 1075 1234 habitae
1098 1188 1299 1234 fuerant
1333 1189 1378 1234 in
1414 1190 1719 1246 quadrages-

84 1263 209 1309 sima
234 1264 429 1321 (quibus
453 1264 815 1323 confessionem
840 1267 1145 1322 generalem,
1173 1276 1225 1312 ut
1255 1282 1359 1311 rem
1394 1267 1530 1312 miris
1564 1268 1721 1313 modis

84 1339 270 1398 utilem,
297 1341 562 1399 aliquando
587 1342 764 1388 Patres
789 1343 1089 1401 suaserant),
1119 1343 1273 1402 multi,
1303 1344 1373 1389 rei
1401 1345 1719 1390 commodita-

84 1427 132 1463 te
157 1428 422 1476 perspecta
447 1429 495 1465 et
519 1436 605 1477 spe
629 1430 732 1466 tam
757 1421 916 1467 sancti
950 1421 1075 1467 lucri
1110 1421 1342 1478 conuicti,
1380 1422 1460 1479 qui
1490 1432 1607 1468 ante
1643 1424 1721 1468 uel

84 1496 198 1553 quia
223 1512 319 1542 non
343 1508 507 1543 essent
531 1498 653 1543 satis
676 1499 856 1555 parati,
894 1500 973 1544 uel
1008 1508 1213 1557 propter
1247 1499 1586 1545 confitentium
1622 1515 1719 1546 ma-

83 1589 233 1630 gnam
258 1575 471 1633 copiam,
499 1576 578 1621 uel
602 1585 739 1621 certe
765 1576 880 1633 quia
904 1592 999 1622 non
1025 1577 1223 1622 omnino
1244 1578 1594 1635 decreuerant,
1624 1594 1719 1624 non

82 1651 299 1698 confessi
332 1662 446 1699 sunt
479 1656 515 1711 a,
552 1663 664 1710 post
697 1654 880 1699 multos
915 1654 1019 1700 dies
1058 1655 1120 1700 ad
1161 1671 1250 1701 nos
1289 1665 1628 1714 accesserunt,
1672 1665 1720 1702 et

83 1730 272 1787 apertis
295 1746 384 1787 per
407 1730 769 1777 confessionem
795 1732 1030 1789 peccatis,
1059 1748 1171 1778 eam
1196 1733 1475 1791 utilitatem,
1508 1733 1554 1778 id
1588 1734 1717 1779 oble-

27 1833 29 1835 *
82 1815 387 1854 ctamentum
412 1808 458 1854 in
482 1808 713 1866 Domino,
741 1809 870 1866 quod
889 1818 938 1855 et
956 1809 1037 1855 alii
1057 1810 1219 1855 solent
1237 1811 1528 1868 plerunque,
1551 1827 1717 1868 repor-

83 1894 270 1931 tarunt.

140 1963 182 2009 5.
253 1962 463 2010 Cuidam
488 1980 610 2021 prae
634 1965 851 2010 caeteris
876 1965 969 2011 fuit
998 1965 1246 2011 confessio
1280 1966 1603 2022 fructuosior,
1641 1967 1720 2012 cui

83 2039 252 2087 fuerat
271 2057 399 2087 uxor
417 2057 506 2099 per
525 2043 704 2088 multos
721 2043 824 2089 dies
844 2059 941 2088 non
961 2059 1137 2100 parum
1157 2053 1406 2102 suspecta;
1429 2053 1477 2089 et
1494 2045 1720 2101 quamuis

83 2118 129 2163 in
154 2134 265 2164 eam
290 2119 620 2176 suspicionem
646 2136 710 2166 ex
733 2120 995 2166 leuissimis
1015 2121 1316 2167 coniecturis
1336 2131 1384 2167 et
1403 2121 1540 2167 falsis
1562 2122 1718 2167 uenis-

82 2204 174 2254 set,
201 2212 260 2242 eo
284 2206 451 2243 tamen
475 2207 812 2256 processerat,
835 2197 1104 2256 instigante
1125 2199 1382 2256 daemone,
1406 2196 1566 2267 utu'pro
1585 2199 1718 2245 indu-

83 2273 240 2320 bitato
264 2274 473 2321 haberet
497 2290 558 2321 ac
580 2275 860 2322 firmissime
890 2277 1022 2323 intra
1055 2286 1228 2334 pectus
1262 2286 1599 2335 asseueraret,
1636 2293 1718 2335 pa-

31 2400 33 2403 ,
82 2367 193 2397 rum
217 2352 307 2398 sibi
330 2352 479 2399 fidam
501 2369 644 2399 suam
670 2369 879 2400 uxorem
903 2354 1168 2412 exstitisse,
1207 2364 1254 2401 et
1288 2355 1385 2400 iam
1420 2355 1624 2412 perinde
1659 2371 1720 2402 ac

82 2427 129 2473 in
154 2428 259 2486 ipso
284 2430 529 2476 adulterio
563 2431 943 2489 deprehensam,
980 2433 1195 2489 parabat
1229 2432 1539 2478 miserrimus
1573 2433 1719 2478 homo

83 2505 143 2552 de
166 2506 328 2552 medio
353 2507 545 2563 tollere,
573 2517 622 2554 et
646 2508 828 2554 iniusta
852 2517 901 2555 et
924 2509 1181 2566 praecipiti
1205 2520 1381 2567 morte,
1404 2519 1613 2567 accepto
1638 2511 1718 2556 do-

82 2582 174 2628 lori
198 2599 395 2642 parere,
423 2594 471 2631 et
493 2585 782 2632 iracundiae
806 2586 1015 2633 seruire.
1038 2586 1166 2633 Cum
1187 2603 1313 2644 ergo
1333 2587 1508 2633 mulier
1527 2588 1652 2634 haec
1671 2588 1717 2634 in

82 2660 262 2707 marito
287 2661 623 2718 cogitabundo
647 2663 934 2719 grauissimi
959 2664 1204 2710 moeroris
1234 2672 1411 2722 aperta
1434 2663 1614 2711 indicia
1638 2665 1717 2711 de-

129 2815 148 2835 ²
198 2816 229 2853 3
244 2816 320 2854 vv.v
330 2817 533 2864 praeced.
555 2818 715 2856 addita
733 2822 840 2856 sunt
855 2824 994 2866 supra
1013 2831 1122 2857 vers.
1135 2820 1296 2866 forsan
1317 2820 1471 2857 eadem
1491 2832 1645 2858 manu.

136 2950 146 2969 ¹
196 2948 368 2987 Ineunte
403 2962 509 2986 anno
545 2950 632 2986 1571
669 2952 991 2988 numerabantur
1031 2951 1072 2988 in
1109 2951 1210 2988 urbe
1246 2951 1459 2988 Placentia
1495 2952 1585 2989 1700
1620 2952 1713 2989 foci.

83 3006 147 3046 Cf.
172 3008 303 3046 Censo
322 3009 377 3046 de
389 3009 622 3056 poblacz·6n
641 3010 697 3048 de
714 3011 782 3048 las
797 3012 1052 3057 provincias
1060 3022 1093 3057 y
1111 3011 1315 3057 partz‘dos
1336 3011 1391 3049 de
1409 3013 1452 3049 la
1476 3013 1640 3050 Corona
1666 3012 1722 3050 de

87 3067 268 3106 Castilla
287 3079 339 3106 en
359 3069 399 3106 el
414 3070 523 3116 siglo
544 3069 586 3106 X
594 3066 711 3113 VJ...,
733 3083 827 3117 pag.
848 3070 931 3107 373.
