1900 3380
477 230 883 268 154.—IN00Lst10
909 228 955 265 26
981 228 1157 265 Aemus
1187 228 1279 264 1558
1583 224 1652 261 605

127 328 169 372 7.
238 326 495 383 Casparus
521 327 552 383 ¹,
579 325 730 370 Ionae
765 326 779 349 2
810 339 994 380 comes,
1032 324 1078 368 in
1115 322 1377 368 vocatione
1411 336 1502 366 sua
1536 330 1703 365 manet

69 413 319 461 constans;
346 403 514 460 pueris
540 403 631 448 hoc
654 412 879 458 tempore
904 417 933 447 a
958 401 1011 446 P.
1040 400 1242 446 Canisio
1268 399 1575 455 designatus.

157 480 488 526 Adiunximus
542 479 594 525 P.
615 530 618 534 ¹
644 480 939 536 prouinciali
984 479 998 503 ‘³
1048 478 1414 523 adolescentem
1465 475 1701 521 nouitium

70 558 331 615 quemdam
354 557 630 614 spirensem
654 557 700 601 in
732 557 901 614 lingua
938 555 1089 601 latina
1126 566 1391 611 Vtcumque
1427 562 1700 609 versatum,

69 635 360 680 industrium
385 644 435 680 et
458 636 618 680 bonae
641 633 762 690 spei.
791 635 881 679 Est
904 633 1094 678 iuuenis
1119 648 1312 689 quoque
1336 632 1414 677 hic
1432 646 1705 688 germanus

69 721 117 757 et
139 711 303 757 multis
327 727 387 756 ac
411 711 750 767 singularibus
774 710 956 767 ingenii
991 709 1189 755 dotibus
1223 717 1512 765 exornatus,
1550 706 1703 752 famu—

71 790 145 834 lus
168 800 354 844 noster,
382 789 462 845 qui
485 788 599 833 nihil
624 788 760 844 prius
784 788 829 833 in
857 788 985 833 votis
1009 787 1159 832 habet
1183 802 1329 843 quam
1358 795 1408 831 vt
1428 785 1703 831 membrum

70 865 335 912 Societatis
359 865 626 911 efficiatur.
655 865 963 910 Praebemus
982 864 1046 910 illi
1067 865 1247 910 bonam
1267 879 1421 920 spem,
1445 863 1604 907 donec
1623 878 1705 907 ex-

71 943 324 1001 periamur
349 947 384 988 si
410 943 612 999 spiritus
636 960 699 988 ex
721 943 832 988 Deo
857 943 934 988 sit.
962 942 1139 987 Plures
1163 941 1404 986 eiusmodi
1430 941 1705 996 reciperen-

71 1029 169 1076 tur,
185 1020 223 1065 si
237 1020 299 1065 ad
314 1020 647 1076 recipiendum
662 1035 748 1065 eos
765 1019 1029 1076 collegium
1046 1018 1385 1063 adiumentum
1402 1018 1552 1062 vllum
1564 1033 1704 1073 prae-

71 1106 245 1154 staret,
273 1108 537 1154 angustum
558 1098 685 1143 enim
708 1107 782 1143 est
801 1108 847 1142 et
868 1112 1143 1154 paucorum
1163 1111 1343 1152 capax,
1371 1104 1420 1140 vt
1440 1094 1505 1139 illi
1526 1104 1706 1140 norunt

71 1176 150 1232 qui
173 1175 429 1221 nobiscum
454 1191 514 1221 ea
538 1176 804 1232 aliquando
830 1175 904 1220 vsi
935 1188 1063 1220 sunt.
1103 1174 1349 1230 Cogimur
1383 1173 1510 1219 enim
1536 1187 1703 1229 saepe,

71 1252 183 1297 dum
207 1252 392 1298 fratres
417 1253 584 1309 plures
613 1263 742 1310 sunt,
770 1267 857 1297 eos
887 1252 1082 1298 mittere
1117 1251 1179 1296 ad
1214 1250 1415 1296 domum
1449 1250 1706 1296 cuiusdam

70 1330 288 1376 doctoris
311 1339 537 1387 tempore
561 1339 822 1375 nocturno.
850 1329 1064 1375 Proinde
1084 1337 1312 1385 optarem
1332 1328 1490 1373 nullos
1510 1327 1707 1373 aliunde

71 1407 132 1453 ad
156 1423 246 1452 nos
270 1407 394 1453 mitti
419 1407 648 1465 nouitios,
676 1407 824 1453 facile
849 1407 994 1464 enim,
1022 1406 1113 1452 nisi
1137 1415 1253 1451 ante
1279 1405 1475 1462 probati
1500 1404 1706 1460 fuerint,

71 1494 340 1542 tentantur,
368 1500 527 1542 neque
552 1485 644 1530 illis
667 1485 929 1530 commode
954 1486 1142 1541 absque
1177 1483 1485 1540 probationis
1520 1483 1667 1527 domo
1693 1484 1706 1506 ⁴

71 1571 119 1608 et
143 1562 252 1607 loco
287 1561 583 1607 satisfacere
618 1577 894 1618 possumuS,
932 1572 1036 1606 tum
1071 1561 1219 1606 etiam
1257 1561 1386 1617 quod
1421 1575 1593 1605 omnes
1630 1561 1708 1605 vel

71 1638 295 1685 docendo
322 1640 401 1684 vel
425 1640 718 1696 exprofesso
754 1639 1000 1684 audiendo
1035 1639 1272 1684 lectiones
1306 1638 1531 1694 publicas
1564 1653 1707 1683 occu-

70 1726 263 1773 pentur.
292 1717 456 1763 Nacta
480 1732 602 1762 vero
627 1716 803 1762 domus
827 1716 1180 1762 commoditate
1204 1716 1251 1760 in
1275 1731 1373 1774 qua
1396 1716 1550 1761 Illust.
1578 1716 1708 1771 prin-

71 1809 187 1851 ceps
212 1804 417 1851 cuperet
439 1794 623 1840 institui
648 1794 920 1840 monachos
944 1794 1147 1839 iuuenes
1172 1795 1203 1851 ⁵,
1232 1795 1311 1839 vel
1341 1794 1542 1851 quosuis
1566 1793 1706 1850 alios,

71 1872 485 1928 quemadmodum
509 1888 573 1917 ex
596 1872 751 1917 literis
770 1871 953 1916 domini
973 1870 1293 1916 Schueicheri
1314 1872 1327 1895 ὓ
1350 1871 1586 1929 intelligo,
1613 1870 1707 1915 vel-

71 1950 165 1996 lem
190 1951 235 1995 in
271 1950 516 2007 colloquio
551 1950 778 2007 tractari,
818 1966 966 2007 quum
1001 1950 1061 1995 de
1096 1950 1177 1994 illa
1211 1949 1358 1994 domo
1393 1948 1709 1994 statuendum

70 2028 181 2086 erit,
208 2045 322 2074 num
348 2029 662 2075 conuictores
687 2028 784 2074 illic
808 2028 995 2073 habere
1019 2027 1309 2081 debeamus,
1341 2036 1390 2072 vt
1415 2027 1459 2071 in
1485 2027 1593 2072 aliis
1613 2027 1709 2071 col-

72 2106 212 2163 legiis
236 2107 386 2152 moris
410 2116 500 2161 est,
529 2107 640 2152 licet
664 2106 789 2151 haec
814 2106 941 2151 ratio
965 2105 1179 2150 habendi
1204 2105 1521 2150 conuictores
1541 2104 1709 2149 diffici-

121 2336 129 2354 ¹
183 2333 306 2370 Forte
325 2333 448 2370 fuerit
466 2332 628 2380 Gaspar
644 2332 915 2379 Obergasser,
937 2333 986 2369 de
1006 2345 1084 2379 quo
1100 2332 1144 2369 P.
1164 2331 1346 2380 Lanojus
1361 2332 1424 2369 die
1444 2332 1490 2368 24
1505 2331 1604 2379 Julii
1622 2332 1713 2369 1559

72 2394 172 2430 haec
207 2393 409 2430 scribebat
444 2405 493 2429 ex
528 2392 796 2439 Ingolstadio:
839 2391 1024 2439 «Gaspar
1060 2390 1336 2438 Obergasser,
1375 2404 1486 2438 ger.;
1525 2392 1611 2438 agit
1646 2406 1714 2429 an-

73 2466 167 2490 num
185 2453 244 2499 25;
273 2453 314 2489 in
341 2451 547 2490 Societate
575 2452 675 2489 vixit
701 2452 1007 2499 sesquiannum;
1039 2452 1165 2489 audiit
1193 2452 1437 2488 rhetoricam
1464 2452 1505 2488 in
1532 2453 1710 2496 saeculo,

73 2517 113 2549 et
142 2513 184 2550 in
213 2512 420 2551 Societate
450 2525 626 2556 rursum,
660 2518 700 2549 et
731 2513 1016 2560 compendium
1047 2512 1295 2549 dialectices.
1331 2512 1463 2548 Docet
1494 2525 1641 2559 pueros
1672 2513 1713 2549 in

71 2572 207 2610 infima
226 2574 370 2610 classe.
391 2571 495 2609 Boni
514 2578 575 2609 est
594 2572 718 2609 animi
733 2573 784 2609 ad
801 2573 1000 2609 iuuandos
1015 2573 1230 2620 proximos3
1249 2572 1380 2608 libens
1398 2572 1481 2608 adit
1495 2572 1709 2620 hospitale;

73 2633 335 2670 concionatur
353 2632 612 2669 mediocriter
630 2632 749 2675 bene;
778 2633 828 2669 ad
853 2638 963 2670 artes
982 2645 1062 2669 non
1082 2632 1244 2669 videtur
1262 2632 1442 2677 idoneus;
1464 2645 1632 2679 corpore
1652 2639 1713 2670 est

74 2692 259 2729 debiliori
279 2705 326 2729 ac
344 2698 522 2729 tenero.»
544 2691 590 2728 In
609 2692 745 2729 codice
767 2692 908 2729 Germ.
931 2692 1020 2735 131,
1040 2691 1108 2728 fol.
1133 2691 1238 2728 132v.

122 2753 134 2772 2
184 2752 249 2789 De
264 2751 369 2799 jona
389 2751 546 2788 Adlero
567 2751 658 2788 vide
676 2751 1038 2796 BRAUNSBERGER‚
1062 2752 1136 2788 loc.
1158 2752 1239 2795 cit,
1260 2752 1318 2788 61.

121 2812 134 2832 ³
184 2811 231 2850 B.
254 2812 401 2849 Petrus
421 2811 626 2849 Canisius.

120 2873 134 2891 4
184 2872 250 2909 De
276 2871 520 2909 necessitate
548 2871 690 2908 domus
720 2871 970 2919 probationis
1001 2884 1072 2918 pro
1104 2871 1312 2918 provincia
1345 2871 1595 2909 Germaniae
1627 2872 1712 2919 agit

75 2931 120 2969 P.
143 2931 333 2969 Canisius
351 2932 392 2968 in
412 2931 584 2979 epistola
603 2932 790 2979 superius
809 2932 946 2969 citata.
968 2930 1068 2968 Ibid.
1090 2930 1173 2967 255.

123 2991 136 3010 ⁵
187 2990 251 3029 Cf.
272 2991 383 3037 ibid„
403 2990 488 3029 260.

121 3052 134 3070 ⁶
184 3051 387 3088 Henricus
407 3051 680 3098 Schweicker,
702 3052 815 3088 ducis
836 3051 1037 3087 Bavariae
1057 3064 1080 3087 a
1099 3051 1282 3089 secretis
