1971 3369
307 196 377 233 206
768 197 988 233 LITTERAE
1017 197 1372 242 QUADRIMEs'rREs

258 306 369 335 nam
397 291 569 336 maiori
597 292 784 348 pudore
809 291 1057 346 afficerer,
1087 292 1369 348 religiosum
1394 308 1471 337 me
1495 303 1542 338 et
1574 293 1637 337 ab
1661 293 1905 338 omnibus

257 367 514 412 mundanis
555 367 686 412 curis
728 368 989 412 immunem
1028 377 1076 412 et
1115 368 1341 425 liberum,
1383 368 1427 412 id
1472 384 1565 413 non
1606 377 1882 424 praestare,

254 444 383 499 quod
406 443 627 489 infirmus
650 444 925 488 foemineus
949 459 1098 489 sexus
1122 445 1333 489 tuendae
1358 444 1574 490 familiae
1603 454 1649 490 et
1675 445 1885 490 educan-

255 519 347 564 dae
372 520 553 565 sobolis
579 535 699 565 cura
726 520 977 565 districtus
1002 521 1216 566 exhibet.

312 596 353 641 3.
422 595 519 641 Sed
544 606 596 641 ut
621 596 748 640 unde
772 597 890 645 exit,
917 612 969 641 se
994 606 1257 642 conuertat
1281 597 1458 650 orati0‚
1483 597 1555 641 his
1589 597 1696 642 aliis
1720 596 1885 643 Socie-

254 672 370 717 tatis
394 672 644 717 exercitiis
664 672 841 717 Patres
865 682 1063 718 uacant.
1091 673 1299 729 Insuper
1322 673 1379 717 iis
1404 673 1481 729 qui
1507 673 1612 718 fato
1636 683 1749 718 sunt
1774 690 1885 730 pro-

253 749 385 803 ximi,
413 764 540 805 quae
566 749 784 794 maxima
810 749 885 794 hic
910 759 983 794 est
1008 750 1282 798 multitudo,
1305 765 1500 806 semper
1520 765 1581 794 ex
1600 750 1782 795 nostris
1801 750 1895 796 ali-—

255 826 361 881 quis
386 825 559 870 asistit.
589 826 694 871 Nec
724 826 762 871 si
797 827 964 882 plures
999 842 1234 884 essemus,
1273 837 1508 882 quantum
1544 826 1886 882 experimento

253 903 357 958 ipso
378 917 688 958 cognoscere
708 903 837 957 licet,
859 902 1158 959 indignantis
1178 902 1342 948 Patris
1360 902 1575 948 familiae
1593 918 1734 957 uoce,
1757 903 1887 959 quod

251 988 356 1024 tota
382 979 457 1023 die
483 979 790 1035 complicatis
821 981 1045 1025 manibus
1079 980 1222 1025 otiosi
1256 989 1520 1036 staremus,
1558 980 1883 1035 reprehende-

254 1070 439 1100 remur.
469 1055 657 1101 Uerum
683 1071 795 1101 cum
820 1057 966 1102 mesis
990 1057 1170 1113 ubique
1195 1058 1256 1102 sit
1279 1057 1449 1113 multa,
1476 1056 1692 1112 operarii
1717 1066 1883 1102 autem

254 1141 356 1177 tam
382 1132 525 1188 pauci
550 1134 588 1189 ¹„
609 1142 799 1177 tantum
823 1134 965 1178 abest
1000 1144 1050 1178 ut
1086 1134 1213 1191 quod
1249 1134 1639 1190 postulabamus,
1678 1132 1737 1177 sit
1772 1148 1884 1178 con-

251 1224 459 1265 cessum,
488 1220 538 1254 ut
564 1220 609 1254 et
634 1209 693 1255 de
717 1210 812 1255 hoc
836 1210 1010 1266 pusillo
1034 1226 1192 1267 grege
1217 1211 1408 1267 aliquos
1431 1210 1708 1255 subducere
1733 1210 1793 1256 sit
1817 1211 1883 1255 in-

252 1286 587 1332 terminatum.
624 1287 798 1343 Itaque
823 1288 974 1332 multo
998 1288 1153 1332 satius
1178 1288 1416 1344 ducimUS‚
1443 1296 1496 1332 ut
1520 1286 1709 1343 quimus
1735 1287 1881 1342 dege-

253 1379 324 1419 re,
352 1363 549 1418 quando
575 1379 667 1408 non
695 1364 805 1409 licet
830 1376 880 1409 ut
905 1365 1144 1417 uolumus,
1169 1380 1315 1420 quam
1341 1364 1386 1408 in
1410 1364 1683 1420 periculum
1714 1364 1885 1410 uenire

251 1448 481 1485 neutrum
505 1440 729 1496 capiendi
754 1441 986 1496 leporem,
1015 1441 1128 1485 dum
1152 1441 1312 1486 altero
1338 1440 1554 1485 contenti
1574 1455 1668 1485 non
1694 1455 1876 1485 sumus.

309 1518 351 1562 4.
420 1516 466 1561 A
490 1517 733 1567 fratribus
757 1517 802 1561 in
827 1517 981 1562 solitis
1005 1517 1256 1562 exercitiis
1279 1517 1395 1562 nihil
1419 1516 1612 1573 penitus
1647 1516 1884 1562 intermit-

250 1594 384 1645 titur;
414 1594 666 1650 quinimo,
694 1594 895 1639 Christo
930 1595 1111 1651 gratia,
1151 1595 1196 1639 in
1231 1595 1383 1639 horas
1416 1593 1575 1639 maius
1607 1593 1882 1650 suscipiunt
1936 1656 1940 1657 ⁷

254 1681 594 1728 augmentum.
633 1669 880 1728 Spiritalis
914 1672 1028 1717 item
1062 1672 1233 1717 feruor
1266 1671 1427 1728 magis
1461 1686 1523 1716 ac
1555 1671 1716 1729 magis
1749 1670 1882 1715 infla-

252 1758 432 1794 matur.
480 1750 789 1805 Regularum
834 1759 1120 1795 nostrarum
1172 1749 1398 1794 districta
1442 1748 1488 1793 in
1533 1747 1905 1793 obseruatione·

251 1826 398 1883 (quod
424 1835 497 1872 est
516 1826 855 1883 praecipuum)
875 1827 1070 1883 geritur
1091 1827 1233 1872 ratio.
1257 1825 1403 1883 Quod
1423 1836 1473 1870 ut
1492 1825 1551 1870 sit
1570 1835 1880 1881 perpetuum,

249 1902 376 1948 faxit
399 1902 738 1959 Omnipotens,
767 1912 818 1948 ut
843 1904 919 1960 qui
943 1903 1074 1948 dedit
1098 1912 1146 1948 et
1168 1903 1296 1948 uelle
1320 1912 1369 1948 et
1392 1902 1627 1959 incipere,
1650 1901 1731 1947 det
1755 1901 1896 1947 idem.
1918 1947 1920 1950 ,

250 1988 298 2025 et
322 1979 562 2036 perficere
586 1980 617 2024 2.
646 1979 758 2025 Duo
784 1980 960 2025 Patres
984 1980 1200 2025 diuinum
1226 1980 1436 2025 uerbum
1467 1979 1777 2024 seminauere
1801 1979 1881 2024 do-

251 2057 441 2102 minicis
464 2058 773 2102 solummodo
797 2058 984 2113 diebus,
1013 2058 1140 2103 alter
1174 2058 1218 2102 in
1254 2057 1459 2102 basilica
1493 2056 1589 2102 diui
1624 2054 1900 2113 Stephani„

248 2134 466 2179 maxima
490 2134 766 2179 confluente
790 2135 953 2191 turba,
982 2135 1109 2180 alter
1133 2134 1179 2180 in
1204 2149 1428 2180 carcere.

306 2211 347 2256 5.
411 2209 683 2256 Litteraria
707 2221 874 2256 autem
898 2212 1059 2257 studia
1083 2211 1190 2268 pari
1216 2227 1310 2268 quo
1341 2211 1551 2256 antehac
1585 2225 1734 2267 passu
1770 2225 1880 2266 pro-

250 2287 444 2343 cedunt,
471 2287 882 2333 scholasticorum
902 2303 1108 2333 numero
1132 2294 1168 2345 ⁸,
1196 2298 1281 2333 aut
1306 2288 1559 2345 exiguum,
1586 2296 1672 2332 aut
1695 2286 1880 2332 nullum

249 2363 547 2420 suscipiente
571 2363 943 2415 incrementum:
981 2373 1084 2422 aut,
1112 2364 1241 2421 quod
1275 2364 1436 2409 media
1470 2364 1532 2408 sit
1565 2363 1811 2409 confessio
1845 2362 1899 2418 ³„

249 2449 350 2498 aut,
378 2441 507 2498 quod
526 2441 687 2498 magis
706 2450 1092 2487 consentaneum
1113 2441 1293 2486 rationi
1313 2449 1403 2498 est,
1425 2441 1554 2497 quod
1572 2456 1648 2485 me
1668 2441 1909 2485 debeant„

251 2518 317 2562 uti
342 2518 600 2575 magistro.
627 2517 679 2562 In
705 2518 761 2563 iis
785 2527 953 2563 autem
973 2518 1052 2575 qui
1077 2519 1332 2564 nobiscum
1356 2526 1700 2574 perseuerant.
1728 2532 1902 2574 quan--

299 2716 316 2736 a
361 2708 414 2745 In
437 2719 577 2754 marg.
599 2709 753 2745 eadem
772 2720 924 2745 manu:
947 2707 1288 2745 scholasticorum
1310 2720 1515 2744 numerus.
1539 2706 1586 2744 C.

302 2874 310 2892 ¹
365 2872 428 2911 Cf.
450 2872 638 2915 MATTH„
659 2872 733 2914 IX,
753 2872 811 2909 37.

300 2932 313 2950 ²
365 2931 426 2969 Cf.
448 2932 647 2975 Pmmmz,
669 2931 718 2977 H,
742 2931 796 2968 13.

300 2991 312 3009 ⁵
364 2990 427 3027 Cf.
452 3004 544 3038 pag.
566 2990 623 3027 69.
