1950 3348
281 192 351 228 330
744 191 966 228 LITTERAE
993 192 1351 237 QUADRIMESTRES

233 296 455 332 nostrum
492 288 740 343 templum,
776 287 905 344 quod
941 288 1085 332 amici
1120 287 1399 342 singulares
1439 287 1645 332 subinde
1685 302 1863 332 ornant

234 363 550 411 munusculis,
580 374 629 407 vt
664 364 860 419 tapetis,
888 363 1251 420 corporalibuS,
1291 363 1464 419 pannis
1498 363 1753 419 preciosis,
1777 367 1864 419 pe*

236 440 403 485 cmn'is
428 450 475 485 et
500 441 782 496 strophiolis
808 441 984 485 afabre
1009 440 1269 486 contextis.

294 517 336 563 2.
403 516 731 562 Serenissima
756 517 992 562 Boemiae
1028 517 1204 573 regina
1232 518 1238 541 ¹
1266 526 1470 573 praeter
1505 526 1733 561 caeteros
1759 515 1863 560 fau-

234 603 369 639 tores
393 594 633 650 singulari
668 609 757 638 nos
792 609 962 638 amore
996 603 1146 650 atque
1181 593 1365 638 auxilio
1400 594 1734 649 prosequitur,
1761 593 1864 638 mit·

233 680 342 716 tens
376 671 641 727 aliquando
666 670 728 715 ad
753 686 843 715 nos
866 686 927 716 ac
951 686 1196 727 quaerens
1220 670 1395 728 quibus
1419 669 1745 726 indigeamus.
1774 669 1864 714 Pa-

233 757 396 793 ratam
432 763 541 792 sese
574 747 725 793 offert
759 763 1052 805 quacunque
1087 748 1131 792 in
1168 764 1221 793 re
1256 747 1410 804 possit
1443 747 1583 792 nobis
1613 747 1866 803 suppetias

235 824 440 869 {eremis
462 832 496 868 ³.

292 901 334 946 3.
403 901 637 946 Eiusdem
663 901 810 946 animi
835 917 944 947 esse
969 902 1257 957 experimur
1282 917 1455 958 regem
1475 901 1862 947 Ferdinandum.

235 977 329 1022 Hic
352 988 589 1034 tanquam
614 977 826 1033 optimus
862 978 1015 1023 nostri
1051 978 1246 1033 collegii
1282 987 1522 1034 patronus
1545 993 1605 1023 ac
1629 987 1787 1034 pater,
1815 978 1867 1024 in
1942 1028 1945 1033 ,

234 1055 410 1099 causis
434 1056 624 1099 nostris
646 1054 745 1099 sihi
762 1055 1120 1114 proponendis
1145 1055 1353 1100 libenter
1376 1070 1466 1099 nos
1491 1055 1554 1099 ad
1572 1054 1868 1111 colloquium
1927 1062 1940 1118 J

234 1131 446 1176 admittit
477 1132 743 1188 priuatum,
771 1131 1009 1176 auxilium
1044 1147 1185 1176 suum
1220 1132 1362 1177 nobis
1397 1132 1634 1177 beneuole
1668 1131 1866 1188 promit-

233 1207 306 1264 tit,
333 1208 430 1252 imo
455 1209 516 1252 ad
540 1208 704 1253 omnia
739 1208 892 1264 petita
916 1209 1187 1253 clementer
1211 1208 1395 1264 annuit,
1422 1209 1488 1253 ita
1513 1208 1650 1265 qnod
1669 1208 1688 1234 b
1715 1208 1762 1253 in
1786 1208 1867 1254 illo

234 1285 348 1330 nihil
373 1285 676 1330 difficultatis
699 1292 714 1312 ς
749 1286 1085 1342 experiamur;
1119 1286 1205 1330 sed
1230 1302 1341 1331 cum
1367 1286 1423 1331 iis
1447 1286 1527 1342 qui
1551 1286 1715 1331 munia
1740 1286 1866 1331 dele-

233 1371 355 1419 gata
389 1363 617 1418 subeunt,
645 1363 845 1408 labores
881 1363 1145 1419 aliquando
1180 1363 1311 1407 haud
1340 1363 1549 1420 exiguos
1574 1362 1709 1407 ferre
1733 1362 1866 1419 cogi—

235 1455 361 1484 mur.
391 1439 638 1484 Proximis
661 1439 734 1483 his
760 1439 931 1485 diebus
965 1455 1075 1484 cum
1106 1440 1165 1484 R.
1205 1440 1287 1484 Pr.
1326 1439 1552 1484 dominus
1584 1439 1803 1499 Joannes
1837 1455 1866 1485 a

236 1515 469 1561 Victoria
494 1527 541 1560 et
574 1531 669 1572 ego
705 1516 840 1560 illum
875 1516 1258 1561 accessissemus
1293 1526 1496 1572 propter
1530 1517 1684 1561 multa
1718 1509 1878 1572 nego-'

236 1592 331 1649 cia,
360 1608 487 1648 quae
521 1592 699 1648 partim
735 1592 797 1637 ad
833 1592 1188 1648 rempublicam
1226 1593 1564 1645 christianam,
1591 1592 1770 1649 partim
1804 1592 1867 1637 ad
1915 1623 1943 1649 s

235 1669 499 1725 collegium
534 1678 758 1714 nostrum
799 1679 1046 1725 spectant,
1089 1669 1295 1714 miratus
1335 1675 1406 1715 est
1445 1670 1709 1725 plurimum
1749 1669 1867 1726 opti·

235 1762 342 1791 mus
379 1762 468 1791 rex
502 1746 617 1791 nihil
651 1746 886 1791 effectum
921 1762 1030 1792 esse
1065 1747 1111 1791 in
1146 1747 1254 1799 illis,
1283 1762 1409 1803 quae
1432 1762 1583 1792 sacra
1606 1762 1696 1792 sua
1721 1746 1867 1792 maie-
1905 1748 1934 1807 -Γ-

235 1831 338 1867 stas
363 1823 460 1867 iam
484 1822 673 1879 pridem
700 1823 922 1879 expediri
948 1823 1077 1868 serio
1103 1823 1447 1868 mandauerat.
1471 1823 1726 1879 Quantum
1744 1838 1868 1880 ergo

235 1899 298 1943 ad
323 1900 480 1956 ipsam
504 1899 699 1956 regiam
723 1901 1033 1945 maiestatem
1057 1900 1247 1954 attinet,
1274 1899 1424 1946 fateri
1449 1915 1711 1956 possumus
1735 1900 1868 1964 illam
1900 1891 1933 1962 >vj-25

236 1975 281 2020 in
302 1976 528 2021 omnibus
549 1991 658 2020 esse
684 1975 1138 2021 elenze)ztz'ssz'man‘z
1157 1976 1301 2021 nobis
1325 1975 1358 2020 d:
1386 1976 1442 2021 z'd
1462 1976 1534 2021 ita
1554 1990 1663 2021 esse
1681 1976 1755 2021 his
1773 1975 1868 2022 die—
1904 1963 1945 2041 j

237 2052 326 2097 bus
351 2052 547 2108 elapsis
576 2052 779 2109 eaev‘xpmtz
810 2066 1017 2107 5ῑιηῑιι5·
1040 2067 1164 2097 nam
1195 2059 1212 2079 e
1242 2068 1338 2109 quo
1372 2053 1559 2109 aliquot
1591 2068 1747 2098 annos
1769 2068 1867 2097 mo·
1899 2055 1929 2121 t}

236 2130 399 2174 lestati
433 2128 631 2185 fuimus
658 2129 891 2174 liberauit
924 2145 1011 2174 nos
1046 2144 1078 2174 a
1111 2129 1297 2175 trabeato
1332 2143 1523 2183 annuo,
1552 2129 1681 2186 quod
1703 2145 1867 2175 mona·
1894 2119 1950 2212 »ῥ’

235 2207 440 2251 sterium
480 2214 706 2251 nostrum
745 2216 951 2263 propter
986 2215 1257 2263 prouentus
1296 2222 1502 2261 annuos,
1531 2222 1653 2263 quos
1691 2222 1781 2252 nos
1818 2210 1871 2251 vt
1891 2187 1943 2273 *52

236 2283 360 2327 hene
374 2298 625 2339 nunquam
643 2284 967 2340 possedimus,
984 2299 1072 2340 pel
1076 2284 1274 2328 soluere
1292 2284 1587 2329 tenebatur2
1596 2283 1760 2341 ‚Qua
1750 2299 1796 2328 in
1815 2298 1868 2329 re
1891 2274 1937 2339 Ξτῐ

238 2375 475 2417 magnum
499 2375 621 2405 sane
645 2360 1029 2406 emolumentum
1053 2361 1267 2417 collegio
1294 2361 1546 2406 viennensi
1586 2361 1798 2406 accessit
1827 2358 1866 2406 f.

1945 628 1950 663 <

1891 2484 1905 2490 ,¹
1886 2464 1895 2474 ⁴
1888 2436 1905 2455 ’.Μ
1891 2375 1906 2410 «-

1890 2496 1934 2526 '124

285 2564 303 2584 a
335 2558 456 2595 ferre.
508 2557 576 2585 —b
610 2564 664 2594 vt
723 2565 780 2584 ec
815 2559 921 2594 xlia
912 2558 1133 2596 inreadd.
1156 2558 1250 2594 Pol.
1296 2558 1362 2584 —d
1394 2558 1507 2594 nobis
1522 2558 1866 2605 benignissimam.
1886 2530 1937 2610 {³21¹

263 2623 300 2644 e
336 2630 359 2652 a
378 2617 540 2654 tributo
595 2616 652 2644 ——f
697 2617 749 2654 In
770 2628 909 2663 mmg.
932 2617 1038 2654 add.
1060 2617 1156 2654 Pol.
1178 2617 1227 2653 ad
1247 2617 1541 2654 extructionem
1567 2619 1688 2654 etiam
1714 2617 1869 2654 schola·
1880 2595 1933 2653 ᾗ

237 2689 324 2712 rum
345 2676 450 2722 quod
470 2677 764 2723 expetebamus
782 2676 1001 2713 constituit.

287 2864 295 2882 ¹
350 2862 484 2899 Maria
503 2863 720 2909 austriaca,
743 2863 1012 2900 Maximiliani
1031 2875 1144 2900 uxor.

286 2920 299 2940 ²
350 2920 478 2958 Sociis
498 2894 786 2958 viennensibus
811 2921 1034 2958 tradiderat
1061 2933 1133 2957 rex
1160 2921 1443 2958 Feidinandus
1471 2921 1761 2958 monasterium
1786 2931 1883 2961 car-³⁵
1880 2878 1930 3016 LE}

239 2980 539 3022 melitanorum,
560 2980 646 3017 fere
666 2981 886 3018 desertum.
909 2979 972 3017 Cf.
994 2980 1241 3024 POLANCUM,
1267 2981 1435 3026 Chron„
1456 2980 1511 3023 V
1532 2980 1616 3018 233.
