1909 3328
234 259 299 295 4³4
732 258 955 297 LITTERAE
982 259 1339 305 QUADRIMESTRES

223 355 405 413 incipit,
432 365 632 412 tamque
657 365 704 401 et
729 357 1090 413 eleaemosynis
1114 366 1161 402 et
1185 358 1293 402 aliis
1316 358 1406 414 piis
1437 359 1670 415 operibus
1705 359 1850 405 habe-

223 450 312 479 nas
339 433 558 489 remittit,
586 443 637 478 ut
661 434 799 490 quasi
835 435 1078 490 quaedam
1112 450 1243 479 noua
1268 435 1351 479 lux
1375 435 1485 480 huic
1509 435 1725 480 afflictae
1755 435 1850 481 dio-

222 511 354 557 caesi
390 510 642 556 affulsisse
678 522 879 567 repente
914 511 1158 556 uideatur.
1185 510 1250 556 Se
1284 521 1548 568 praesente
1583 513 1740 558 sacris
1770 513 1850 558 ini-

221 588 415 634 tiandos
449 587 703 644 explorari
736 587 894 645 jubet,
924 588 1177 633 ordinibus
1212 589 1449 645 proximis
1483 589 1585 645 ipse
1619 588 1849 648 praefuit,

222 681 312 711 nec
346 665 408 710 ad
444 681 529 710 eos
563 665 804 721 quoslibet
839 666 965 710 citra
998 666 1241 710 delectum
1278 666 1710 722 (quemadmodum
1746 665 1850 711 fieri

221 752 370 788 antea
395 742 590 787 solitum
615 741 761 799 erat),
787 742 873 787 sed
908 742 953 786 in
989 742 1162 787 litteris
1197 751 1467 798 prouectos
1501 742 1730 788 admittit.
1757 742 1850 787 Ita·

221 835 315 877 que
340 820 518 864 multos
543 818 621 875 qui
646 818 840 864 facilius
875 828 923 864 et
957 820 1088 864 nullo
1122 819 1324 876 negotio
1350 820 1413 864 ab
1438 835 1497 864 eo
1521 835 1696 865 sacros
1726 820 1850 864 ordi-

220 912 307 941 nes
331 897 599 952 impetrare
633 896 919 952 sperabant,
948 912 1044 952 qua
1079 896 1138 941 de
1173 911 1327 941 causa
1351 912 1436 941 eos
1460 896 1507 941 in
1532 895 1637 953 ejus
1673 896 1849 941 aduen-

220 983 321 1019 tum
358 973 668 1030 distulerant,
704 989 817 1030 spes
850 974 971 1019 haec
1003 973 1130 1029 lusit,
1159 989 1269 1019 cum
1296 973 1423 1030 turpi
1450 975 1649 1030 repulsa
1673 973 1852 1020 fuerint

220 1051 392 1097 notati.
420 1051 563 1107 Quae
598 1066 678 1096 res
711 1067 806 1096 non
843 1051 1159 1096 mediocriter
1193 1051 1419 1097 conferet
1453 1051 1729 1097 litterarum
1754 1060 1850 1097 stu-

220 1129 308 1174 diis
332 1128 699 1185 promouendis,
728 1144 854 1185 quae
878 1128 948 1173 sic
972 1137 1087 1174 ante
1109 1127 1358 1186 jacebant.
1387 1128 1450 1174 Iis
1481 1130 1629 1174 rebus
1660 1145 1850 1175 sumam

219 1205 278 1250 de
317 1221 370 1250 se
410 1204 825 1251 existimationem
859 1205 1150 1262 concitauit,
1186 1221 1334 1262 quam
1369 1205 1495 1251 faxit
1529 1206 1694 1251 diuina
1725 1206 1850 1251 beni-

219 1283 398 1340 gnitas,
426 1292 478 1328 ut
502 1283 747 1328 sustinere
781 1293 827 1328 et
861 1282 985 1328 tueri
1012 1283 1180 1339 possit.
1209 1282 1261 1328 In
1287 1299 1376 1328 nos
1400 1292 1565 1329 autem
1590 1284 1659 1328 sic
1683 1293 1757 1329 est
1781 1283 1849 1329 af-

220 1361 396 1418 fectus,
423 1369 475 1406 ut
499 1360 663 1405 omnia
688 1360 750 1405 ad
775 1360 1137 1417 praescriptum
1164 1360 1326 1405 Patris
1353 1361 1563 1406 rectoris
1588 1360 1757 1406 facere
1781 1361 1845 1406 ui-

219 1438 414 1493 deatur,
442 1454 586 1494 quem
611 1437 674 1482 ad
698 1453 751 1482 se
777 1437 821 1482 in
844 1437 1058 1493 negotiis
1092 1437 1261 1482 arduis
1286 1437 1515 1495 admittit,
1544 1439 1849 1495 eundemque

218 1515 395 1561 adesse
419 1515 574 1561 uoluit
599 1516 643 1561 in
670 1516 874 1562 decessu
899 1516 1101 1572 cognati
1134 1514 1393 1573 cujusdam
1417 1516 1509 1571 sui,
1537 1515 1700 1574 qua[e]
1726 1523 1742 1542 ³
1771 1531 1850 1561 res

219 1594 362 1639 ualde
401 1593 716 1639 aedificatum
758 1594 913 1651 ipsum
954 1593 1180 1647 reddidit,
1218 1593 1264 1638 id
1299 1594 1427 1650 quod
1467 1594 1848 1650 elaeaemosyna

219 1671 312 1716 hoc
336 1672 522 1728 pascha
547 1672 678 1717 ultra
702 1672 895 1717 solitam
921 1672 964 1716 in
992 1687 1080 1717 nos
1104 1672 1287 1717 collata
1312 1672 1621 1717 declaratum
1647 1680 1735 1717 est.

276 1748 319 1794 3.
387 1749 439 1794 In
464 1765 574 1795 eam
600 1758 766 1795 autem
804 1765 969 1794 sumus
1002 1764 1140 1806 spem
1174 1748 1345 1802 erecti,
1372 1748 1565 1806 superis
1599 1749 1847 1794 annuenti-

221 1826 328 1884 bus,
356 1825 445 1871 nisi
473 1826 575 1871 fato
600 1826 748 1871 fuerit
779 1826 1100 1883 interceptus,
1128 1826 1359 1871 daturum
1384 1826 1524 1872 nobis
1549 1826 1746 1871 domum
1769 1826 1847 1872 ubi

218 1903 521 1948 commodius
561 1914 762 1948 nostrae
805 1902 1072 1948 Societatis
1112 1902 1431 1961 mini[s]teriis
1471 1919 1657 1949 uacare
1696 1903 1844 1960 possi-

218 1995 342 2038 mus;
379 1996 492 2026 nam
528 1996 639 2026 cum
674 1981 736 2026 ad
772 1980 945 2037 uiginti
980 1980 1056 2025 hic
1091 1996 1474 2036 commoremur,
1514 1981 1639 2027 adeo
1680 1982 1847 2027 domus

217 2058 459 2115 angustiis
497 2058 783 2115 premimur,
827 2068 878 2103 ut
918 2059 1104 2104 multae
1143 2059 1351 2105 cellulae
1390 2059 1546 2117 binos,
1589 2059 1848 2104 nonnullae

217 2145 387 2180 ternos
417 2136 679 2192 accipiant3
707 2136 884 2192 quibus
917 2137 1066 2181 rebus
1089 2145 1163 2182 est
1187 2136 1437 2194 effectum,
1460 2145 1513 2182 ut
1535 2137 1847 2194 gymnasium

219 2229 369 2258 unum
403 2213 448 2258 in
483 2213 695 2268 triclinii,
733 2213 995 2258 triclinium
1037 2223 1202 2259 autem
1239 2214 1497 2270 pristinum
1533 2214 1578 2259 in
1615 2215 1847 2260 cellarum

219 2306 338 2336 usus
362 2291 455 2335 sint
478 2305 740 2336 conuersa.
770 2290 896 2336 Nam
932 2290 991 2336 de
1026 2291 1196 2336 sacelli
1221 2291 1406 2348 exigua
1429 2292 1711 2348 capacitate
1735 2290 1848 2336 nihil

219 2378 295 2414 est
329 2369 458 2425 quod
493 2368 676 2425 dicam,
713 2384 824 2414 cum
858 2369 1140 2414 sacrificum
1176 2369 1333 2427 ipsum
1368 2385 1515 2415 sacro
1551 2370 1698 2416 altari
1733 2369 1846 2415 assi-

218 2455 429 2491 stentem
468 2445 702 2492 confussa
741 2445 1070 2492 foeminarum
1111 2447 1259 2492 turba
1298 2446 1583 2493 circumstet.
1627 2446 1847 2503 Quarum
1908 2457 1909 2498 Q

219 2540 454 2569 accessus
478 2523 712 2569 cancellis
746 2524 785 2569 si
821 2524 958 2569 uellis
993 2539 1186 2581 arcere,
1215 2524 1294 2569 ubi
1327 2525 1602 2570 consistant
1626 2524 1847 2581 profecto
1908 2544 1909 2559 ι

220 2602 312 2648 loci
347 2602 463 2647 nihil
497 2602 606 2647 erit.
635 2602 807 2658 Itaque
842 2601 1049 2647 uiuimus
1081 2612 1132 2647 ut
1166 2602 1373 2659 quimus,
1401 2602 1598 2659 quando
1632 2613 1682 2647 ut
1717 2602 1845 2646 uolu-

219 2695 326 2724 mus
360 2695 454 2725 non
491 2679 619 2725 licet.
658 2678 847 2724 Uerum
883 2678 1108 2736 profecto
1144 2695 1232 2724 cur
1263 2680 1631 2737 conqueramur
1664 2693 1845 2725 causae

221 2756 337 2801 nihil
361 2766 451 2814 est,
489 2757 528 2802 si
558 2757 620 2803 ad
650 2757 939 2802 semirutum
974 2756 1090 2801 illud
1125 2756 1543 2802 behtlemithicum
1580 2757 1842 2813 stabulum,

220 2833 410 2878 cunctis
433 2849 609 2890 regum
634 2833 760 2879 aulis
789 2832 896 2891 jure
920 2832 1319 2889 praeferendum,
1348 2833 1524 2885 mentis
1549 2832 1706 2879 aciem
1737 2847 1843 2878 con-

218 2920 421 2955 uertere
460 2911 682 2956 uelimus.
724 2907 837 2956 Sed'
861 2910 1028 2955 nescio
1067 2925 1162 2965 quo
1202 2919 1349 2966 pacto
1390 2911 1587 2967 pietatis
1626 2911 1841 2966 obtentU,

269 3085 286 3105 ³
331 3078 509 3115 Abscisa
531 3079 683 3115 charta
702 3078 772 3115 llic
791 3081 830 3115 et
848 3078 1049 3123 inferius.
