2054 3530
401 303 447 338 2⁴)
863 304 1080 341 LITTERAE
1108 305 1465 350 QUADRIMESTRES

354 398 526 442 causis
550 400 801 455 conuenit,
830 399 959 444 Rufe.
987 400 1037 444 in
1065 400 1264 445 Clm'sto
1293 400 1450 444 Pater
1472 415 1531 445 ac
1556 401 1809 458 magister
1824 402 1973 457 saro-

351 474 407 518 bc
436 475 656 531 Laynes,
686 484 736 520 ut
769 475 907 520 iuxta
941 476 1180 522 hactenus
1215 478 1535 522 obseruatam
1571 492 1630 522 ac
1663 478 1975 523 laudabilem

352 552 560 596 aliorum
597 561 818 607 nostrae,
853 553 954 598 imo
978 553 1106 611 Iesv,
1134 553 1400 599 Societatis
1424 554 1749 611 collegiorum
1774 569 1975 599 consue-

352 628 585 685 tudinem,
613 644 739 684 quae
764 629 856 674 hoc
880 630 1104 686 proxime
1129 632 1297 687 elapso
1322 631 1669 687 quadrimestri
1695 631 1860 676 diuina
1895 631 1973 676 bo-

352 704 477 749 nitas
517 721 603 760 per
641 721 773 762 suos,
811 707 925 751 licet
957 708 1163 752 inutiles
1196 713 1243 753 et
1275 707 1639 764 indignissimos
1672 724 1862 763 seruos,
1901 709 1976 753 hic

351 782 547 837 operari
572 781 777 838 dignata
801 792 875 828 est
900 783 1118 830 breuiter
1142 785 1271 830 istuc
1296 785 1688 842 pei‘scribamus;
1727 786 1838 830 istis
1872 786 1976 830 iam

351 858 512 903 literis
550 859 793 914 quaedam
832 860 933 906 Dei
969 866 1145 918 opem,
1192 872 1339 918 prout
1384 862 1514 906 labili
1560 862 1829 907 memoriae
1870 878 1977 907 sese

351 935 580 993 offerent,
608 936 671 982 ad
694 937 931 983 maiorem
955 952 1084 984 snae
1106 945 1123 966 ³
1143 939 1335 995 gloriae
1355 939 1853 995 commendationem,
1881 954 1977 994 qua

350 1012 492 1058 decet
530 1012 638 1069 fide,
680 1015 1063 1060 recensebimus.
1110 1015 1171 1061 Et
1209 1030 1306 1073 quo
1345 1016 1762 1072 compendiosius
1801 1019 1848 1060 et
1883 1029 1976 1060 sui>

350 1104 581 1147 quaeque
613 1091 793 1137 ordine
826 1092 1082 1146 dicantur,
1122 1093 1330 1149 primum
1354 1093 1624 1149 spiritualis
1648 1092 1842 1149 collegii
1868 1107 1975 1148 pra-

349 1167 514 1223 gensis
539 1176 738 1223 statum‚
766 1168 1366 1226 deindefoelicissimztm
1385 1169 1404 1196 b
1425 1179 1627 1214 nostrae
1646 1169 1848 1215 scholae
1872 1184 1977 1214 suc-

350 1258 560 1301 cessum,
589 1245 661 1289 ad
681 1249 970 1305 exti‘emzlm
993 1253 1008 1272 ⁰
1030 1261 1152 1291 uero
1178 1247 1426 1303 nonnulla,
1452 1251 1507 1291 nt
1525 1247 1782 1303 uidentur,
1810 1250 1977 1291 extra-

350 1335 464 1377 nea,
505 1321 600 1366 sed
633 1337 759 1379 quae
798 1323 983 1368 bomini
1023 1323 1251 1380 utrisque
1285 1324 1582 1368 communia
1614 1327 1750 1379 sunt,
1788 1337 1848 1368 ac
1881 1339 1976 1368 non

349 1397 460 1442 dico
484 1397 502 1424 d
520 1399 752 1455 pragensi
778 1400 1094 1456 reipublicae,
1132 1401 1217 1445 sed
1252 1400 1400 1445 etiam
1436 1401 1621 1457 inclyto
1646 1400 1796 1446 totius
1820 1400 1975 1445 Bohe-

350 1474 478 1520 miae
504 1491 676 1532 regno,
701 1475 891 1521 fructus
924 1491 1081 1534 <litam
1111 1477 1369 1533 plnrmzos
1401 1482 1449 1522 et
1482 1477 1766 1522 uberrimos
1799 1484 1815 1504 e
1842 1477 1975 1522 adfe-

353 1560 482 1606 runt,
511 1552 872 1598 enarrabimus.

409 1628 450 1674 2.
517 1628 763 1686 Principio
788 1629 939 1686 igitur
963 1630 1066 1675 siue
1091 1630 1251 1675 Rdos.
1286 1630 1387 1675 Pf‘s
1417 1644 1476 1675 ac
1511 1631 1846 1675 c'lzaw'issitizos
1879 1629 1976 1674 fra-

350 1715 451 1751 tres
475 1721 645 1751 omnes
668 1706 811 1751 simul
834 1706 844 1733 f
872 1707 934 1752 ob
958 1707 1129 1752 oculos
1154 1723 1300 1764 pono,
1322 1707 1428 1752 siue
1449 1707 1596 1752 etiam
1617 1722 1788 1753 eorum
1813 1723 1976 1763 quem-

352 1782 467 1828 libet
491 1798 715 1828 seorsum
739 1784 1063 1840 contemplor,
1092 1799 1187 1829 non
1213 1799 1413 1840 possum
1438 1800 1534 1829 non
1561 1791 1595 1832 g.
1623 1784 1751 1841 quod
1775 1799 1856 1829 res
1885 1792 1973 1838 est,

350 1859 564 1904 libenter
585 1874 645 1905 ae
669 1861 894 1917 ingenite
912 1861 1164 1918 profiteri,
1202 1865 1250 1906 et
1281 1875 1459 1907 omnes
1484 1862 1689 1918 pariter
1709 1861 1728 1888 ¹¹
1749 1861 1977 1907 maximis

350 1936 630 1995 conatibus,
676 1938 968 1983 conculcato
1012 1939 1119 1984 iam
1162 1937 1407 1995 Sathana‚
1455 1954 1516 1984 ac
1558 1939 1738 1996 spretis
1780 1938 1976 1984 omnino

352 2013 515 2058 mundi
539 2014 802 2071 carnisque
826 2015 1087 2069 illecebris,
1115 2015 1178 2060 ad
1202 2031 1373 2061 ueram
1393 2015 1693 2061 christianae
1712 2015 1845 2061 uitae
1869 2031 1974 2072 per-

350 2090 613 2135 fectionem
647 2091 797 2136 ueluti
832 2092 1060 2137 certatim
1094 2092 1309 2148 (mz‘mmz
1342 2093 1497 2149 dictu,
1533 2093 1627 2137 sed
1647 2093 1765 2138 uisu
1801 2094 1975 2138 iucun-

351 2168 490 2224 dius)
508 2168 575 2213 ita
595 2169 911 2225 contendere,
934 2178 986 2214 ut
1005 2170 1446 2226 itizpetziosissima
1469 2169 1477 2196 ³
1505 2170 1732 2227 quadam,
1754 2170 1848 2215 sed
1867 2170 1974 2215 Zau-

350 2245 511 2291 dabili
542 2245 773 2291 uiolentia
809 2262 1016 2302 regnum
1049 2247 1302 2292 coelorum
1336 2262 1627 2304 expugnare
1655 2247 1664 2281 J'
1694 2247 1972 2302 uideantur,

350 2331 398 2368 et
437 2322 482 2367 in
521 2338 608 2368 suo
649 2337 1063 2381 itizztquiequte
1102 2325 1259 2370 etiam
1297 2323 1315 2350 ¹<
1341 2324 1480 2369 iuxta
1518 2323 1796 2369 obedientie
1836 2339 1975 2380 prae-

350 2399 584 2455 scriptum
619 2399 784 2457 offitio
818 2400 825 2426 ¹
854 2400 1065 2457 uersari,
1102 2405 1159 2446 ut
1189 2405 1238 2446 et
1259 2405 1513 2457 perpetuo
1535 2415 1664 2446 snae
1688 2400 1980 2446 meminerit
2028 2431 2039 2450 .,

352 2476 653 2533 uocationis,
681 2481 729 2521 et
749 2481 857 2522 tam
881 2477 1270 2523 abominabilem
1303 2478 1554 2523 bohemici
1584 2478 1737 2535 registi
1768 2477 1975 2523 calami-

351 2557 522 2611 tatem,
568 2558 611 2598 et
653 2554 1087 2600 abominationem
1130 2559 1238 2600 tam
1275 2556 1657 2612 calamitosam,
1704 2555 1976 2611 deplorare

352 2643 621 2687 nimquam
646 2631 863 2676 desinat.
895 2632 1080 2677 Omitto
1105 2632 1213 2677 iam
1236 2645 1394 2690 quam
1418 2638 1447 2658 ¹¹¹
1473 2632 1658 2677 utiliter
1691 2640 1739 2677 et
1772 2631 1975 2687 pulchre

352 2723 462 2752 curn
486 2706 668 2763 pietate
700 2708 930 2754 honestas
965 2709 1113 2754 etiam
1138 2709 1418 2766 disciplinas
1442 2709 1734 2754 domesticis
1755 2717 1857 2754 tum
1882 2709 1974 2754 lec-

352 2783 580 2839 tionibus,
608 2793 709 2829 tum
734 2785 842 2830 aliis
865 2785 1116 2831 exercitiis
1140 2785 1332 2842 optimis
1355 2786 1658 2842 coniungunt
1680 2792 1754 2831 ¹¹...

400 2942 418 2963 ὃ
461 2935 634 2972 diuinae.
689 2937 754 2964 —b
775 2949 833 2974 ae.
887 2945 949 2965 -c
970 2938 1128 2974 deinde.
1183 2937 1247 2964 —d
1267 2938 1409 2975 solum.
1464 2945 1526 2965 -e
1547 2950 1626 2974 non
1645 2938 1825 2988 exiguos.

399 2994 410 3022 f
458 2999 616 3031 nostros
642 2995 772 3032 simul.
827 3004 892 3031 -g
923 3010 1001 3033 non
1029 2996 1159 3034 fateri.
1215 2996 1278 3024 -h
1300 3009 1379 3033 eos.
1434 2995 1489 3023 -i
1522 3001 1672 3033 sancta.
1728 2996 1780 3030 -i
1812 2996 1906 3033 Hoc
1931 3007 1970 3033 v.

353 3058 490 3100 supra
504 3065 613 3091 vers.
631 3054 770 3091 addit.
790 3056 942 3092 eadem.
960 3056 1102 3102 Sylvii
1119 3067 1272 3093 manu.
1325 3055 1391 3083 —k
1411 3056 1583 3102 quisque
1603 3055 1743 3096 officio.
1802 3055 1849 3083 —l
1876 3060 1972 3092 stre-

353 3126 445 3151 nue.
500 3121 573 3140 —111
598 3126 656 3151 ae.
756 3121 774 3141 Π
797 3114 1050 3161 Sequuntur
1071 3116 1097 3153 7
1111 3126 1263 3153 versus
1277 3116 1446 3153 millius
1464 3116 1678 3153 momenti
1695 3125 1723 3152 a
1737 3115 1814 3152 Po.
1836 3115 1970 3152 oblitt.
