1900 3380
500 306 824 344 lio—Comma.
855 307 896 343 19
923 306 1169 343 Novfflussuls
1200 307 1287 343 1:337
1591 307 1655 343 421

78 411 207 447 trum
233 416 293 446 ac
317 401 528 445 fratrum
564 400 754 457 aspirat
792 400 1060 452 laboribus,
1100 401 1442 446 conuictorum
1480 402 1703 458 multipli-

74 486 217 524 catur
240 493 492 522 numerus.
520 477 570 521 ln
599 493 767 523 mensa
794 493 921 523 nunc
946 477 1021 523 hic
1045 493 1213 523 sumus
1236 480 1305 530 3313,
1340 488 1388 523 et
1422 479 1587 534 plures
1621 494 1701 524 ex-

76 566 344 612 pectamus.
388 553 438 599 In
476 554 547 599 his
583 563 748 600 autem
786 555 992 611 duobus,
1030 554 1202 599 schola
1236 563 1284 600 et
1318 556 1700 609 conuictoribus,

75 634 253 679 bonam
279 631 452 677 messis
477 641 676 677 nostrae
702 641 894 688 partem
919 632 1063 677 sitam
1084 647 1192 677 esse
1212 632 1474 678 credimus.
1504 634 1630 678 Nam
1657 634 1699 679 in

75 708 216 754 nullis
240 708 376 753 Deus
400 707 771 753 misericordius
796 708 937 754 nobis
960 708 1117 763 adest,
1146 724 1292 765 quam
1325 709 1367 753 in
1404 709 1523 765 istis;
1561 711 1623 753 ob
1658 711 1703 755 id

76 785 302 831 fortassis
326 785 455 842 quod
479 785 592 830 nihil
619 785 784 831 utilius
809 795 857 831 et
880 785 1055 830 maiori
1092 801 1203 830 cum
1238 785 1576 832 aedificatione
1608 787 1699 832 Co-

75 861 234 908 loniae
275 878 304 907 a
338 860 591 907 Societate
626 862 872 918 praestari
909 870 1086 919 potest,
1126 878 1273 919 quam
1308 871 1360 907 ut
1393 862 1622 908 iuuentus
1660 864 1701 909 in

78 939 245 985 schola
270 947 318 984 et
341 938 469 983 domi
498 947 634 984 recte
659 938 872 992 iuuetur,
902 947 952 984 vt
976 938 1108 984 bona
1140 948 1188 984 et
1221 939 1367 984 docta
1403 937 1502 984 fiat.
1541 940 1703 985 Habe-

78 1031 184 1061 mus
222 1014 447 1072 prol'ecto
490 1015 793 1061 iuuentutem
834 1031 1152 1061 numerosam
1192 1015 1238 1060 in
1279 1016 1475 1067 scholis,
1524 1018 1702 1062 bonam

77 1103 222 1150 atque
246 1092 500 1137 selectam.
524 1091 574 1136 In
595 1092 825 1137 conuictu
848 1108 968 1138 uero
989 1107 1084 1137 non
1104 1092 1342 1138 habemus
1361 1093 1451 1138 nisi
1471 1093 1703 1139 nobilium

77 1179 125 1216 et
158 1169 449 1226 optimatum
485 1168 624 1215 filios.
663 1169 991 1225 Quorundam
1021 1180 1255 1226 parentes
1280 1186 1494 1227 magnae
1518 1172 1701 1216 autori-

78 1247 192 1293 tatis
214 1255 327 1292 sunt
350 1247 480 1304 apud
506 1246 693 1292 uicinos
717 1247 978 1304 principes:
1017 1256 1066 1293 et
1100 1248 1230 1304 quod
1265 1248 1442 1293 mirum
1478 1258 1568 1303 est,
1607 1249 1703 1305 qui-

81 1324 193 1369 dam
229 1323 291 1369 ad
326 1339 415 1369 nos
450 1324 582 1369 missi
617 1333 729 1369 sunt
762 1324 827 1370 ab
860 1323 977 1381 ipsis
1000 1324 1281 1370 haereticis.
1311 1324 1374 1370 Et
1398 1334 1565 1370 tamen
1589 1341 1700 1371 con-

78 1402 293 1448 uictores
326 1417 497 1447 omnes
532 1411 713 1447 natura
747 1402 860 1447 boni
894 1411 1024 1459 sunt,
1057 1402 1364 1459 tractabiles,
1393 1402 1631 1460 morigeri
1656 1413 1703 1449 et

78 1479 257 1536 optime
294 1479 397 1536 spei
437 1479 655 1524 iuuenes.
693 1479 907 1536 Quidam
941 1480 1249 1536 adolescenS,
1288 1480 1523 1526 haeretici
1559 1480 1700 1538 filius,

80 1556 266 1602 iuuenis
291 1556 482 1613 quidem
509 1557 770 1601 admodum
795 1565 976 1609 aetate,
1001 1557 1087 1602 sed
1111 1566 1307 1603 statura
1339 1573 1416 1603 me
1449 1558 1624 1614 maior,
1653 1558 1699 1603 li*

78 1642 154 1678 cet
188 1632 324 1678 breui
361 1641 549 1678 tantum
586 1642 808 1689 tempore
843 1634 973 1690 apud
1007 1649 1096 1679 nos
1131 1634 1296 1690 fuerit,
1334 1634 1508 1691 caligis
1539 1643 1703 1680 tamen

79 1710 317 1766 dissectis,
345 1726 468 1766 quas
491 1726 659 1756 secum
684 1711 864 1768 attulit,
890 1711 1099 1768 amplius
1123 1712 1191 1758 uti
1215 1728 1310 1757 non
1336 1712 1455 1769 uult,
1483 1722 1532 1758 et
1566 1729 1700 1759 rosa·

77 1787 203 1833 rium
228 1803 396 1833 secum
420 1787 518 1833 fert
542 1788 690 1845 (quod
716 1788 843 1833 inter
867 1788 1116 1834 studiosos
1140 1789 1381 1835 hactenus
1401 1790 1541 1835 nimis
1560 1790 1703 1836 inusi-

77 1874 232 1911 tatum
258 1864 368 1921 fuit)
393 1874 440 1910 et
463 1865 578 1911 nihil
603 1865 765 1921 magis
788 1865 942 1922 timet,
970 1882 1118 1923 quam
1141 1867 1272 1923 quod
1296 1883 1357 1913 ne
1391 1883 1480 1924 per
1514 1877 1704 1924 patrem

78 1958 107 1987 a
130 1942 269 1988 nobis
291 1951 550 1988 auocetur.

136 2019 178 2065 4.
246 2019 350 2065 Hos
382 2019 697 2065 conuictores
722 2021 782 2066 R.
811 2020 863 2066 P.
892 2020 1188 2066 Leonardus
1221 2031 1268 2067 et
1303 2022 1368 2067 M.
1406 2023 1706 2068 Franciscus

25 2154 26 2157 Ἰ
81 2095 323 2142 Costerus
347 2112 440 2142 non
463 2112 606 2142 secus
630 2097 675 2142 in
701 2097 884 2154 pietate
908 2107 1145 2144 exercent
1180 2114 1325 2155 quam
1361 2100 1526 2145 nouitii
1552 2101 1706 2146 nostri

79 2174 305 2220 exerceri
343 2175 502 2220 solent
542 2174 587 2219 in
627 2174 801 2220 Italiae
840 2175 1080 2232 collegiis.
1123 2176 1316 2222 Dextre
1356 2185 1521 2222 tamen
1557 2177 1602 2222 id
1637 2177 1704 2222 fa-

77 2251 232 2297 ciunt:
279 2261 332 2298 ut
374 2267 468 2297 non
515 2261 751 2309 tanquam
800 2252 1083 2310 religiosos,
1134 2254 1220 2299 sed
1265 2263 1501 2311 tanquam
1553 2255 1707 2300 bonos

79 2329 422 2375 adolescentes
446 2339 493 2375 et
518 2329 814 2375 christianos
838 2339 1062 2376 tractare
1086 2346 1173 2376 eos
1197 2331 1476 2377 uideantur.
1500 2331 1707 2388 Hocque

79 2416 249 2464 agunt,
288 2418 339 2453 vt
373 2407 651 2453 existiment
686 2407 1000 2453 conuictores
1034 2408 1207 2453 leniter
1242 2409 1504 2454 admodum
1539 2424 1705 2454 secum

37 2480 41 2484 ’
79 2484 176 2541 agi,
220 2484 349 2542 quod
384 2483 683 2542 poenitentia
718 2494 909 2531 tantum
943 2501 1081 2531 more
1112 2485 1377 2531 Societatis
1412 2486 1467 2530 iis
1502 2486 1704 2542 iniungi-

79 2569 173 2619 tur3
201 2573 247 2607 et
272 2578 366 2607 non
397 2562 681 2608 caeduntur
711 2563 882 2620 uirgis,
910 2574 961 2608 vt
996 2563 1040 2608 in
1076 2563 1256 2608 scholis
1290 2563 1569 2609 triuialibus
1603 2563 1707 2609 fieri

80 2639 351 2685 consueuit.
379 2639 520 2685 Nunc
544 2639 613 2685 ita
637 2639 944 2696 poenitentiis
974 2639 1078 2686 istis
1110 2640 1294 2686 assueti
1329 2649 1456 2698 sunt,
1484 2652 1535 2685 vt
1559 2641 1705 2686 liben-

79 2724 155 2761 ter
179 2732 264 2762 eas
289 2728 456 2773 agant.
488 2716 590 2762 Irno
624 2732 814 2774 coquus
846 2728 1016 2763 noster
1049 2717 1313 2774 aliquando
1347 2717 1625 2774 ingreditur
1659 2728 1707 2764 et

80 2794 393 2850 reprehendit
411 2810 497 2840 eos
517 2794 718 2851 acriter,
743 2803 795 2839 vt
814 2794 974 2840 frater
993 2803 1163 2840 noster
1182 2794 1427 2840 Antonius
1447 2794 1651 2840 Reonus
1672 2797 1702 2850 ¹,

127 3001 135 3020 ¹
188 3000 255 3037 Ad
275 3000 441 3038 fratrem
462 3000 688 3037 Antonium
708 3001 814 3038 Rion
834 3001 986 3048 pluries
1006 3000 1151 3036 allusio
1172 2999 1213 3036 fit
1232 3000 1270 3036 in
1291 3001 1437 3037 nostris
1466 3001 1706 3039 Monumen-

80 3059 141 3097 tis.
164 3059 249 3097 Cir.
272 3073 305 3097 e.
325 3072 365 3106 g.
387 3060 630 3105 Pomuwm,
656 3060 824 3105 Chron..
845 3061 894 3105 ΙΙ,
918 3060 997 3105 163;
1020 3060 1212 3096 Monam.
1233 3060 1375 3105 Ignat.
1394 3073 1472 3097 ser.
1487 3061 1558 3106 la,
1575 3061 1605 3106 Ι,
1622 3062 1703 3107 205,

80 3119 161 3165 518,
179 3119 265 3157 633.
