1950 3348
311 192 381 226 31⁷⁴.)
779 191 997 228 LITTERAE
1026 192 1381 237 QUADRIMESTRES

323 286 364 331 (5.
434 286 572 332 Multi
598 287 674 332 hic
700 287 867 345 Prage
891 299 1001 333 sunt
1025 287 1227 333 heretici
1252 298 1299 332 et
1323 288 1500 343 aperti:
1531 288 1791 344 bibliopole
1814 288 1894 333 he-

266 363 448 408 reticos
487 363 639 408 libros
678 364 870 420 publice
911 364 1143 419 vendunt,
1182 364 1398 408 omnium
1434 364 1662 409 heresum
1697 364 1893 410 foetor'e

264 439 487 485 infectos.
530 440 635 485 Nec
670 450 836 485 tamen
871 440 1217 486 contradicunt
1251 450 1479 496 pastores
1514 441 1653 496 lupis.
1691 440 1820 497 Quid
1854 441 1894 486 si

264 532 352 561 nos
377 517 799 562 contradicamus?
822 517 930 562 Non
951 518 1127 573 placet:
1151 532 1265 561 nam
1285 517 1593 561 conniuenda
1612 526 1724 562 sunt
1742 518 1894 562 multa

263 593 429 638 dicunt
453 593 633 638 domini
659 593 902 648 catholici,
931 603 979 638 et
1002 593 1297 649 praesertim
1322 593 1464 638 nobis
1487 593 1750 642 tacendum
1784 608 1893 638 esse

262 679 479 715 censent.
523 670 630 726 Quo
669 669 720 715 fit
755 680 806 715 ut
839 670 1132 716 bibliothece
1168 670 1359 715 visitari
1393 685 1488 714 non
1525 670 1711 727 possint
1745 680 1893 727 atque

261 747 552 803 expurgari.
580 746 816 792 Similiter
841 748 1194 803 impressorum
1219 745 1464 792 officinae:
1492 747 1796 803 libenterque
1815 762 1891 792 co—

260 838 494 868 naremur
533 832 584 868 ut
619 825 793 868 saltem
826 839 921 868 non
959 824 1321 868 inualescerent
1354 831 1426 867 tot
1460 838 1669 879 venena,
1706 823 1791 868 sed
1815 838 1890 868 su-

258 900 415 955 premi
454 900 577 944 haec
617 901 941 956 supprimunt,
985 911 1134 956 atque
1174 900 1243 944 sic
1283 900 1563 944 cunctando
1610 900 1890 955 respublica

259 986 408 1032 atque
443 977 689 1022 catholica
724 977 900 1034 religio
934 977 1170 1033 paulatim
1202 977 1526 1033 supprimitur
1558 992 1670 1022 cum
1705 977 1889 1033 ingenti

258 1054 424 1098 cordis
446 1054 603 1099 nostri
628 1054 815 1099 dolore.
857 1054 967 1111 Ego
1002 1054 1128 1099 enim
1164 1056 1331 1107 credO,
1368 1054 1408 1099 si
1443 1054 1653 1099 viriliter
1687 1062 1735 1099 et
1769 1063 1888 1099 stre·

258 1146 355 1176 nue
394 1131 842 1188 contradiceretur,
884 1147 976 1176 non
1018 1132 1174 1176 solum
1221 1130 1491 1176 lutheranis
1535 1131 1614 1187 qui
1658 1131 1735 1175 hic
1777 1139 1891 1176 sunt

259 1207 476 1264 Pragae,
505 1207 589 1252 sed
614 1216 661 1252 et
686 1206 883 1253 hussitis
907 1208 1020 1264 (hoc
1044 1223 1139 1263 ego
1165 1208 1227 1252 ab
1252 1207 1360 1252 aliis
1383 1208 1553 1263 accepi
1578 1206 1671 1252 fide
1690 1206 1886 1264 dignis),

258 1285 396 1329 multi
432 1295 865 1339 conuerterentur,
902 1285 980 1342 qui
1021 1286 1258 1330 maiorem
1301 1294 1571 1340 sequuntur
1610 1300 1884 1330 numerum.

257 1361 423 1417 Atque
446 1362 654 1406 aliorum
683 1371 1121 1418 compescerentur
1146 1373 1354 1406 conatus
1380 1362 1520 1417 (proh
1551 1361 1710 1418 dolor)
1745 1361 1888 1407 nimis

255 1437 489 1483 audaces.

313 1515 355 1559 7.
424 1514 668 1571 Magister
693 1513 987 1560 Ghurtadus
1012 1516 1024 1538 ¹
1051 1508 1223 1560 diebus
1246 1514 1502 1577 ferialibus
1526 1514 1739 1570 logicam
1776 1529 1881 1570 pro-

255 1590 422 1637 fitetur
442 1591 670 1636 Caesarii
691 1593 722 1649 2,
745 1592 916 1637 diebus
935 1607 1057 1637 vero
1078 1591 1332 1636 dominicis
1357 1591 1713 1636 cathecismum
1738 1592 1882 1642 domi:
1936 1619 1937 1622 =

254 1669 496 1724 magister
531 1666 792 1714 Gerardus
817 1668 832 1692 3
857 1669 1209 1714 cathecismum
1248 1668 1292 1713 in
1328 1683 1445 1713 arce
1480 1668 1650 1713 diebus
1684 1668 1885 1713 domini-

253 1744 339 1801 cis,
367 1744 622 1790 ferialibus
646 1761 770 1791 vero
795 1745 840 1790 in
866 1745 1077 1802 collegio
1101 1754 1291 1801 nostro,
1319 1760 1475 1801 greca
1499 1754 1615 1789 acta
1639 1745 1880 1801 apostolo-

250 1837 359 1866 rum
385 1837 495 1867 cum
519 1822 868 1878 partitionibus
893 1821 1168 1867 Ciceronis.
1207 1821 1475 1866 Florianus
1509 1822 1527 1845 4
1565 1821 1903 1867 concionibus.

251 1898 298 1943 in
334 1900 517 1955 templo
552 1908 723 1944 nostro
758 1914 810 1944 se
845 1907 1049 1944 exercet
1081 1914 1189 1943 cum
1222 1902 1406 1955 ma'gna
1437 1898 1719 1943 auditorum
1744 1899 1882 1943 satis-

250 1974 471 2020 factione
495 1990 590 2020 non
616 1990 905 2033 paucorum3
934 1975 1030 2020 iam
1056 1975 1183 2020 enim
1208 1975 1444 2031 templum
1478 1983 1703 2020 nostrum
1728 1990 1758 2020 a
1781 1975 1882 2032 plu-

189 2087 190 2090 ,
250 2051 404 2108 ribus,
431 2052 726 2108 praesertim
747 2053 918 2098 diebus
941 2052 1096 2108 festis,
1124 2052 1301 2096 teritur
1320 2066 1467 2108 quam
1492 2060 1658 2097 antea.
1679 2051 1882 2097 Vocant

251 2143 341 2173 nos
385 2130 680 2185 quandoque
726 2129 955 2174 catholici
1001 2129 1063 2174 ad
1113 2138 1318 2185 egrotos
1361 2129 1710 2185 consolandos,
1755 2129 1899 2174 inter·

251 2221 374 2262 quos
399 2206 597 2262 quidam
622 2207 770 2251 italus
794 2206 1093 2251 decumbens
1117 2221 1227 2250 cum
1251 2220 1376 2262 pene
1400 2205 1623 2250 ultimum
1657 2205 1881 2262 spiritum
1949 2217 1950 2226 ¹

249 2283 487 2328 exhalare
512 2283 804 2340 minaretur,
832 2283 1046 2328 monitus
1069 2291 1121 2327 ut
1145 2281 1466 2327 confiteretur
1500 2290 1648 2338 atque
1682 2297 1880 2328 sacrum

248 2374 430 2415 corpus
454 2359 749 2404 dominicum
774 2359 1069 2415 perciperet,
1097 2359 1227 2415 quod
1251 2374 1281 2403 a
1305 2358 1470 2403 multis
1504 2358 1644 2403 annis
1678 2374 1774 2404 non
1812 2359 1878 2405 fe-

248 2446 406 2493 cerat,
432 2445 766 2493 perceptoque
791 2445 1002 2492 Vtroque
1037 2446 1378 2502 sacramento,
1410 2444 1614 2492 praeter
1647 2444 1878 2493 expecta-

248 2512 431 2558 tionem
456 2513 649 2558 illorum
674 2513 754 2569 qui
779 2513 821 2558 ei
855 2513 1083 2570 aderant,
1121 2512 1374 2558 conualuit
1407 2513 1453 2557 in
1487 2512 1591 2558 dies
1626 2513 1786 2570 magis
1819 2527 1896 2558 acv

244 2591 420 2647 magis,
463 2600 612 2648 atque
646 2590 903 2647 pristinam
937 2590 1201 2636 sanitatem
1237 2591 1374 2636 breui
1409 2589 1742 2646 recuperauit,
1778 2605 1887 2644 nonf.

245 2683 365 2713 sane
389 2669 576 2724 absque
601 2667 802 2724 speciali
826 2667 919 2712 Dei
943 2667 1304 2712 misericordia.

283 2826 302 2862 .¹
354 2824 565 2860 Hurtadus
586 2824 724 2861 Perez.

290 2884 302 2902 ²
348 2883 527 2930 joannes
547 2883 782 2929 Caesarius,
803 2884 1050 2932 juliacensis

289 2944 301 2963 ³
353 2941 563 2980 Gerardus
581 2943 830 2980 Werdenus.

288 3003 301 3021 ⁴
354 3002 461 3039 Vide
481 3003 679 3049 superius,
702 3016 783 3050 pag
800 3003 882 3048 264,
904 3007 1039 3040 annot.
1061 3003 1095 3039 3.
