1909 3328
294 262 363 295 8128
762 261 979 299 LITTERAE
1005 262 1362 308 QUADRIMESTRES

248 378 341 406 non
367 362 523 407 solum
548 362 775 408 nuncium
802 363 1057 423 miserunt,
1079 365 1166 410 sed
1190 367 1403 412 maiores
1423 367 1469 412 in
1489 367 1592 413 dies
1610 368 1657 413 in
1676 369 1872 425 pietatis

247 439 479 495 operibus
502 453 802 495 progressus
834 439 1037 494 faciunt;
1076 458 1138 487 ex
1173 442 1244 488 his
1280 459 1408 500 quae
1443 444 1696 501 possident
1729 446 1870 502 pluri-

246 531 326 560 ma
347 522 362 541 ²¹
384 515 429 559 in
455 515 739 561 alimentum
758 531 1033 572 pauperum
1052 517 1380 565 effundentes.
1402 519 1574 577 Quid?
1591 521 1730 578 qnod
1746 521 1871 567 inter

246 592 367 647 illas,
395 591 565 637 decem
590 601 703 638 sunt
727 593 948 649 uirgines
967 610 1091 651 quas
1115 595 1372 653 lampades
1398 597 1642 642 bonorum
1666 613 1868 655 operum

244 670 352 714 oleo
376 669 551 726 plenae
574 669 593 696 ¹³
619 670 886 726 prudentes
910 686 1019 717 esse
1038 671 1184 718 facile
1209 673 1481 720 declarant.
1504 674 1610 720 Has
1633 690 1745 720 cum
1764 691 1869 721 coe-

245 746 376 791 lestis
396 762 485 791 rex
504 745 734 792 Christus
749 747 895 807 Jesus
913 764 1122 804 sponsas
1143 749 1231 795 sibi
1252 750 1400 796 uellet
1419 766 1674 797 assumere
1695 752 1739 796 in
1760 767 1868 798 earn

244 833 456 869 mentem
481 840 541 870 ac
564 825 861 870 sententiam
887 825 1077 872 induxit
1102 836 1154 872 ut
1177 842 1272 872 non
1299 827 1434 884 prius
1454 828 1617 885 quiete
1642 843 1694 874 se
1719 829 1868 875 uictu-

244 918 325 947 ras
350 902 646 959 existiment,
674 919 822 960 quam
846 904 1058 949 terrenis
1077 904 1301 950 omnibus
1321 905 1505 951 relictis
1529 921 1582 951 se
1606 905 1715 951 Deo
1739 915 1869 952 totas

241 980 286 1025 in
310 980 611 1025 monasterio
635 980 773 1037 quod
794 980 887 1026 uni
914 995 978 1026 ex
1001 982 1192 1027 nostris
1214 981 1463 1027 Patribus
1497 996 1654 1028 cm‘cze
1677 987 1753 1028 est
1773 990 1788 1011 ⁰
1823 983 1867 1028 in

240 1068 530 1115 perpetuum
556 1058 782 1104 dedicent
807 1058 835 1104 ¹.
862 1058 1056 1104 Harum
1082 1074 1210 1105 nunc
1233 1069 1463 1117 quatuor,
1490 1059 1618 1117 quod
1644 1060 1867 1106 omnibus

240 1135 377 1181 locus
401 1151 497 1180 non
521 1135 582 1181 sit
607 1136 728 1181 satis
752 1136 943 1192 amplus
968 1146 1017 1182 et
1041 1136 1294 1193 comodus‚
1318 1137 1636 1194 admitentur,
1659 1137 1865 1194 reliqua-

240 1228 348 1258 rum
372 1229 494 1258 uero
520 1213 777 1270 ingressus
800 1213 846 1258 in
870 1214 1024 1259 breue
1048 1222 1242 1271 tempus
1272 1214 1549 1260 differetur.
1577 1214 1720 1271 Ipsae
1744 1230 1865 1261 uero

240 1290 475 1336 moniales
508 1291 658 1336 talem
693 1290 927 1336 uirtutum
965 1301 1014 1337 et
1051 1291 1331 1337 sanctitatis
1367 1292 1412 1337 in
1453 1307 1623 1337 omnes
1661 1292 1864 1337 odorem

238 1368 482 1424 emittunt,
510 1377 562 1414 ut
586 1368 866 1425 angelicam
891 1369 1044 1415 uitam
1069 1369 1252 1415 ducere
1286 1378 1521 1426 putentur
1555 1369 1600 1414 in
1625 1369 1791 1427 terris,
1819 1378 1865 1415 et

238 1445 388 1491 ueluti
414 1455 618 1492 sanctae
642 1447 872 1492 colantur
895 1446 959 1492 ab
983 1447 1223 1492 omnibus.
1247 1446 1451 1503 Degunt
1484 1462 1596 1492 cum
1631 1447 1702 1492 his
1739 1446 1864 1492 duae

237 1524 315 1569 ille
339 1539 542 1569 sorores
565 1524 871 1570 nobilisimae
896 1525 1086 1581 pariter
1119 1534 1167 1570 et
1202 1524 1487 1581 ditissimae,
1524 1524 1610 1570 sed
1645 1524 1862 1570 coelesti<-

237 1600 328 1645 bus
350 1600 527 1656 gratiis
552 1600 773 1658 ditiores,
800 1601 859 1646 de
884 1601 1058 1657 quibus
1084 1601 1191 1646 aliis
1214 1600 1369 1647 literis
1393 1601 1641 1658 copiosius
1665 1600 1724 1646 T.
1752 1600 1862 1646 RQ

237 1678 289 1723 P.
317 1679 503 1724 certior
525 1678 661 1725 facta
685 1688 759 1724 est
783 1680 815 1724 ‘·'.
843 1678 954 1724 Hae
978 1688 1162 1736 quanto
1197 1679 1260 1725 ab
1294 1679 1438 1724 huius
1473 1679 1612 1736 regni
1647 1679 1861 1735 primati-

236 1757 325 1802 bus
349 1756 393 1801 in
418 1756 702 1813 coniugium
729 1756 1066 1802 uehementius
1090 1765 1392 1814 appetuntur
1411 1757 1684 1813 maiorique
1702 1756 1861 1801 studio

238 1834 618 1891 [desidera]ntur
651 1833 687 1891 d,
714 1843 854 1880 tanto
888 1834 1120 1891 coniungi
1155 1834 1408 1880 ardentius
1444 1833 1643 1880 Christo
1677 1833 1860 1879 deside-

237 1921 364 1969 rant;
388 1927 545 1969 neque
565 1911 849 1957 desiderant
873 1911 1035 1967 modo,
1057 1912 1140 1957 sed
1166 1912 1259 1957 hoc
1278 1911 1370 1957 illis
1388 1920 1555 1957 manet
1579 1911 1679 1957 alta
1699 1919 1860 1956 mente

236 1999 507 2046 repostum,
534 1988 839 2045 propositum
873 2004 967 2033 non
993 1988 1290 2034 abolendum
1325 2003 1575 2045 umquam,
1609 1987 1697 2033 nisi
1733 1987 1858 2044 quod

233 2067 439 2124 grauius
473 2066 701 2124 daemon,
742 2065 1019 2112 animorum
1053 2065 1206 2111 hostis
1241 2066 1626 2123 uersutissimus‚
1664 2064 1859 2110 obiiciat

234 2144 648 2200 impedimentum.
677 2142 775 2188 Sed
800 2143 905 2201 quis
930 2143 1080 2189 stabit
1099 2143 1341 2190 aduersus
1366 2143 1551 2189 electos
1570 2142 1685 2188 Dei?
1703 2142 1718 2166 ⁸
1736 2142 1856 2187 Inte-

235 2221 322 2266 rim
348 2222 457 2278 hae,
480 2221 593 2266 dum
613 2221 845 2266 mundani
870 2220 1094 2266 homines
1117 2221 1434 2274 contendunt,
1462 2221 1676 2277 amplam
1695 2219 1856 2265 dotem

234 2298 450 2355 ChristO,
473 2314 614 2356 quem
635 2314 865 2355 sponsum
891 2299 1095 2355 eligunt,
1122 2314 1210 2355 per
1239 2313 1414 2344 manus
1447 2313 1718 2355 pauperum
1744 2311 1855 2353 quo-

233 2376 347 2421 tidie
367 2376 580 2433 mittunt‚
609 2376 697 2421 hos
721 2375 1033 2432 indumentis,
1061 2375 1186 2421 alios
1209 2375 1330 2421 cibis
1354 2375 1663 2423 adiuuantes.
1690 2373 1854 2419 nonul-

233 2454 304 2497 los
338 2468 455 2498 aere
479 2452 639 2498 alieno
663 2467 929 2509 oppressos
953 2467 1014 2498 ex
1045 2467 1252 2498 carcere
1275 2451 1488 2509 propriis
1511 2450 1782 2508 sumptibus
1806 2448 1853 2494 li-

277 2640 294 2660 a
315 2633 522 2671 Praeced.
541 2645 578 2670 v.
610 2637 747 2679 supra
778 2643 955 2670 versum
982 2633 1212 2678 scriptum.
1266 2631 1332 2658 —b
1358 2631 1523 2678 plenum
1544 2641 1627 2669 ms.
1690 2636 1750 2656 —c
1777 2640 1853 2665 mo-

229 2693 406 2729 nasterio
425 2705 531 2729 nouo
549 2692 620 2729 sed
638 2692 805 2739 antiqua
824 2691 1088 2728 sanctimonia
1107 2691 1335 2738 conspicuo.
1396 2689 1463 2717 -d
1486 2689 1634 2727 Dubia
1654 2689 1775 2726 lectio
1805 2687 1853 2724 ob

231 2756 538 2798 conszmzptam
559 2752 774 2789 chartam.

277 2910 286 2928 ¹
340 2909 404 2945 De
423 2909 496 2945 hoc
515 2907 759 2945 monasterio
778 2907 883 2952 vide,
904 2907 971 2947 sis.
1000 2906 1244 2950 PoLANCUM,
1278 2905 1446 2949 Chron.‚
1474 2903 1549 2949 IV,
1577 2903 1659 2949 209;
1688 2902 1741 2947 V,
1769 2901 1848 2946 200;

234 2966 302 3011 VI,
323 2967 405 3013 288,
425 2966 508 3004 290.

275 3028 288 3046 ²
343 3027 446 3063 Vide
466 3027 665 3073 superius,
687 3039 780 3073 pag.
799 3025 968 3063 652-653.

275 3086 287 3105 ⁸
341 3084 403 3122 Cf.
427 3087 551 3127 Rom..
579 3085 688 3128 VIII,
709 3086 765 3124 33,
