1925 3509
549 296 860 334 4.—OLISIPONE
886 305 1008 331 INITIO
1036 304 1133 330 ΑΝΝΙ
1164 293 1252 329 1557
1618 292 1658 327 17

82 394 287 450 singulis
311 394 355 438 in
381 393 622 438 classibus
646 400 905 437 crearetur
930 404 1069 443 unus,
1104 387 1226 433 fidus
1261 396 1307 432 et
1341 387 1589 438 honestuS‚
1627 386 1704 441 qui

82 471 281 516 nomina
305 469 581 515 absentium
606 469 653 513 in
677 468 841 513 album
866 465 1097 519 referret,
1125 479 1328 520 quorum
1357 463 1483 508 ratio
1508 472 1707 518 practer

82 548 213 592 illam
238 562 364 603 quae
388 561 418 591 a
437 544 845 602 praeceptoribus
869 542 1085 600 quotidie
1104 541 1338 596 exigitur,
1361 540 1423 584 ab
1443 539 1547 595 ipso
1567 554 1706 595 prac-

83 624 213 669 fecto
253 624 297 668 in
342 622 435 667 fine
474 621 857 677 uniuscuiusque
891 619 1069 664 mensis
1105 618 1411 673 exige1·ctu1·;
1449 615 1576 671 quod
1613 630 1706 659 non

84 716 257 757 parum
283 699 598 745 emolumenti
623 698 714 742 illis
738 697 917 742 attulit:
951 711 1064 741 nam
1100 703 1250 739 antea
1285 709 1378 737 non
1416 701 1558 737 erant
1592 691 1707 736 assi-

84 778 180 833 dui,
211 778 307 822 imo
332 786 418 822 aut
442 777 486 821 in
512 792 566 820 rc
591 774 822 820 familiari
848 773 1061 829 ocupati,
1090 781 1176 817 aut
1195 771 1302 816 aliis
1327 769 1540 825 negsstiis
1565 769 1709 824 impc-

84 855 167 901 diti
207 855 493 911 saepissime
527 852 957 898 desiderabantur.
995 850 1070 895 De
1104 849 1176 893 his
1211 847 1446 893 absentiis
1479 854 1712 902 parentes

84 932 317 988 priuatim
352 947 380 976 a
414 929 671 986 praefecto
706 928 825 973 fiunt
859 927 1113 972 cerciores
1146 941 1236 981 per
1260 933 1599 969 correctorem
1626 931 1712 967 aut

85 1024 173 1065 per
207 1009 353 1053 alium
388 1007 580 1052 fidelem
615 1005 861 1061 nuncium,
898 1020 959 1049 ex
995 1019 1089 1060 quo
1119 1018 1215 1047 non
1240 1017 1449 1058 paruam
1477 1000 1712 1045 laetitiam

85 1085 505 1141 edificationisque
549 1083 826 1139 exemplum
871 1082 1139 1137 accipiunt,
1186 1095 1298 1125 cum
1343 1079 1542 1123 uideant
1591 1076 1714 1122 filios

85 1178 202 1209 suos
240 1171 411 1208 tantae
445 1177 553 1207 esse
587 1160 726 1205 nobis
759 1174 930 1214 curae,
967 1158 1181 1214 nihilque
1214 1157 1304 1202 nisi
1339 1171 1512 1201 eorum
1552 1153 1713 1211 profe-

89 1250 221 1286 ctum
246 1255 473 1297 querere.

150 1318 217 1363 10.
284 1316 592 1362 Procedente
641 1323 806 1360 autem
854 1322 1099 1369 tempore,
1152 1311 1310 1357 tribus
1354 1311 1448 1355 iam
1493 1308 1716 1354 decursis

87 1394 349 1447 mensibus,
392 1393 564 1438 uolens
602 1391 755 1437 Pater
799 1389 1086 1446 praefectus
1131 1387 1483 1444 discipulorum
1522 1386 1715 1431 animos

89 1471 263 1516 iterum
287 1470 348 1515 ad
373 1469 534 1515 studia
564 1468 789 1523 incitare,
826 1466 1082 1523 praecepit
1117 1464 1432 1522 praeceptori
1466 1462 1715 1509 secundae

87 1548 260 1593 classis
290 1556 343 1593 ut
372 1555 691 1603 componeret
724 1544 906 1601 aliquid
941 1543 1002 1588 ad
1036 1543 1255 1587 natalem
1290 1541 1486 1586 Domini
1522 1555 1716 1585 accom-

88 1625 357 1680 modatum;
395 1624 473 1680 qui
505 1623 646 1668 dictis
675 1622 840 1668 Patris
864 1620 1115 1675 obediens,
1143 1618 1445 1676 compossuit
1469 1617 1715 1674 quandam

88 1702 316 1758 eclogam
342 1702 389 1746 in
415 1716 511 1757 qua
535 1700 896 1745 inducebantur
918 1698 945 1742 4
979 1706 1224 1753 pastores,
1263 1695 1472 1751 angelus
1507 1703 1555 1739 et
1588 1694 1715 1738 Iose-

88 1780 211 1837 phus
249 1788 297 1825 et
336 1777 498 1823 Maria
531 1779 662 1833 (erat
700 1776 828 1822 enim
863 1775 1098 1820 historiae
1132 1772 1379 1829 euangelii
1413 1786 1714 1827 congruens,

90 1856 377 1903 eruditionis
400 1864 448 1901 et
472 1855 690 1900 laetitiae
715 1852 983 1910 spiritualis
1007 1852 1168 1908 plena,
1194 1850 1404 1907 tempori
1440 1859 1488 1895 et
1512 1848 1717 1904 discipu-

89 1930 250 1974 lorum
284 1927 528 1973 desiderio
562 1925 820 1982 seruiens);
858 1934 972 1970 acta
1007 1933 1080 1969 est
1114 1924 1177 1968 ab
1207 1922 1426 1967 eiusdem
1457 1920 1629 1966 classis
1653 1919 1717 1964 di-

90 2006 287 2064 scipulis
321 2005 397 2051 die
431 2003 799 2049 circuncisionis
834 2001 1046 2056 Domini3
1084 2016 1209 2058 quae
1245 1999 1509 2045 delectauit
1543 1998 1718 2043 mirum

91 2083 357 2129 immodum
382 2081 653 2137 auditores3
681 2089 729 2126 et
751 2096 848 2125 non
873 2080 1030 2124 solum
1056 2079 1117 2124 ad
1137 2078 1353 2123 diuinum
1374 2091 1612 2129 amorem,
1635 2073 1718 2119 sed

92 2161 241 2207 etiam
266 2159 328 2205 ad
350 2159 608 2204 literarum
632 2157 794 2203 studia
818 2172 991 2202 eorum
1016 2156 1205 2200 animos
1231 2153 1567 2199 inflammauit.

182 2237 345 2282 Locus
370 2245 535 2282 autem
558 2235 605 2280 in
628 2250 724 2293 quo
748 2235 906 2280 solent
930 2232 1202 2278 huiusmodi
1228 2232 1483 2277 literarum
1518 2230 1614 2274 ludi
1639 2244 1718 2285 po-

93 2315 207 2372 pulo
245 2313 450 2370 exiberi,
492 2321 603 2358 erat
640 2310 972 2368 pulcherrime
1005 2318 1227 2365 ornatus,
1269 2308 1315 2353 in
1350 2317 1578 2353 extrema
1617 2306 1722 2350 eius

94 2401 235 2448 parte
269 2398 562 2447 suggestum
595 2397 707 2434 erat
736 2396 1077 2433 constructum
1102 2386 1257 2432 textili
1281 2385 1485 2441 fflagulo
1510 2392 1721 2428 stratum

95 2468 493 2526 magnificisque
530 2465 773 2522 operibns
800 2465 1032 2521 parietes
1070 2463 1235 2509 uestiti
1273 2469 1307 2516 a;
1340 2461 1516 2507 onmia
1549 2464 1722 2505 tamen

96 2551 151 2592 ut
172 2547 343 2592 decere
366 2545 682 2590 uiderentur.
710 2543 789 2588 Ad
813 2558 924 2588 eam
948 2541 1245 2587 audiendam
1269 2540 1433 2585 factus
1463 2547 1537 2583 est
1571 2536 1723 2582 maxi-

97 2638 205 2668 mus
237 2621 487 2667 hominum
521 2635 811 2677 concursus,
838 2619 965 2665 inter
988 2633 1111 2676 quos
1135 2626 1377 2663 uenerunt
1401 2625 1503 2661 tres
1529 2622 1723 2671 praeto-

97 2715 179 2745 res
200 2699 341 2744 huius
364 2698 517 2755 urbis,
544 2697 780 2754 multique
799 2707 1065 2753 praeterea
1084 2695 1176 2740 uiri
1200 2693 1390 2738 nobiles
1409 2701 1458 2737 et
1475 2691 1668 2737 literati
1686 2690 1721 2747 b;

99 2791 161 2822 ex
184 2776 358 2834 quibus
382 2775 578 2832 quidam
602 2774 724 2820 dixit
748 2774 929 2819 debere
954 2787 1125 2818 omnes
1148 2771 1289 2816 huius
1313 2769 1527 2815 ciuitatis
1550 2768 1726 2814 doctos

98 2854 238 2899 nobis
260 2862 484 2909 sumptus
508 2851 843 2909 suppeditare,
870 2859 923 2896 ut
951 2849 1101 2895 certis
1136 2846 1427 2904 quibusdam
1461 2846 1573 2891 anni
1607 2854 1725 2891 tem—

99 2930 302 2986 poribus
335 2929 510 2975 similia
543 2928 830 2985 spectacula
869 2927 961 2972 illis
990 2925 1234 2982 praebere
1272 2938 1541 2980 possemus.
1571 2922 1725 2967 Deni-

148 3113 166 3134 ὃ
210 3106 385 3152 parietes
404 3109 539 3141 autem
559 3104 761 3150 tapetibus
780 3102 930 3138 uestiti.
984 3100 1050 3126 —b
1072 3105 1110 3136 ct
1130 3099 1287 3136 eruditi.

244 3189 410 3217 LlTTERAE
434 3187 732 3221 QUADRIMESTRES.
753 3186 842 3212 TOM.
867 3185 903 3213 V.
1608 3181 1625 3208 2
