1900 3380
562 209 972 245 148.—1x‹;01-.s·1-Ai>10
1004 208 1044 244 18
1072 208 1229 244 MAR‘rn
1261 209 1349 244 1338
1651 209 1721 243 ffim

140 304 291 348 diensi
316 304 521 361 singulis
545 304 686 348 annis
710 304 914 360 exigere
939 304 1190 356 debemus;
1220 303 1345 359 quod
1380 303 1518 347 nobis
1553 318 1766 348 commo-

139 380 244 424 dius
269 390 359 436 est,
387 396 532 437 quam
568 380 604 424 si
642 380 685 424 in
723 380 1052 425 immobilibus
1087 381 1234 423 rebus
1268 380 1377 424 illos
1412 379 1764 436 constituisset,

126 473 250 502 -cum
291 458 465 502 minori
506 458 678 502 labore
718 473 777 502 ac
817 457 1000 502 certius
1036 457 1098 501 ab
1134 457 1457 502 uniuersitate
1494 458 1585 502 hac
1621 457 1767 514 (quae

137 533 275 578 diues
299 543 372 579 est
397 543 444 579 et
468 534 755 590 pecuniosa)
793 549 878 578 eos
912 533 1116 590 exigere
1154 534 1425 584 ualeamus,
1461 549 1604 589 quam
1632 549 1660 577 a
1686 533 1766 577 do-

138 626 331 655 morum
358 611 436 655 uel
463 627 627 655 rerum
655 626 1062 666 quaruncumque
1097 610 1417 655 immobilium
1458 611 1766 655 conductori-

137 688 242 743 bus3
271 688 350 743 qui
376 688 665 744 plerumque
702 688 775 732 uel
814 688 881 732 ita
915 702 1162 744 pauperes
1196 696 1322 744 sunt,
1352 697 1402 732 ut
1439 688 1514 732 uel
1550 687 1764 745 difficile,

135 764 213 808 uel
239 764 369 808 nullo
395 773 542 820 pacto
568 779 769 808 censum
795 764 1010 808 debitum
1044 764 1228 819 possint
1265 764 1571 819 persoluere,
1599 765 1676 808 uel
1709 763 1765 820 (si

136 841 313 885 diuites
337 842 449 897 sint)
475 857 569 885 non
596 841 663 886 ita
688 841 780 886 illis
805 841 1043 897 pecuniae
1069 850 1349 896 suppetant,
1378 851 1429 885 ut
1453 842 1554 886 suis
1580 851 1765 898 tempo-

136 918 272 962 ribus
297 919 584 974 persoluere
609 918 810 974 possint.

193 994 233 1039 ξ).
298 994 387 1040 His
411 1011 605 1051 quoque
630 995 801 1040 diebus
835 995 1063 1051 princeps
1082 1005 1250 1039 noster
1270 993 1470 1039 Patrem
1493 994 1762 1048 Canisium,

134 1072 197 1116 ad
222 1087 273 1117 se
298 1072 615 1117 Monachium
640 1082 919 1128 euocatum⁷
947 1070 1305 1127 Strabingham
1324 1070 1470 1128 (quae
1495 1087 1592 1117 una
1611 1082 1685 1117 est
1704 1088 1767 1117 ex

135 1158 349 1205 quatuor
388 1148 635 1205 precipuis
674 1149 746 1193 sui
787 1149 986 1193 dominii
1027 1147 1347 1204 ciuitatibus),
1385 1148 1580 1204 direxit,
1619 1158 1670 1193 ut
1704 1149 1767 1194 ibi

134 1225 524 1281 quadragesima
548 1225 638 1270 hac
663 1226 1071 1270 concionatorem
1096 1225 1320 1279 haberet,
1354 1225 1458 1270 eius
1488 1225 1616 1270 enim
1653 1225 1765 1270 ciui-

134 1302 250 1347 tatis
276 1312 448 1358 pastor
471 1318 531 1347 ac
556 1302 898 1359 concionator,
926 1311 1187 1358 postquam
1209 1311 1362 1347 totam
1386 1301 1490 1347 fere
1515 1302 1767 1347 ciuitatem

133 1379 396 1424 lutherana
429 1379 625 1424 haeresi
660 1379 728 1423 ita
763 1379 1182 1433 contaminarunt,
1226 1387 1277 1423 ut
1307 1378 1627 1424 difficilimum
1668 1379 1767 1424 iam

133 1455 195 1501 sit
219 1456 281 1500 ad
306 1455 603 1501 catholicam
629 1456 890 1501 ueritatem
910 1471 1019 1501 eam
1042 1470 1302 1512 reuocare,
1326 1471 1437 1500 cum
1456 1457 1598 1512 regis
1620 1462 1638 1482 ἃ
1668 1456 1767 1500 ani-

134 1549 266 1578 mum
301 1533 446 1578 ualde
480 1533 569 1578 sibi
606 1533 850 1578 infensum
890 1534 1263 1590 persensissent,
1292 1532 1611 1590 aufugerunt,
1641 1534 1767 1579 unde

132 1610 320 1656 factum
340 1619 430 1667 est,
454 1620 506 1655 ut
526 1611 708 1656 misera
729 1611 810 1656 illa
831 1611 1007 1656 ciuitas
1026 1611 1184 1655 sacris
1210 1611 1344 1656 hisce
1369 1611 1541 1655 diebus
1565 1620 1766 1667 pastore

134 1698 182 1733 et
216 1689 573 1733 concionatore
607 1687 756 1733 fuerit
792 1688 983 1745 penitus
1017 1688 1270 1733 destituta.
1308 1687 1422 1745 Qua
1461 1688 1521 1733 de
1562 1704 1615 1733 re
1655 1704 1767 1733 cum

131 1765 256 1811 alius
281 1766 441 1810 nullus
464 1765 673 1810 inueniri
699 1766 932 1822 potuerit,
954 1765 1033 1822 qui
1060 1781 1234 1810 munus
1258 1765 1351 1810 hoc
1372 1765 1508 1811 obire
1533 1766 1764 1822 uoluerit,

130 1843 194 1888 ad
231 1842 431 1888 Patrem
467 1842 723 1888 Canisium
759 1852 957 1888 uentum
993 1853 1083 1899 est,
1122 1843 1199 1887 cui
1233 1842 1491 1898 prouincia
1532 1844 1656 1888 haec
1694 1853 1767 1887 est

133 1920 380 1977 delegata3
425 1936 572 1977 quam
612 1936 798 1977 magna
836 1920 986 1965 etiam
1013 1919 1031 1945 ¹³
1076 1920 1322 1965 charitate
1358 1929 1432 1966 est
1471 1936 1762 1977 aggressus.

131 1996 258 2042 Cum
283 1997 435 2054 igitur
459 1997 588 2053 apud
613 1997 884 2054 principem
917 1997 1066 2043 Pater
1097 1997 1327 2043 Canisius
1363 2009 1555 2055 ageret,
1592 2014 1653 2043 ac
1687 2014 1764 2043 ne-

131 2074 416 2120 cessitatem
443 2075 692 2120 lectorum
717 2082 751 2131 ⁰,
780 2091 876 2131 qua
901 2075 1205 2130 distinemur,
1228 2091 1287 2120 ac
1312 2076 1441 2120 horti
1461 2076 1669 2121 alicuius
1689 2076 1766 2132 (eo

132 2152 260 2197 enim
286 2152 553 2209 caremus),
581 2168 676 2209 quo
701 2152 891 2197 animos
915 2152 1180 2209 aliquando
1222 2154 1454 2198 relaxare
1489 2168 1762 2211 possemus,

134 2229 197 2274 illi
233 2238 522 2286 exponeret3
557 2245 647 2286 pro
677 2229 816 2274 lectis
849 2238 1060 2287 centum,
1089 2246 1179 2286 pro
1214 2230 1360 2275 horto
1395 2245 1516 2275 uero
1557 2230 1765 2276 emendo

121 2306 473 2363 septingentos
497 2305 713 2351 florenos
738 2306 990 2351 numerari
1014 2306 1168 2352 iussit.

190 2382 233 2428 7.
300 2382 482 2428 Libros
506 2398 701 2439 quoque
725 2383 894 2439 plures
918 2399 1133 2440 graecos
1167 2393 1214 2429 et
1248 2384 1427 2429 latinos
1461 2383 1601 2429 nobis
1635 2384 1765 2429 dono

134 2459 280 2515 dedit;
318 2459 668 2505 bibliothecam
705 2473 904 2518 quoque
933 2459 952 2487 ‘¹
983 2461 1262 2518 egregiam,
1295 2477 1383 2506 sex
1414 2460 1614 2506 millium
1641 2476 1766 2517 pene

67 2525 69 2527 ¹
132 2536 388 2591 librorum,
417 2552 544 2593 quae
565 2537 980 2594 praestantissimi
1001 2538 1109 2595 uiri,
1133 2539 1176 2583 in
1198 2538 1361 2583 multis
1381 2538 1529 2583 etiam
1550 2537 1766 2584 scientiis

132 2621 180 2658 et
204 2613 383 2670 linguis
407 2613 737 2667 eruditissimi,
765 2613 947 2659 domini
979 2614 1347 2660 Vidmanstadii
1384 2616 1393 2639 ¹
1430 2614 1612 2670 fuerat,
1650 2615 1766 2661 libe-

179 2773 196 2794 ³
266 2767 456 2814 principis
508 2768 573 2796 ——b
612 2768 733 2804 etiam
755 2768 974 2806 etiamms.
1028 2776 1090 2796 —C
1127 2769 1381 2805 lectulorum.
1438 2769 1502 2796 —d
1571 2771 1705 2807 etiam.

181 2900 190 2919 ¹
243 2898 413 2935 Indicari
443 2897 601 2934 videtur
627 2899 806 2945 Joannes
838 2899 1038 2936 Albertus
1068 2899 1420 2937 Widmanstadius
1447 2900 1680 2945 (Lucretius
1711 2902 1765 2938 di-

132 2960 235 3003 ctus)
255 2959 323 3005 qui
342 2958 562 2995 secundum
582 2959 740 3005 aliquos
759 2964 944 2996 auctores
963 2959 1060 2995 obiit
1085 2972 1190 2995 anno
1219 2959 1324 2995 1557.
1357 2959 1421 2997 Cf.
1456 2960 1649 3005 HURTER,
1683 2961 1764 2998 No-

133 3018 376 3055 menclalor
393 3018 636 3055 litterarius
654 3018 904 3064 theologiae.
926 3018 1000 3063 IV,
1024 3018 1125 3063 1⁴29&
1156 3018 1513 3065 BRAUNSBERGER,
1536 3021 1609 3058 loc.
1629 3021 1710 3066 cit.‚
1734 3021 1763 3066 Ι,
