1950 3348
313 251 384 287 386
779 251 998 287 LITTERAE
1024 249 1331 295 QUADRIMESTR
1338 259 1382 285 ES

268 347 443 403 quibus
468 348 579 393 dum
603 348 813 404 petimus
837 347 949 405 quid
973 362 1058 392 eos
1081 345 1306 401 mouerit,
1334 353 1386 389 ut
1409 360 1461 390 se
1485 344 1547 389 ad
1581 360 1671 389 nos
1704 344 1893 390 confer-

268 435 393 483 rent,
421 425 557 471 aiunt
579 441 631 470 se
651 425 779 470 scire
799 425 863 470 ab
881 424 990 470 aliis
1009 423 1214 482 jesuitas
1234 423 1406 468 doctos
1425 423 1685 467 admodum
1705 437 1765 467 ac
1783 437 1892 478 pro-

249 491 360 548 'bae
390 502 524 548 uitae
559 519 683 548 esse.
722 502 990 548 Affirmant
1013 501 1210 558 saepius
1234 509 1422 545 sectam
1447 515 1586 545 suam
1621 515 1673 545 se
1703 500 1892 545 relictu-
1932 491 1950 546 .st

268 595 367 637 ros,
394 580 432 625 si
457 580 721 625 contrariis
745 579 1196 635 sufficientibusque
1221 577 1494 623 rationibus
1517 577 1891 623 conuincantur.
1931 604 1950 629 ῃ

269 656 393 703 Cum
416 667 580 703 tamen
606 658 824 714 plerique
848 673 1021 702 eorum
1045 672 1141 701 non
1166 656 1381 702 habeant
1411 655 1538 700 unde
1572 654 1652 699 diu
1677 655 1891 712 alantur,
1920 661 1921 664 ’

268 745 516 792 coguntur
550 735 769 792 Pragam
803 735 1100 791 relinquere.
1126 733 1276 778 Faxit
1310 733 1447 778 Deus
1481 742 1532 778 ut
1567 731 1713 787 aliqui
1748 731 1894 776 annui

269 813 488 858 redditus
531 813 838 869 applicentur
877 813 939 857 ad
978 811 1252 857 huiusmodi
1292 811 1634 856 adolescentes
1673 809 1892 866 alenclos;

269 906 453 946 magna
473 891 600 935 enim
621 891 846 947 profecto
865 905 977 946 spes
996 899 1128 935 esset
1147 889 1345 934 eosdem
1367 888 1567 933 Christo
1587 886 1810 933 lucrifaci
1824 903 1894 931 en-

268 967 330 1025 di;
359 977 406 1014 et
427 967 575 1013 fauor
598 967 895 1013 serenissimi
919 967 1198 1012 archiducis
1220 975 1269 1012 et
1294 966 1465 1023 regiae
1485 964 1757 1010 maiestatis
1780 980 1894 1018 non-
1915 987 1921 1011 A

268 1045 384 1090 nihil
408 1045 548 1091 nobis
572 1045 616 1090 in
642 1045 735 1090 hac
759 1055 901 1101 parte
925 1045 1198 1101 pollicetur.

356 1122 408 1167 In
434 1121 578 1167 Oibin
603 1132 704 1167 tres
727 1119 1014 1167 nostrorum
1038 1121 1284 1175 abierunt,
1312 1120 1440 1165 inter
1464 1135 1587 1176 quos
1616 1119 1767 1164 Pater
1804 1118 1894 1163 Lu—
1917 1116 1926 1143 ·”

269 1215 355 1245 cas
380 1199 781 1245 concionatorem
808 1208 927 1255 aget
950 1198 995 1244 in
1021 1198 1165 1255 pagis
1189 1198 1377 1243 uicinis.
1406 1196 1775 1242 Catechismum
1801 1195 1894 1240 die-
1912 1205 1941 1258 ,3

269 1277 361 1322 bus
385 1276 639 1322 dominicis
670 1292 730 1321 ac
752 1276 892 1321 festis
925 1276 1177 1332 explicare
1212 1275 1367 1331 coepi,
1406 1284 1453 1319 et
1487 1275 1668 1319 bonum
1703 1276 1933 1318 succes-X

270 1369 375 1398 sum
400 1369 673 1411 speramus,

1047 1551 1123 1604 98

661 1667 714 1713 P.
753 1665 1103 1713 ANTONIUS
1137 1664 1499 1712 CORDESES

735 1772 896 1798 GANDIA
923 1761 966 1798 21
993 1771 1245 1798 SEPTEMBRIS
1275 1761 1365 1797 1557
1395 1763 1418 1797 ¹.

270 1846 344 1883 1-2.
375 1847 441 1883 De
459 1847 804 1883 ministeriorum
815 1845 972 1891 fructu
992 1856 1092 1882 cum
1114 1845 1314 1882 Gandiae
1332 1849 1427 1882 tum
1454 1846 1499 1882 in
1523 1847 1681 1882 ·z>1·cinz's
1708 1845 1922 1891 oppidis.

496 1907 534 1942 3.
567 1905 630 1941 De
649 1906 839 1941 utilitate
857 1905 1018 1941 laboris
1037 1905 1266 1951 apostolici
1282 1906 1397 1941 inter
1416 1906 1671 1944 mauriscos,
1910 1897 1919 1914 '¹

334 1985 372 2029 1.
438 1990 466 2038 †
499 1983 619 2040 Muy
653 1983 778 2028 Rdo.
817 1982 995 2028 Padre.
1033 1981 1214 2028 Gratia
1247 1992 1295 2027 et
1330 1998 1428 2039 pax
1463 1982 1619 2039 Chri„
1658 1992 1751 2028 etc.
1791 1981 1924 2050 Contjs

272 2072 378 2107 esta
403 2063 522 2107 dare
547 2061 686 2106 auiso
710 2077 739 2106 a
763 2061 829 2106 V.
859 2061 919 2106 R.
948 2061 1007 2105 de
1033 2062 1078 2106 lo
1104 2076 1196 2117 que
1231 2062 1275 2106 el
1310 2059 1473 2106 Sefior
1496 2061 1560 2106 ha
1584 2061 1775 2106 obrado
1810 2055 1925 2118 porsi?

273 2140 316 2184 el
341 2138 609 2184 ministerio
634 2139 693 2183 de
717 2139 791 2184 los
815 2149 1043 2184 nuestros
1077 2139 1137 2184 de
1171 2147 1275 2184 este
1306 2138 1517 2195 collegio
1542 2154 1601 2184 en
1626 2139 1698 2183 los
1722 2134 1943 2202 quatra?

272 2232 431 2261 meses
456 2216 711 2272 passados.
739 2214 813 2260 En
838 2225 1040 2261 nuestra
1065 2231 1184 2261 casa
1207 2216 1365 2261 acude
1390 2216 1569 2261 mucha
1592 2225 1742 2272 gente
1773 2203 1922 2300 parassS
1942 2231 1943 2234 ¹

273 2308 354 2338 ser
397 2293 654 2350 ayuclados
697 2293 756 2338 de
810 2293 881 2338 los
926 2293 1222 2338 ministerios
1272 2301 1526 2345 iiuestiffos
1569 2308 1627 2338 en
1672 2304 1929 2377 conselosf,

273 2386 398 2427 para
422 2385 503 2415 sei
527 2370 838 2427 consoladOS,
866 2386 991 2426 paia
1015 2371 1247 2415 consolai
1281 2387 1311 2427 3
1346 2369 1605 2416 confessas
1629 2363 1926 2435 enfermos;?}³‘3

273 2465 302 2505 y
328 2447 610 2494 finalmente
634 2462 758 2504 paia
792 2462 873 2492 sei
907 2447 1165 2503 ayudados
1190 2463 1249 2492 en
1274 2463 1356 2493 sus
1379 2447 1620 2493 tiabaios.
1650 2447 1725 2492 En
1756 2419 1930 2519 nues{

273 2535 353 2571 tra
376 2525 569 2582 yglesia
592 2540 805 2570 concur1
810 2541 835 2570 e
855 2526 928 2570 los
947 2525 1207 2582 domingos
1229 2542 1261 2582 y
1286 2524 1452 2571 fiestas
1475 2526 1654 2570 mucha
1672 2513 1941 2591 frequen-J

275 2603 352 2647 cia
377 2603 436 2648 de
460 2602 652 2659 pueblo.
680 2601 1001 2659 Freqijentan
1025 2603 1201 2647 mucho
1227 2603 1299 2647 los
1323 2611 1524 2648 sanctos
1555 2603 1914 2648 sacramento&

276 2679 335 2724 de
360 2680 405 2723 la
430 2678 708 2724 confessidn
742 2695 769 2735 y
807 2669 1135 2724 communidn.
1164 2679 1486 2725 Predicamos
1521 2679 1568 2724 la
1601 2679 1810 2736 palabra
1832 2670 1933 2743 deff]

277 3059 506 3105 exemplum
525 3059 697 3095 latinum
712 3058 921 3107 ejusdem
912 3071 952 3095 in
970 3026 1150 3096 foi.161.
