1910 3380
543 242 844 280 31.-C0L0N1A
870 241 916 278 23
942 241 1099 277 MARTH
1131 242 1219 276 1537
1584 240 1647 275 1:⁷10

70 342 278 388 lectione
304 339 575 384 memoriae
609 338 889 387 mandarat,
928 336 1124 381 domino
1161 336 1373 381 referret
1401 344 1432 382 ³.
1472 337 1695 393 Cumque

71 417 295 475 loquendi
321 416 464 461 finem
488 415 702 465 fecisset,
730 424 878 469 rogat
897 413 1141 458 dominum
1166 428 1305 457 suum
1332 414 1511 458 obnixe
1536 424 1587 458 ut
1613 414 1696 459 fiat

71 496 135 542 illi
168 503 389 552 potestas
423 493 621 549 saepius
658 491 721 537 ad
758 506 955 536 sacram
996 490 1253 546 synnaxim
1290 491 1573 535 accedendi.
1612 492 1695 535 Se-

71 572 234 629 quenti
259 587 379 616 uero
399 570 475 615 die
494 569 738 614 dominico
760 568 887 625 apud
910 567 1087 612 Patres
1106 577 1427 623 peccatorum
1448 569 1695 613 sarcinam

72 648 308 705 deposuit.

128 725 171 771 C).
238 725 474 770 Doctoris
498 723 645 769 etiam
670 722 831 767 Patris
858 721 1041 767 Canisii
1067 722 1144 766 hic
1168 723 1257 767 etsi
1282 738 1341 766 ea
1366 722 1489 766 hora
1509 724 1697 777 praele-

72 813 221 860 gatur
240 801 605 847 cathechismus
622 816 719 856 qua
739 810 1057 845 caeterorum
1074 799 1400 855 collegiorum
1421 799 1633 844 lectores
1654 800 1696 844 in

74 880 251 925 scholis
271 879 370 923 suis
389 887 642 935 praesunt,
664 887 827 923 tamen
847 876 1088 933 neglectis
1108 892 1167 921 ac
1186 876 1478 932 posthabitis
1497 891 1700 921 suorum

73 966 451 1014 praeceptorum
478 954 783 1004 lectionibus,
811 954 947 999 multi
973 969 1032 998 ea
1056 954 1181 998 hora
1211 953 1271 998 ad
1307 970 1394 998 nos
1429 953 1696 1009 confluunt3

74 1034 212 1080 cuius
251 1033 629 1090 explicationem
671 1031 988 1088 praecedenti
1022 1030 1335 1076 hebdomada
1361 1030 1425 1075 M.
1454 1030 1700 1076 Henricus

74 1111 341 1168 Dyonisius
380 1121 451 1155 est
492 1124 789 1167 aggressus,
825 1109 1052 1165 idemque
1087 1108 1259 1153 diebus
1303 1108 1542 1153 sabatinis
1577 1110 1702 1154 solet

73 1187 414 1244 subsequentis
438 1186 531 1231 diei
556 1185 832 1231 dominicae
855 1185 996 1230 simul
1020 1185 1335 1241 euangelium
1359 1194 1408 1230 et
1441 1185 1700 1241 epistolam

73 1263 407 1321 interpretari.

130 1342 172 1387 7.
238 1343 402 1386 Taceo
426 1350 629 1386 senatus
653 1338 941 1396 amplissimi
966 1339 1234 1389 feruorem,
1273 1354 1382 1383 cum
1418 1339 1511 1384 hoc
1545 1339 1702 1395 ipsum

74 1418 412 1475 superioribus
437 1417 590 1462 literis
624 1415 1026 1474 significauerim.
1065 1416 1305 1461 Dominus
1341 1426 1507 1461 autem
1544 1415 1703 1472 Grop-

73 1512 220 1554 perus
244 1498 275 1547 ¹,
304 1495 395 1545 uirx
423 1504 475 1540 ut
498 1495 643 1547 nosti,
670 1494 913 1550 singulari
938 1503 986 1538 et
1009 1493 1285 1538 eruditione
1311 1503 1359 1538 et
1383 1494 1583 1549 pietate,
1622 1510 1704 1550 op-

74 1574 286 1630 timeque
311 1573 370 1618 de
394 1573 536 1618 nobis
570 1572 792 1627 meritus,
830 1571 985 1616 nescit
1021 1571 1248 1626 profecto
1280 1586 1375 1626 quo
1411 1586 1499 1616 nos
1534 1586 1704 1615 amore

73 1651 190 1696 uelit
213 1649 442 1706 amplecti
467 1664 526 1694 ac
551 1648 850 1693 exosculari.
888 1647 962 1692 Ita
997 1658 1285 1692 nostrarum
1322 1663 1486 1692 rerum
1522 1648 1705 1692 studio-

76 1742 159 1772 sus
183 1737 273 1784 est,
300 1736 352 1772 ut
375 1727 420 1771 in
446 1726 648 1771 assidua
670 1725 826 1770 nostri
851 1725 1155 1781 cogitatione
1180 1740 1290 1770 esse
1315 1725 1559 1770 uideatur.
1587 1724 1705 1770 Sae-

76 1806 183 1862 pius
206 1806 448 1850 hactenus'
469 1803 624 1848 nostri
655 1818 810 1848 causa
844 1802 1077 1847 conuiuia
1111 1802 1376 1847 admodum
1407 1807 1614 1859 opipara
1644 1818 1704 1847 ac

77 1884 310 1940 opulenta
335 1881 624 1937 celebrauit,
654 1897 713 1926 ea
739 1896 890 1937 porro
915 1880 1108 1925 ratione
1132 1889 1184 1924 ut
1209 1881 1268 1924 ad
1295 1896 1348 1925 se
1372 1880 1587 1925 ciuitatis
1611 1880 1708 1936 pri-

18 1995 21 1998 -
77 1976 258 2024 mores‚
292 1958 703 2016 theologicaeque
737 1957 990 2003 facultatis
1025 1957 1257 2002 doctores
1292 1968 1501 2002 uocaret
1535 1966 1583 2002 et
1616 1956 1705 2001 So-

79 2037 307 2083 cietatem
339 2037 383 2081 in
418 2035 831 2093 grauissimorum
865 2035 1088 2080 uirorum
1122 2044 1270 2080 coetu
1304 2034 1707 2080 cumulatissimis

78 2115 302 2160 laudibus
326 2113 713 2169 commendaret,
741 2128 864 2169 quos
888 2128 917 2157 a
941 2128 994 2157 se
1018 2112 1154 2168 prius
1179 2111 1425 2157 dimittere
1456 2127 1704 2167 nunquam

79 2191 248 2244 uoluit,
276 2191 389 2247 quin
425 2206 515 2247 pro
549 2188 804 2235 Societate
830 2205 919 2235 sua
944 2205 1113 2234 omnes
1136 2188 1386 2251 suffragia
1410 2189 1635 2234 omnibus
1659 2189 1705 2233 in

80 2269 226 2314 rebus
248 2267 614 2324 pollicerentur.
647 2267 839 2312 Verum
863 2276 911 2312 et
934 2267 1067 2312 hisce
1086 2267 1258 2312 diebus
1277 2282 1365 2323 per
1383 2266 1621 2311 famulum
1641 2265 1703 2311 ad

81 2361 132 2391 se
154 2346 449 2402 magistrum
472 2344 716 2402 Joannem
740 2344 974 2397 Reitium,
996 2345 1154 2389 nostri
1178 2344 1375 2401 collegii
1400 2353 1645 2388 rectorem
1671 2343 1703 2398 ²,

82 2423 296 2480 uocauit,
324 2432 376 2468 ut
399 2423 458 2468 de
482 2423 630 2468 rebus
654 2423 898 2467 nonnullis
928 2422 1193 2467 certiorem
1226 2438 1335 2467 eum
1370 2421 1562 2466 faceret
1596 2430 1645 2466 et
1678 2436 1708 2466 a

81 2515 133 2545 se
156 2500 367 2557 quadam
390 2500 628 2557 pecuniae
652 2516 845 2545 summa
868 2509 1099 2545 onustum
1123 2500 1435 2545 amandaret.
1464 2498 1706 2543 Dominus

129 2673 146 2694 ἃ
189 2667 324 2704 Prius
342 2667 481 2704 refert.

132 2818 142 2837 ¹
193 2817 536 2864 DoctorJoannes
556 2817 759 2864 Gropper.
786 2817 894 2854 Vide
915 2830 1006 2864 pag.
1028 2816 1063 2861 ⁴2,
1085 2823 1206 2852 annot
1227 2816 1260 2850 1.

131 2877 143 2896 ²
193 2878 343 2914 Rector
373 2877 535 2924 collegii
555 2882 642 2914 erat
661 2876 710 2913 P.
736 2876 976 2913 Leonardus
995 2875 1156 2916 Kessel.
1178 2874 1245 2921 qui
1271 2875 1443 2911 Romam
1471 2875 1519 2911 ad
1549 2875 1711 2912 comitia

6 2948 8 2955 ¹
59 2946 127 2972 'se
157 2937 336 2979 eontulit,
369 2949 506 2973 mense
537 2936 762 2973 Februario
793 2936 843 2972 ad
872 2935 996 2973 finem
1028 2939 1226 2971 vertente.
1260 2933 1360 2983 Ejus
1395 2935 1503 2971 vices
1538 2935 1710 2982 gerebat

85 2993 131 3032 P.
149 2994 319 3033 Ioannes
338 2997 523 3033 Rhetius.
546 2995 613 3033 Cf.
636 2997 958 3041 REIFFENBERG,
976 2996 1089 3032 Hz'st.
1104 2999 1226 3040 prov.
1247 2995 1381 3037 rlzen„
1397 2994 1427 3039 Ι,
1443 2995 1490 3031 55
1504 3000 1543 3031 et
1559 2995 1714 3032 Laz'nz’z'

87 3053 294 3098 Monum.‚
315 3054 365 3098 ΙΙ,
390 3054 466 3092 185.
