1900 3380
447 278 835 318 209.—V1nn0130NA
860 282 901 318 31
933 281 1143 320 OCTOBRIS
1172 284 1262 321 1558
1551 285 1621 322 853

109 377 435 415 exhz·bz‘tz·o.-18.
466 379 638 426 Quanti
665 384 847 425 nostros,
878 384 1073 420 maxime
1095 384 1277 422 Patrem
1307 385 1505 429 Victoria,
1535 388 1665 432 impe-

110 441 230 474 rator
251 437 590 484 faciat.*l9-20.
628 441 737 477 Item
771 443 995 488 principes
1025 444 1108 481 alii
1141 447 1180 481 et
1211 443 1421 482 Boe‘micze
1456 447 1665 492 regina.—

107 497 166 532 21.
188 497 309 544 Quid
327 497 382 534 de
395 508 714 543 gemnanormn
735 501 864 547 lapsu
883 503 1175 541 sentiendum.

99 593 138 639 1.
205 593 313 640 Pax
343 594 544 642 Christi.
587 597 850 644 Rationem
886 600 1184 658 redditurus,
1220 601 1345 647 Rde.
1383 601 1428 646 in
1465 600 1665 647 Christo

39 671 204 727 Pater,
233 671 365 717 iussu
392 673 512 719 Reli.
542 674 594 720 P.
624 676 833 722 rectoris
859 678 871 701 1
898 693 1070 723 eorum
1102 694 1228 736 quae
1262 678 1498 735 proximis
1531 679 1664 725 hisce

39 748 285 794 mensibus
309 749 472 795 diuina
513 752 707 797 bonitas
731 753 777 798 in
801 753 893 799 hoc
925 754 1176 800 viennensi
1215 756 1426 813 collegio
1471 772 1559 813 per
1596 756 1661 801 in-

39 825 210 882 dignos
232 842 407 872 seruos
432 844 548 874 suos
573 831 771 886 operari
795 829 1000 888 dignata
1025 841 1114 890 est3
1143 833 1339 879 adnitar
1363 849 1422 879 ea
1452 850 1662 880 summa-

38 902 135 958 tim,
173 919 270 960 qua
304 903 473 951 licebit
513 907 777 965 breuitate,
819 909 1177 966 perstringere,
1219 926 1316 955 non
1355 911 1665 967 praeteriens

38 979 229 1026 interim
249 981 531 1038 singulares
554 983 758 1030 fauores
782 985 929 1042 alios,
957 986 1132 1042 quibus
1155 987 1537 1044 benignissimus
1580 988 1660 1033 IE-

37 1055 165 1103 SVS
190 1058 440 1104 minimam
466 1060 593 1106 hanc
611 1062 908 1107 sanctissimi
932 1063 1141 1109 nominis
1164 1064 1238 1109 sui
1262 1064 1564 1110 Societatem
1588 1081 1661 1111 as-

36 1134 170 1181 sidue
194 1137 425 1194 prosequi
459 1153 558 1184 non
588 1149 769 1185 cessat.
796 1139 1059 1198 Attingam
1084 1151 1249 1188 autem
1274 1142 1512 1199 imprimis
1537 1159 1662 1200 quae

0 1211 1 1216 ’
36 1212 305 1260 domestica
339 1221 653 1262 concernunt
674 1222 692 1244 ²
720 1217 977 1263 exercitia.

93 1289 372 1338 Conciones
396 1292 441 1338 in
467 1293 650 1350 templo
674 1303 846 1340 nostro
870 1294 1125 1341 dominicis
1144 1305 1192 1342 et
1209 1296 1348 1343 festis
1367 1298 1474 1344 aliis
1493 1298 1662 1345 diebiis

36 1382 97 1413 ex
119 1383 258 1414 more
277 1369 539 1428 habentur,
566 1380 614 1417 et
639 1372 864 1429 quamuis
887 1389 1034 1420 rarus
1058 1374 1298 1420 hactenus
1328 1377 1570 1423 accedere
1594 1377 1661 1422 vi-

34 1460 114 1491 sus
137 1446 199 1492 sit
221 1447 445 1503 populus,
473 1456 574 1494 tum
599 1459 804 1507 propter
826 1450 982 1497 horae
1007 1451 1461 1499 incommoditatem
1478 1453 1661 1511 (statim

35 1522 160 1569 enim
184 1539 214 1569 a
237 1524 446 1580 prandio
471 1524 576 1571 fieri
601 1528 988 1586 consueuerunt)
1013 1537 1113 1574 tum
1146 1529 1364 1576 fortasse
1398 1531 1527 1588 quod
1564 1548 1660 1577 non

35 1600 234 1658 perinde
259 1611 411 1658 grata
436 1602 498 1648 sit
522 1611 622 1649 tam
647 1613 823 1661 aperta
857 1620 1094 1652 romanae
1128 1616 1277 1664 atque
1311 1608 1586 1655 catholicae
1610 1608 1659 1654 fi-

35 1677 109 1724 dei
133 1687 281 1736 atque
307 1679 562 1726 doctrinae
587 1681 875 1739 professsio3
903 1684 1148 1730 accrescit
1171 1694 1337 1731 tamen
1362 1685 1407 1731 in
1442 1686 1543 1732 dies
1576 1702 1658 1733 au-

33 1755 242 1802 ditorum
267 1772 518 1803 numerus.
548 1757 612 1805 Et
631 1758 669 1805 si
695 1768 747 1805 vt
771 1762 950 1819 coepit,
977 1771 1158 1820 pergat
1181 1762 1357 1808 doctor
1377 1764 1562 1810 Paulus
1581 1766 1659 1822 qui

32 1833 355 1880 ecclesiasten
375 1835 422 1881 in
442 1836 625 1893 templo
643 1847 815 1884 nostro
833 1854 963 1885 nunc
981 1841 1219 1898 temporis
1238 1840 1343 1898 agit
1360 1842 1392 1899 ²,
1413 1857 1509 1888 non
1526 1843 1656 1889 dubi—

32 1918 193 1957 tamus
217 1912 504 1970 propediem
523 1913 632 1959 fore
654 1923 706 1960 vt
730 1915 790 1960 de
813 1916 1080 1963 multorum
1110 1919 1173 1963 ad
1208 1934 1383 1964 veram
1413 1919 1560 1965 fidem
1585 1937 1657 1967 re-

32 1985 278 2047 ductione,
305 1998 354 2035 et
372 2005 586 2046 syncera
609 2007 639 2036 a
668 1992 889 2049 peccatis
922 1994 985 2039 ad
1018 1994 1179 2040 Deum
1209 1996 1535 2042 conuersione
1568 1997 1657 2043 sibi

18 2066 313 2122 igratuletur
337 2066 567 2113 Ecclesia
590 2080 780 2116 sancta.
808 2069 1046 2128 Spiritum
1070 2072 1221 2118 habet
1250 2081 1299 2118 et
1328 2074 1586 2131 energiam
1610 2074 1657 2120 in

31 2141 235 2189 dicendo
274 2144 599 2204 singularem,
642 2147 841 2193 modum
873 2150 1021 2195 etiam
1053 2150 1379 2196 concionandi
1407 2152 1655 2208 germani-

30 2235 156 2277 cum,
183 2222 472 2279 quotidiana
496 2223 626 2270 intra
650 2225 874 2281 priuatos
908 2227 1126 2284 parietes
1160 2227 1536 2286 exercitatione,
1573 2229 1653 2275 ad-

32 2297 186 2345 discet
224 2315 396 2358 ocyus,
431 2301 649 2348 emolliet
682 2304 1028 2360 proculdubio
1059 2305 1305 2351 obdurata
1328 2307 1491 2364 populi
1514 2306 1656 2353 huius

30 2375 198 2435 corda,
221 2377 571 2424 ardentissima
590 2379 672 2425 illa
691 2395 839 2438 quam
858 2381 905 2427 in
925 2381 1130 2428 dicendo
1154 2398 1276 2439 prae
1299 2398 1352 2429 se
1375 2383 1473 2429 fert
1496 2384 1653 2430 chari-

23 2460 145 2500 ·tate.
172 2453 302 2500 Nam
327 2455 418 2501 etsi
441 2471 530 2501 suo
565 2465 788 2514 tempore
822 2467 1007 2516 arguat
1046 2468 1094 2504 et
1127 2459 1348 2517 increpet
1381 2469 1428 2506 et
1459 2461 1652 2520 quidem

29 2531 254 2589 grauiter
272 2532 471 2578 nimiam
491 2533 781 2590 plebeculae
804 2535 1169 2593 simplicitatem
1187 2551 1275 2582 seu
1295 2537 1464 2583 verius
1483 2538 1651 2584 leuita-

24 2616 140 2668 >tem3
162 2610 323 2667 magis
341 2619 507 2657 tamen
523 2612 952 2661 obsecrationibus
968 2614 1038 2660 vti
1062 2614 1187 2660 solet
1206 2623 1254 2661 et
1273 2615 1453 2661 sedulis
1471 2616 1534 2661 ad
1555 2617 1651 2674 pie-

27 2693 176 2732 tatem
201 2687 645 2737 exhortationibus.
673 2689 836 2747 Quam
862 2706 968 2737 rem
987 2707 1223 2749 magnum
1247 2692 1293 2738 in
1313 2695 1652 2740 conuertenda

71 2835 91 2854 ²
139 2835 190 2873 ad
208 2836 430 2874 domestica
448 2837 664 2884 pertinent.

71 2991 83 3011 ¹
132 2992 178 3030 P.
194 2991 374 3041 joannes
392 2994 442 3031 de
461 2994 660 3033 Victoria.
683 2996 748 3035 Cf.
769 2998 926 3035 Laz'nz'z'
942 2998 1155 3042 Monam„
1174 2999 1244 3045 ΙΙΙ,
1271 2999 1443 3044 444-445ς
1462 3001 1545 3048 489,
1565 3001 1646 3039 655.

71 3050 85 3070 ²
132 3051 307 3090 Indicari
325 3054 488 3091 videtur
501 3055 547 3093 P.
567 3056 721 3094 Paulus
736 3057 952 3101 Hoffaeus,
970 3059 1038 3106 qui
1052 3060 1174 3106 paulo
1189 3064 1278 3107 post
1291 3059 1485 3108 Pragam,
1501 3066 1647 3107 rector,

73 3107 174 3148 issus
193 3116 267 3150 est.
290 3110 356 3150 Cf.
376 3112 735 3159 BRAUNSBERGER‚
755 3116 808 3154 Β,
830 3116 956 3154 Petri
975 3117 1142 3156 canisii
1157 3117 1312 3165 Epist„
1331 3118 1382 3164 H,
1401 3119 1483 3157 305.
