1910 3380
586 348 888 387 (vo—Comma,
916 349 1071 395 5JUN11
1102 350 1192 385 1557
1587 350 1657 386 259

74 445 229 501 pietas
254 443 360 488 fere
385 443 430 488 in
456 459 626 488 omnes
656 459 878 488 amorem
904 443 1183 499 ingenerat.
1212 443 1381 489 Taceo
1407 445 1465 489 de
1491 444 1703 491 finitimis

73 520 364 576 ciuitatibuS,
407 535 518 565 cum
558 521 705 565 etiam
742 531 965 565 remotae
1007 521 1274 576 proculque
1315 537 1343 565 a
1384 519 1593 566 Colonia
1636 522 1702 566 di-

72 607 259 644 stantes
284 598 433 642 urbes
458 596 760 643 Societatem
785 597 1089 653 praedicent,
1119 597 1280 642 studia
1306 613 1431 653 quae
1466 598 1701 643 hactenus

71 675 270 720 fuerunt
293 674 468 730 sopita,
496 690 525 719 a
551 675 732 719 nostris
764 674 962 719 tandem
996 673 1260 729 aliquando
1284 674 1435 719 fuisse
1460 676 1696 731 excitata,

71 751 251 808 passim
286 750 654 796 circumfertur.
682 752 727 796 Is
762 767 932 795 rumor
965 765 1074 795 cum
1109 751 1171 795 ad
1206 752 1371 796 aulam
1402 751 1538 796 ducis
1562 751 1698 809 julia-

70 828 228 874 censis
251 838 382 873 esset
416 829 623 879 delatus,
651 828 712 872 ad
738 844 827 873 nos
851 827 941 872 fuit
965 827 1141 872 missus
1166 828 1309 884 primi
1334 829 1440 874 fere
1466 828 1511 873 in
1536 828 1699 874 officio

70 907 196 963 apud
222 907 396 951 ducem
423 907 631 951 eundem
656 922 824 962 nepos.

127 983 166 1029 2.
232 982 462 1039 Vterque
498 983 843 1039 catechismus,
871 985 1059 1031 scilicet
1084 984 1248 1030 Patris
1275 982 1461 1041 Canisii
1498 984 1694 1039 latinus,

70 1069 116 1105 et
139 1059 302 1105 Patris
327 1057 558 1105 Gaudani
582 1060 901 1116 germanicus
927 1063 957 1116 ¹,
984 1061 1178 1117 plurimi
1214 1060 1456 1106 Coloniae
1481 1059 1546 1105 fit.
1574 1059 1700 1105 Sunt

69 1136 299 1185 nonnulli,
328 1145 379 1181 ut
403 1136 536 1181 hisce
571 1137 742 1182 diebus
777 1137 891 1182 mihi
926 1138 1259 1195 significatum
1294 1137 1399 1191 fuit,
1427 1137 1507 1194 qui
1532 1137 1625 1182 illis
1650 1138 1699 1183 li-

67 1213 202 1259 bellis
236 1214 432 1259 student
467 1213 554 1259 sibi
591 1230 736 1270 quam
773 1215 1011 1270 plurimos
1044 1216 1311 1271 deuincire,
1339 1214 1419 1260 alii
1454 1231 1577 1260 uero
1612 1231 1699 1260 eos

68 1290 350 1337 mnemosini
386 1291 494 1336 loco
530 1292 702 1337 amicis
736 1292 936 1338 donant.
965 1293 1069 1339 Etsi
1107 1294 1285 1338 latinus
1311 1292 1476 1338 Patris
1511 1292 1698 1338 Canisii

67 1368 393 1414 catechismus
426 1368 487 1414 sit
522 1368 770 1426 Viennae,
798 1369 1027 1427 Louanii,
1061 1371 1334 1427 Leodiique
1369 1386 1600 1424 excusus,
1629 1380 1696 1417 ta-

60 1447 174 1491 ¹men
213 1454 286 1490 est
325 1446 401 1491 hic
440 1446 798 1503 typographus,
843 1447 923 1503 qui
964 1447 1142 1492 mirum
1182 1448 1229 1493 in
1270 1448 1469 1492 modum
1508 1447 1695 1504 flagrat

65 1522 271 1568 eundem
297 1523 564 1574 excudere:
593 1532 765 1580 estque
790 1523 869 1568 ille
893 1524 996 1580 ipse
1021 1525 1282 1581 pollicitus,
1310 1540 1362 1570 se
1387 1540 1483 1570 non
1518 1525 1693 1570 distra-

66 1609 255 1644 cturum
289 1600 499 1655 amplius
533 1600 684 1645 libros
718 1600 1016 1646 haereticos.
1056 1601 1394 1647 Concionator
1428 1611 1697 1658 praeterea

64 1675 479 1729 francfordianus,
508 1677 587 1734 qui
612 1678 746 1722 solus
780 1678 826 1722 in
860 1693 920 1723 ea
955 1679 1285 1724 celeberrima
1320 1689 1368 1724 et
1401 1678 1695 1735 frequentis-

65 1753 186 1798 sima
208 1754 332 1799 urbe
356 1754 630 1799 catholicus
653 1765 743 1809 est,
770 1756 901 1812 apud
926 1771 1097 1800 omnes
1122 1772 1429 1813 magnopere
1448 1772 1696 1802 commen-

65 1830 146 1875 dat
170 1830 377 1875 eundem
411 1831 784 1885 catechismum,
811 1843 858 1878 et
892 1833 1022 1878 ultro
1056 1834 1384 1890 typographis
1416 1850 1557 1880 suam
1583 1850 1694 1892 ope-

66 1921 186 1962 ram,
214 1918 265 1951 ut
289 1916 457 1952 uertat
482 1923 507 1952 e
533 1908 684 1953 latino
709 1908 755 1953 in
779 1909 1122 1965 germanicum
1148 1926 1447 1968 sermonem,
1475 1912 1537 1956 ad
1561 1927 1691 1957 com-

66 1997 257 2028 munem
280 1984 584 2039 reipublicae
608 2001 749 2030 usum
774 1986 1050 2042 pollicetur.

120 2059 161 2105 3.
230 2060 406 2117 Hodie,
443 2061 547 2106 heri
588 2062 753 2117 etiam,
796 2063 842 2107 in
877 2063 1134 2108 audiendis
1175 2065 1569 2110 confessionibus
1609 2081 1691 2110 no-

63 2145 278 2182 strorum
305 2138 657 2195 discipulorum
678 2139 856 2185 Patres
876 2140 1139 2196 plurimum
1163 2141 1362 2186 fuerunt
1386 2143 1629 2199 occupati.

118 2213 160 2259 4.
225 2206 407 2260 Nescio
432 2215 545 2272 quid
570 2216 797 2273 cogitare
822 2217 985 2274 uelim,
1012 2218 1139 2263 adeo
1173 2234 1351 2264 nomen
1376 2219 1519 2264 huius
1543 2220 1685 2264 colle-

65 2289 128 2346 gii
151 2292 448 2348 percrebuit,
477 2301 529 2338 ut
552 2292 599 2337 in
624 2293 841 2338 omnium
867 2309 954 2339 ore
979 2294 1040 2340 sit
1064 2310 1124 2340 ac
1148 2311 1393 2341 sermone.
1424 2296 1562 2340 Multi
1598 2312 1687 2341 nos

63 2368 191 2413 solos
230 2369 396 2425 plures
435 2369 777 2416 adolescentes
816 2371 1002 2417 habere
1036 2372 1274 2429 fatentur,
1312 2388 1458 2429 quam
1496 2373 1540 2417 in
1581 2372 1689 2417 aliis

61 2446 328 2501 gymnasiis
367 2446 663 2504 habeantur;
706 2458 871 2493 tamen
911 2450 1228 2505 gymnasium
1274 2460 1562 2495 montanum
1607 2449 1691 2495 100

61 2518 205 2567 habet
237 2522 537 2579 dialecticOS,
566 2539 662 2568 non
697 2539 938 2570 recenseo
973 2525 1289 2582 philosophos
1320 2536 1368 2571 et
1398 2525 1689 2582 grammati-

0 2627 10 2634 ·
61 2609 143 2642 cos
167 2607 216 2643 et
239 2614 384 2655 quam
411 2599 547 2644 multi
570 2600 665 2645 sint
688 2600 734 2645 in
758 2601 865 2646 aliis
885 2601 1081 2647 scholis.
1105 2601 1257 2647 Certe
1276 2603 1419 2659 plura
1443 2601 1584 2647 nobis
1608 2603 1688 2647 de-

60 2671 222 2719 ferunt
245 2691 389 2731 quam
414 2692 541 2733 quae
565 2692 918 2733 agnoscamus.
946 2677 1133 2724 Omnes
1164 2688 1335 2724 nostro
1346 2694 1450 2723 rum
1487 2679 1689 2735 diligen—

60 2748 127 2795 tia
149 2751 265 2796 etin
288 2752 511 2798 docendo
536 2754 774 2809 charitas,
801 2755 944 2800 simul
969 2755 1117 2801 etiam
1145 2755 1371 2800 doctrina
1396 2756 1565 2801 iuncta
1588 2756 1687 2812 pie-

61 2834 160 2872 tate
183 2843 447 2885 suspensos
471 2838 621 2875 tenet.

145 2903 220 2949 De
243 2905 299 2950 iis
323 2906 485 2962 rebus,
513 2922 640 2962 quae
675 2907 890 2963 quotidie
925 2907 1059 2963 fiunt,
1086 2908 1224 2965 sileo,
1252 2923 1362 2953 cum
1387 2908 1509 2953 satis
1542 2909 1687 2965 plene

60 2993 228 3025 eorum
264 2982 388 3027 ratio
422 2983 570 3028 fuerit
604 2984 728 3029 alias
763 2985 1028 3041 explicata.
1057 2984 1298 3030 Dominus
1322 2985 1458 3030 Deus
1491 3001 1686 3042 promo·

108 3144 116 3162 ¹
168 3144 274 3182 Vide
293 3160 385 3194 pag.
404 3147 485 3184 232.
