<?xml version="1.0" encoding="UTF-8"?>
<!DOCTYPE html PUBLIC "-//W3C//DTD XHTML 1.0 Transitional//EN"
    "http://www.w3.org/TR/xhtml1/DTD/xhtml1-transitional.dtd">
<html xmlns="http://www.w3.org/1999/xhtml" xml:lang="en" lang="en">
 <head>
  <title>
</title>
<meta http-equiv="Content-Type" content="text/html;charset=utf-8" />
  <meta name='ocr-system' content='tesseract 3.04.00' />
  <meta name='ocr-capabilities' content='ocr_page ocr_carea ocr_par ocr_line ocrx_word'/>
</head>
<body>
  <div class='ocr_page' id='page_1' title='image "./litteraequadrime1705lain_0137.png"; bbox 0 0 1915 3437; ppageno 0'>
   <div class='ocr_carea' id='block_1_1' title="bbox 0 1614 27 3437">
    <p class='ocr_par' dir='ltr' id='par_1_1' title="bbox 0 1614 27 3437">
     <span class='ocr_line' id='line_1_1' title="bbox 0 1614 27 3437; baseline 0 0"><span class='ocrx_word' id='word_1_1' title='bbox 0 1614 27 3437; x_wconf 95' lang='lat' dir='ltr'> </span> 
     </span>
    </p>
   </div>
   <div class='ocr_carea' id='block_1_2' title="bbox 485 221 1618 259">
    <p class='ocr_par' dir='ltr' id='par_1_2' title="bbox 485 221 1618 259">
     <span class='ocr_line' id='line_1_2' title="bbox 485 221 1618 259; baseline 0.002 -2"><span class='ocrx_word' id='word_1_2' title='bbox 485 221 786 258; x_wconf 71' lang='lat' dir='ltr'>24.—BILLomo</span> <span class='ocrx_word' id='word_1_3' title='bbox 812 222 834 258; x_wconf 81' lang='lat'>9</span> <span class='ocrx_word' id='word_1_4' title='bbox 861 221 1098 258; x_wconf 74' lang='lat' dir='ltr'>FEBRUARH</span> <span class='ocrx_word' id='word_1_5' title='bbox 1129 223 1217 258; x_wconf 65' lang='lat'>1:357</span> <span class='ocrx_word' id='word_1_6' title='bbox 1555 225 1618 259; x_wconf 73' lang='lat' dir='ltr'>1o7</span> 
     </span>
    </p>
   </div>
   <div class='ocr_carea' id='block_1_3' title="bbox 0 318 1666 2596">
    <p class='ocr_par' dir='ltr' id='par_1_3' title="bbox 37 318 1666 836">
     <span class='ocr_line' id='line_1_3' title="bbox 41 318 1664 375; baseline 0 -11"><span class='ocrx_word' id='word_1_7' title='bbox 41 332 179 364; x_wconf 76' lang='lat' dir='ltr'>noxa</span> <span class='ocrx_word' id='word_1_8' title='bbox 203 332 360 375; x_wconf 75' lang='lat' dir='ltr'>quam</span> <span class='ocrx_word' id='word_1_9' title='bbox 385 319 561 374; x_wconf 70' lang='lat' dir='ltr'>tulere,</span> <span class='ocrx_word' id='word_1_10' title='bbox 575 318 744 375; x_wconf 73' lang='lat' dir='ltr'>facile</span> <span class='ocrx_word' id='word_1_11' title='bbox 767 318 1102 362; x_wconf 70' lang='lat' dir='ltr'>resarcienda</span> <span class='ocrx_word' id='word_1_12' title='bbox 1127 322 1201 361; x_wconf 73' lang='lat' dir='ltr'>est</span> <span class='ocrx_word' id='word_1_13' title='bbox 1234 319 1555 374; x_wconf 65' lang='lat' dir='ltr'>propediem,</span> <span class='ocrx_word' id='word_1_14' title='bbox 1593 321 1664 364; x_wconf 72' lang='grc' dir='ltr'>ιη’-</span> 
     </span>
     <span class='ocr_line' id='line_1_4' title="bbox 41 394 1666 452; baseline 0.001 -12"><span class='ocrx_word' id='word_1_15' title='bbox 41 395 232 441; x_wconf 72' lang='lat' dir='ltr'>mirum</span> <span class='ocrx_word' id='word_1_16' title='bbox 256 395 394 452; x_wconf 78' lang='lat' dir='ltr'>qnod</span> <span class='ocrx_word' id='word_1_17' title='bbox 415 395 521 440; x_wconf 78' lang='lat' dir='ltr'>iam</span> <span class='ocrx_word' id='word_1_18' title='bbox 547 399 666 439; x_wconf 70' lang='lat' dir='ltr'>(wele</span> <span class='ocrx_word' id='word_1_19' title='bbox 690 408 888 439; x_wconf 65' lang='lat' dir='ltr'>(lazicum</span> <span class='ocrx_word' id='word_1_20' title='bbox 917 394 1046 450; x_wconf 68' lang='lat' dir='ltr'>[fisis</span> <span class='ocrx_word' id='word_1_21' title='bbox 1068 395 1300 450; x_wconf 74' lang='lat' dir='ltr'>episcopi</span> <span class='ocrx_word' id='word_1_22' title='bbox 1317 397 1666 450; x_wconf 71' lang='lat' dir='ltr'>prozm&#39;ssiom‘</span> 
     </span>
     <span class='ocr_line' id='line_1_5' title="bbox 40 471 1659 527; baseline 0.001 -11"><span class='ocrx_word' id='word_1_23' title='bbox 40 472 344 523; x_wconf 77' lang='lat' dir='ltr'>destinatus,</span> <span class='ocrx_word' id='word_1_24' title='bbox 388 472 654 527; x_wconf 69' lang='lat' dir='ltr'>repulsam</span> <span class='ocrx_word' id='word_1_25' title='bbox 685 472 864 527; x_wconf 74' lang='lat' dir='ltr'>passis</span> <span class='ocrx_word' id='word_1_26' title='bbox 887 471 1288 523; x_wconf 73' lang='lat' dir='ltr'>ln&#39;lc&#39;omensibzts,</span> <span class='ocrx_word' id='word_1_27' title='bbox 1326 472 1659 518; x_wconf 72' lang='lat' dir='ltr'>claromonta-</span> 
     </span>
     <span class='ocr_line' id='line_1_6' title="bbox 41 548 1663 606; baseline 0.001 -13"><span class='ocrx_word' id='word_1_28' title='bbox 41 549 142 604; x_wconf 79' lang='lat' dir='ltr'>m&#39;s,</span> <span class='ocrx_word' id='word_1_29' title='bbox 180 548 558 606; x_wconf 50' lang='lat' dir='ltr'>montensibus,</span> <span class='ocrx_word' id='word_1_30' title='bbox 597 548 920 599; x_wconf 70' lang='lat' dir='ltr'>ambertinz&#39;s,</span> <span class='ocrx_word' id='word_1_31' title='bbox 964 549 1443 605; x_wconf 47' lang='lat' dir='ltr'>aqnasparsanisffi</span> <span class='ocrx_word' id='word_1_32' title='bbox 1485 550 1663 606; x_wconf 59' lang='lat' dir='ltr'>bryon-</span> 
     </span>
     <span class='ocr_line' id='line_1_7' title="bbox 41 624 1665 682; baseline 0.001 -12"><span class='ocrx_word' id='word_1_33' title='bbox 41 624 282 670; x_wconf 77' lang='lat' dir='ltr'>densz&#39;bns</span> <span class='ocrx_word' id='word_1_34' title='bbox 317 625 374 681; x_wconf 74' lang='lat' dir='ltr'>(a</span> <span class='ocrx_word' id='word_1_35' title='bbox 397 625 582 682; x_wconf 72' lang='lat' dir='ltr'>quibus</span> <span class='ocrx_word' id='word_1_36' title='bbox 605 625 657 669; x_wconf 77' lang='lat' dir='ltr'>in</span> <span class='ocrx_word' id='word_1_37' title='bbox 683 625 902 669; x_wconf 74' lang='lat' dir='ltr'>alteram</span> <span class='ocrx_word' id='word_1_38' title='bbox 937 625 1420 682; x_wconf 71' lang='lat' dir='ltr'>quadragesim(zm,</span> <span class='ocrx_word' id='word_1_39' title='bbox 1462 631 1515 670; x_wconf 74' lang='lat' dir='ltr'>vt</span> <span class='ocrx_word' id='word_1_40' title='bbox 1552 631 1597 670; x_wconf 73' lang='lat' dir='ltr'>et</span> <span class='ocrx_word' id='word_1_41' title='bbox 1632 642 1665 672; x_wconf 73' lang='grc' dir='ltr'>(ι</span> 
     </span>
     <span class='ocr_line' id='line_1_8' title="bbox 38 701 1664 759; baseline 0 -12"><span class='ocrx_word' id='word_1_42' title='bbox 38 701 392 759; x_wconf 54' lang='lat' dir='ltr'>montensibus</span> <span class='ocrx_word' id='word_1_43' title='bbox 416 702 523 746; x_wconf 77' lang='lat' dir='ltr'>iam</span> <span class='ocrx_word' id='word_1_44' title='bbox 543 701 840 757; x_wconf 72' lang='lat' dir='ltr'>postulatus</span> <span class='ocrx_word' id='word_1_45' title='bbox 872 702 1028 757; x_wconf 73' lang='lat' dir='ltr'>snm),</span> <span class='ocrx_word' id='word_1_46' title='bbox 1047 702 1349 757; x_wconf 69' lang='lat' dir='ltr'>proximam</span> <span class='ocrx_word' id='word_1_47' title='bbox 1373 703 1664 759; x_wconf 69' lang='lat' dir='ltr'>quadrage-</span> 
     </span>
     <span class='ocr_line' id='line_1_9' title="bbox 37 778 1268 836; baseline 0 -13"><span class='ocrx_word' id='word_1_48' title='bbox 37 779 225 824; x_wconf 72' lang='lat' dir='ltr'>simam</span> <span class='ocrx_word' id='word_1_49' title='bbox 252 778 651 836; x_wconf 71' lang='lat' dir='ltr'>Clzm&#39;stc‘sanore</span> <span class='ocrx_word' id='word_1_50' title='bbox 675 778 746 823; x_wconf 68' lang='lat' dir='ltr'>ihi</span> <span class='ocrx_word' id='word_1_51' title='bbox 765 779 864 823; x_wconf 78' lang='lat' dir='ltr'>sim</span> <span class='ocrx_word' id='word_1_52' title='bbox 889 782 1268 823; x_wconf 68' lang='lat' dir='ltr'>transacturus.</span> 
     </span>
    </p>

    <p class='ocr_par' dir='ltr' id='par_1_4' title="bbox 38 854 1665 1054">
     <span class='ocr_line' id='line_1_10' title="bbox 95 854 1664 911; baseline 0.001 -11"><span class='ocrx_word' id='word_1_53' title='bbox 95 855 137 900; x_wconf 79' lang='lat'>5.</span> <span class='ocrx_word' id='word_1_54' title='bbox 206 854 365 900; x_wconf 84' lang='lat' dir='ltr'>Extra</span> <span class='ocrx_word' id='word_1_55' title='bbox 400 856 665 900; x_wconf 90' lang='lat' dir='ltr'>aduentum</span> <span class='ocrx_word' id='word_1_56' title='bbox 691 855 822 911; x_wconf 90' lang='lat' dir='ltr'>apud</span> <span class='ocrx_word' id='word_1_57' title='bbox 858 855 1148 899; x_wconf 89' lang='lat' dir='ltr'>biliomaeos</span> <span class='ocrx_word' id='word_1_58' title='bbox 1182 855 1523 911; x_wconf 86' lang='lat' dir='ltr'>frequentibus</span> <span class='ocrx_word' id='word_1_59' title='bbox 1553 872 1664 902; x_wconf 90' lang='lat' dir='ltr'>con-</span> 
     </span>
     <span class='ocr_line' id='line_1_11' title="bbox 38 931 1665 988; baseline 0.001 -12"><span class='ocrx_word' id='word_1_60' title='bbox 38 931 255 977; x_wconf 91' lang='lat' dir='ltr'>cionibus</span> <span class='ocrx_word' id='word_1_61' title='bbox 274 946 304 976; x_wconf 92' lang='lat' dir='ltr'>a</span> <span class='ocrx_word' id='word_1_62' title='bbox 324 947 401 976; x_wconf 91' lang='lat' dir='ltr'>me</span> <span class='ocrx_word' id='word_1_63' title='bbox 420 931 615 985; x_wconf 77' lang='lat' dir='ltr'>habitis,</span> <span class='ocrx_word' id='word_1_64' title='bbox 639 931 838 988; x_wconf 88' lang='lat' dir='ltr'>pietatis</span> <span class='ocrx_word' id='word_1_65' title='bbox 858 931 1081 976; x_wconf 77' lang='lat' dir='ltr'>accessio</span> <span class='ocrx_word' id='word_1_66' title='bbox 1101 932 1352 976; x_wconf 89' lang='lat' dir='ltr'>cumulata</span> <span class='ocrx_word' id='word_1_67' title='bbox 1372 941 1445 977; x_wconf 89' lang='lat' dir='ltr'>est</span> <span class='ocrx_word' id='word_1_68' title='bbox 1465 933 1527 977; x_wconf 89' lang='lat' dir='ltr'>ad</span> <span class='ocrx_word' id='word_1_69' title='bbox 1547 934 1665 978; x_wconf 91' lang='lat' dir='ltr'>mul-</span> 
     </span>
     <span class='ocr_line' id='line_1_12' title="bbox 38 1009 628 1054; baseline 0 -1"><span class='ocrx_word' id='word_1_70' title='bbox 38 1018 198 1054; x_wconf 92' lang='lat' dir='ltr'>torum</span> <span class='ocrx_word' id='word_1_71' title='bbox 221 1009 628 1053; x_wconf 77' lang='lat' dir='ltr'>consolationem.</span> 
     </span>
    </p>

    <p class='ocr_par' dir='ltr' id='par_1_5' title="bbox 36 1084 1664 1374">
     <span class='ocr_line' id='line_1_13' title="bbox 93 1084 1664 1141; baseline 0.001 -11"><span class='ocrx_word' id='word_1_72' title='bbox 93 1085 135 1131; x_wconf 76' lang='lat'>6.</span> <span class='ocrx_word' id='word_1_73' title='bbox 202 1084 254 1129; x_wconf 88' lang='lat' dir='ltr'>In</span> <span class='ocrx_word' id='word_1_74' title='bbox 279 1085 483 1130; x_wconf 76' lang='lat' dir='ltr'>abbatia</span> <span class='ocrx_word' id='word_1_75' title='bbox 509 1096 556 1130; x_wconf 92' lang='lat' dir='ltr'>et</span> <span class='ocrx_word' id='word_1_76' title='bbox 596 1086 719 1130; x_wconf 86' lang='lat' dir='ltr'>vrbe</span> <span class='ocrx_word' id='word_1_77' title='bbox 744 1085 949 1130; x_wconf 89' lang='lat' dir='ltr'>blelensi</span> <span class='ocrx_word' id='word_1_78' title='bbox 974 1086 1005 1141; x_wconf 69' lang='lat'>2,</span> <span class='ocrx_word' id='word_1_79' title='bbox 1034 1084 1144 1130; x_wconf 92' lang='lat' dir='ltr'>hinc</span> <span class='ocrx_word' id='word_1_80' title='bbox 1169 1094 1282 1130; x_wconf 86' lang='lat' dir='ltr'>octo</span> <span class='ocrx_word' id='word_1_81' title='bbox 1318 1086 1489 1131; x_wconf 91' lang='lat' dir='ltr'>dissita</span> <span class='ocrx_word' id='word_1_82' title='bbox 1512 1087 1664 1132; x_wconf 90' lang='lat' dir='ltr'>milia-</span> 
     </span>
     <span class='ocr_line' id='line_1_14' title="bbox 40 1161 1661 1220; baseline 0.001 -13"><span class='ocrx_word' id='word_1_83' title='bbox 40 1162 188 1219; x_wconf 88' lang='lat' dir='ltr'>ribus,</span> <span class='ocrx_word' id='word_1_84' title='bbox 215 1162 262 1207; x_wconf 93' lang='lat' dir='ltr'>in</span> <span class='ocrx_word' id='word_1_85' title='bbox 286 1163 462 1219; x_wconf 88' lang='lat' dir='ltr'>oppido</span> <span class='ocrx_word' id='word_1_86' title='bbox 497 1161 547 1207; x_wconf 82' lang='lat' dir='ltr'>S.</span> <span class='ocrx_word' id='word_1_87' title='bbox 586 1162 801 1207; x_wconf 73' lang='lat' dir='ltr'>Amandi</span> <span class='ocrx_word' id='word_1_88' title='bbox 835 1162 1028 1207; x_wconf 88' lang='lat' dir='ltr'>nomine</span> <span class='ocrx_word' id='word_1_89' title='bbox 1062 1162 1311 1219; x_wconf 86' lang='lat' dir='ltr'>insignito,</span> <span class='ocrx_word' id='word_1_90' title='bbox 1350 1163 1395 1207; x_wconf 92' lang='lat' dir='ltr'>in</span> <span class='ocrx_word' id='word_1_91' title='bbox 1431 1164 1661 1220; x_wconf 91' lang='lat' dir='ltr'>oppidulo</span> 
     </span>
     <span class='ocr_line' id='line_1_15' title="bbox 36 1239 1663 1298; baseline 0.002 -14"><span class='ocrx_word' id='word_1_92' title='bbox 36 1239 203 1284; x_wconf 88' lang='lat' dir='ltr'>Vsson</span> <span class='ocrx_word' id='word_1_93' title='bbox 228 1248 274 1284; x_wconf 92' lang='lat' dir='ltr'>et</span> <span class='ocrx_word' id='word_1_94' title='bbox 305 1239 491 1296; x_wconf 76' lang='lat' dir='ltr'>aliquot</span> <span class='ocrx_word' id='word_1_95' title='bbox 526 1240 666 1296; x_wconf 91' lang='lat' dir='ltr'>pagis</span> <span class='ocrx_word' id='word_1_96' title='bbox 701 1239 874 1285; x_wconf 88' lang='lat' dir='ltr'>vicinis</span> <span class='ocrx_word' id='word_1_97' title='bbox 908 1239 1167 1296; x_wconf 81' lang='lat' dir='ltr'>aliquoties</span> <span class='ocrx_word' id='word_1_98' title='bbox 1201 1240 1540 1298; x_wconf 78' lang='lat' dir='ltr'>concionatus,</span> <span class='ocrx_word' id='word_1_99' title='bbox 1579 1242 1663 1287; x_wconf 95' lang='lat' dir='ltr'>bo-</span> 
     </span>
     <span class='ocr_line' id='line_1_16' title="bbox 36 1315 1321 1374; baseline 0.002 -14"><span class='ocrx_word' id='word_1_100' title='bbox 36 1330 154 1361; x_wconf 76' lang='lat' dir='ltr'>num</span> <span class='ocrx_word' id='word_1_101' title='bbox 178 1315 362 1362; x_wconf 90' lang='lat' dir='ltr'>Christi</span> <span class='ocrx_word' id='word_1_102' title='bbox 387 1317 594 1362; x_wconf 77' lang='lat' dir='ltr'>odorem</span> <span class='ocrx_word' id='word_1_103' title='bbox 620 1317 759 1362; x_wconf 88' lang='lat' dir='ltr'>verbi</span> <span class='ocrx_word' id='word_1_104' title='bbox 785 1317 1070 1374; x_wconf 75' lang='lat' dir='ltr'>fragrantia</span> <span class='ocrx_word' id='word_1_105' title='bbox 1093 1318 1262 1373; x_wconf 78' lang='lat' dir='ltr'>sparsi</span> <span class='ocrx_word' id='word_1_106' title='bbox 1280 1324 1321 1362; x_wconf 62' lang='grc' dir='ltr'>ὃ.</span> 
     </span>
    </p>

    <p class='ocr_par' dir='ltr' id='par_1_6' title="bbox 38 1393 1663 1839">
     <span class='ocr_line' id='line_1_17' title="bbox 95 1393 1661 1452; baseline 0.002 -14"><span class='ocrx_word' id='word_1_107' title='bbox 95 1394 133 1438; x_wconf 84' lang='grc'>7.</span> <span class='ocrx_word' id='word_1_108' title='bbox 201 1393 497 1450; x_wconf 85' lang='lat' dir='ltr'>Importunis</span> <span class='ocrx_word' id='word_1_109' title='bbox 521 1395 751 1451; x_wconf 77' lang='lat' dir='ltr'>precibus</span> <span class='ocrx_word' id='word_1_110' title='bbox 790 1394 1060 1451; x_wconf 87' lang='lat' dir='ltr'>petentium</span> <span class='ocrx_word' id='word_1_111' title='bbox 1092 1395 1343 1452; x_wconf 89' lang='lat' dir='ltr'>refragari</span> <span class='ocrx_word' id='word_1_112' title='bbox 1378 1395 1507 1440; x_wconf 90' lang='lat' dir='ltr'>haud</span> <span class='ocrx_word' id='word_1_113' title='bbox 1543 1412 1661 1442; x_wconf 91' lang='lat' dir='ltr'>raro</span> 
     </span>
     <span class='ocr_line' id='line_1_18' title="bbox 38 1471 1658 1531; baseline 0.001 -14"><span class='ocrx_word' id='word_1_114' title='bbox 38 1471 276 1527; x_wconf 84' lang='lat' dir='ltr'>cogimur.</span> <span class='ocrx_word' id='word_1_115' title='bbox 319 1471 582 1516; x_wconf 77' lang='lat' dir='ltr'>Vocamur</span> <span class='ocrx_word' id='word_1_116' title='bbox 626 1472 840 1516; x_wconf 83' lang='lat' dir='ltr'>maxime</span> <span class='ocrx_word' id='word_1_117' title='bbox 877 1472 939 1517; x_wconf 87' lang='lat' dir='ltr'>ad</span> <span class='ocrx_word' id='word_1_118' title='bbox 979 1472 1280 1517; x_wconf 84' lang='lat' dir='ltr'>celebriores</span> <span class='ocrx_word' id='word_1_119' title='bbox 1320 1473 1658 1531; x_wconf 75' lang='lat' dir='ltr'>solennitates,</span> 
     </span>
     <span class='ocr_line' id='line_1_19' title="bbox 40 1548 1663 1605; baseline 0.002 -13"><span class='ocrx_word' id='word_1_120' title='bbox 40 1548 355 1593; x_wconf 84' lang='lat' dir='ltr'>sacerdotum</span> <span class='ocrx_word' id='word_1_121' title='bbox 395 1548 657 1605; x_wconf 82' lang='lat' dir='ltr'>primitias,</span> <span class='ocrx_word' id='word_1_122' title='bbox 705 1548 1090 1605; x_wconf 87' lang='lat' dir='ltr'>supplicationes</span> <span class='ocrx_word' id='word_1_123' title='bbox 1134 1549 1387 1605; x_wconf 69' lang='lat' dir='ltr'>solennes,</span> <span class='ocrx_word' id='word_1_124' title='bbox 1429 1549 1663 1597; x_wconf 73' lang='lat' dir='ltr'>funebres</span> 
     </span>
     <span class='ocr_line' id='line_1_20' title="bbox 41 1625 1663 1682; baseline 0.002 -12"><span class='ocrx_word' id='word_1_125' title='bbox 41 1625 290 1681; x_wconf 84' lang='lat' dir='ltr'>exequias,</span> <span class='ocrx_word' id='word_1_126' title='bbox 317 1636 365 1670; x_wconf 92' lang='lat' dir='ltr'>et</span> <span class='ocrx_word' id='word_1_127' title='bbox 396 1626 439 1670; x_wconf 91' lang='lat' dir='ltr'>id</span> <span class='ocrx_word' id='word_1_128' title='bbox 471 1641 628 1682; x_wconf 85' lang='lat' dir='ltr'>genus</span> <span class='ocrx_word' id='word_1_129' title='bbox 662 1625 830 1681; x_wconf 86' lang='lat' dir='ltr'>ferias,</span> <span class='ocrx_word' id='word_1_130' title='bbox 862 1635 913 1670; x_wconf 88' lang='lat' dir='ltr'>vt</span> <span class='ocrx_word' id='word_1_131' title='bbox 938 1626 1232 1682; x_wconf 89' lang='lat' dir='ltr'>euangelico</span> <span class='ocrx_word' id='word_1_132' title='bbox 1267 1627 1539 1672; x_wconf 92' lang='lat' dir='ltr'>ministerio</span> <span class='ocrx_word' id='word_1_133' title='bbox 1575 1628 1663 1673; x_wconf 89' lang='lat' dir='ltr'>has</span> 
     </span>
     <span class='ocr_line' id='line_1_21' title="bbox 38 1701 1662 1761; baseline 0.002 -14"><span class='ocrx_word' id='word_1_134' title='bbox 38 1701 343 1749; x_wconf 89' lang='lat' dir='ltr'>decoremus.</span> <span class='ocrx_word' id='word_1_135' title='bbox 373 1703 516 1748; x_wconf 71' lang='lat' dir='ltr'>Certe</span> <span class='ocrx_word' id='word_1_136' title='bbox 540 1707 611 1748; x_wconf 79' lang='lat' dir='ltr'>tot</span> <span class='ocrx_word' id='word_1_137' title='bbox 632 1708 766 1755; x_wconf 74' lang='lat' dir='ltr'>vota,</span> <span class='ocrx_word' id='word_1_138' title='bbox 794 1707 866 1748; x_wconf 67' lang='lat' dir='ltr'>tot</span> <span class='ocrx_word' id='word_1_139' title='bbox 884 1709 1088 1760; x_wconf 71' lang='lat' dir='ltr'>preces,</span> <span class='ocrx_word' id='word_1_140' title='bbox 1117 1703 1391 1749; x_wconf 74' lang='lat' dir='ltr'>Societatl&#39;s</span> <span class='ocrx_word' id='word_1_141' title='bbox 1415 1705 1563 1761; x_wconf 73' lang='lat' dir='ltr'>apud</span> <span class='ocrx_word' id='word_1_142' title='bbox 1584 1720 1662 1750; x_wconf 75' lang='grc' dir='ltr'><em>(ιν-</em></span> 
     </span>
     <span class='ocr_line' id='line_1_22' title="bbox 38 1781 1263 1839; baseline 0.002 -16"><span class='ocrx_word' id='word_1_143' title='bbox 38 1781 451 1838; x_wconf 74' lang='lat' dir='ltr'>uernosfczmmn</span> <span class='ocrx_word' id='word_1_144' title='bbox 475 1781 747 1826; x_wconf 71' lang='lat' dir='ltr'>nobilitant</span> <span class='ocrx_word' id='word_1_145' title='bbox 769 1786 921 1838; x_wconf 73' lang='lat' dir='ltr'>atque</span> <span class='ocrx_word' id='word_1_146' title='bbox 940 1786 1263 1839; x_wconf 69' lang='lat' dir='ltr'>propagant.</span> 
     </span>
    </p>

    <p class='ocr_par' dir='ltr' id='par_1_7' title="bbox 0 1856 1662 2596">
     <span class='ocr_line' id='line_1_23' title="bbox 93 1856 1662 1906; baseline 0.003 -4"><span class='ocrx_word' id='word_1_147' title='bbox 93 1856 135 1903; x_wconf 82' lang='lat'>8.</span> <span class='ocrx_word' id='word_1_148' title='bbox 201 1857 344 1903; x_wconf 89' lang='lat' dir='ltr'>Nunc</span> <span class='ocrx_word' id='word_1_149' title='bbox 368 1858 430 1904; x_wconf 91' lang='lat' dir='ltr'>ad</span> <span class='ocrx_word' id='word_1_150' title='bbox 465 1868 895 1904; x_wconf 83' lang='lat' dir='ltr'>sacramentorum</span> <span class='ocrx_word' id='word_1_151' title='bbox 924 1859 1405 1904; x_wconf 81' lang='lat' dir='ltr'>administrationem</span> <span class='ocrx_word' id='word_1_152' title='bbox 1440 1870 1662 1906; x_wconf 90' lang='lat' dir='ltr'>transea-</span> 
     </span>
     <span class='ocr_line' id='line_1_24' title="bbox 26 1936 1660 1992; baseline 0.001 -11"><span class='ocrx_word' id='word_1_153' title='bbox 26 1943 156 1992; x_wconf 85' lang='lat' dir='ltr'>mus,</span> <span class='ocrx_word' id='word_1_154' title='bbox 193 1951 320 1992; x_wconf 92' lang='lat' dir='ltr'>quae</span> <span class='ocrx_word' id='word_1_155' title='bbox 359 1951 491 1981; x_wconf 90' lang='lat' dir='ltr'>noua</span> <span class='ocrx_word' id='word_1_156' title='bbox 525 1936 633 1980; x_wconf 90' lang='lat' dir='ltr'>luce</span> <span class='ocrx_word' id='word_1_157' title='bbox 668 1946 923 1991; x_wconf 84' lang='lat' dir='ltr'>stuporem</span> <span class='ocrx_word' id='word_1_158' title='bbox 957 1936 1184 1980; x_wconf 91' lang='lat' dir='ltr'>omnibus</span> <span class='ocrx_word' id='word_1_159' title='bbox 1219 1936 1485 1982; x_wconf 90' lang='lat' dir='ltr'>incutiente</span> <span class='ocrx_word' id='word_1_160' title='bbox 1520 1953 1660 1982; x_wconf 89' lang='lat' dir='ltr'>coru-</span> 
     </span>
     <span class='ocr_line' id='line_1_25' title="bbox 38 2011 1662 2070; baseline 0.001 -12"><span class='ocrx_word' id='word_1_161' title='bbox 38 2012 205 2058; x_wconf 76' lang='lat' dir='ltr'>scatb.</span> <span class='ocrx_word' id='word_1_162' title='bbox 244 2011 592 2057; x_wconf 89' lang='lat' dir='ltr'>Confitentium</span> <span class='ocrx_word' id='word_1_163' title='bbox 631 2023 679 2057; x_wconf 91' lang='lat' dir='ltr'>et</span> <span class='ocrx_word' id='word_1_164' title='bbox 712 2012 1007 2057; x_wconf 90' lang='lat' dir='ltr'>dominicum</span> <span class='ocrx_word' id='word_1_165' title='bbox 1049 2013 1209 2058; x_wconf 90' lang='lat' dir='ltr'>altare</span> <span class='ocrx_word' id='word_1_166' title='bbox 1244 2013 1662 2070; x_wconf 82' lang='lat' dir='ltr'>frequentantium</span> 
     </span>
     <span class='ocr_line' id='line_1_26' title="bbox 37 2088 1662 2146; baseline 0.002 -13"><span class='ocrx_word' id='word_1_167' title='bbox 37 2104 269 2134; x_wconf 89' lang='lat' dir='ltr'>numerus</span> <span class='ocrx_word' id='word_1_168' title='bbox 293 2089 454 2145; x_wconf 88' lang='lat' dir='ltr'>magis</span> <span class='ocrx_word' id='word_1_169' title='bbox 479 2089 736 2146; x_wconf 86' lang='lat' dir='ltr'>magisque</span> <span class='ocrx_word' id='word_1_170' title='bbox 761 2088 1021 2146; x_wconf 80' lang='lat' dir='ltr'>accrescit,</span> <span class='ocrx_word' id='word_1_171' title='bbox 1049 2099 1096 2134; x_wconf 92' lang='lat' dir='ltr'>et</span> <span class='ocrx_word' id='word_1_172' title='bbox 1120 2089 1258 2134; x_wconf 89' lang='lat' dir='ltr'>feriis</span> <span class='ocrx_word' id='word_1_173' title='bbox 1282 2091 1576 2146; x_wconf 89' lang='lat' dir='ltr'>capitalibus</span> <span class='ocrx_word' id='word_1_174' title='bbox 1599 2091 1662 2136; x_wconf 89' lang='lat' dir='ltr'>ad</span> 
     </span>
     <span class='ocr_line' id='line_1_27' title="bbox 0 2158 1661 2224; baseline 0.002 -14"><span class='ocrx_word' id='word_1_175' title='bbox 0 2204 2 2220; x_wconf 65' lang='lat'>,</span> <span class='ocrx_word' id='word_1_176' title='bbox 37 2165 356 2211; x_wconf 89' lang='lat' dir='ltr'>confessionis</span> <span class='ocrx_word' id='word_1_177' title='bbox 373 2165 629 2211; x_wconf 88' lang='lat' dir='ltr'>antidoton</span> <span class='ocrx_word' id='word_1_178' title='bbox 645 2158 981 2211; x_wconf 82' lang='lat' dir='ltr'>anhelantium</span> <span class='ocrx_word' id='word_1_179' title='bbox 998 2167 1145 2212; x_wconf 88' lang='lat' dir='ltr'>turba</span> <span class='ocrx_word' id='word_1_180' title='bbox 1166 2167 1438 2224; x_wconf 85' lang='lat' dir='ltr'>obruimur;</span> <span class='ocrx_word' id='word_1_181' title='bbox 1452 2184 1661 2224; x_wconf 89' lang='lat' dir='ltr'>quorum</span> 
     </span>
     <span class='ocr_line' id='line_1_28' title="bbox 0 2243 1659 2301; baseline 0.003 -15"><span class='ocrx_word' id='word_1_182' title='bbox 0 2263 1 2285; x_wconf 60' lang='grc' dir='ltr'>ι</span> <span class='ocrx_word' id='word_1_183' title='bbox 38 2243 320 2300; x_wconf 86' lang='lat' dir='ltr'>catalogum</span> <span class='ocrx_word' id='word_1_184' title='bbox 345 2258 609 2288; x_wconf 89' lang='lat' dir='ltr'>recensere</span> <span class='ocrx_word' id='word_1_185' title='bbox 633 2258 725 2288; x_wconf 92' lang='lat' dir='ltr'>nec</span> <span class='ocrx_word' id='word_1_186' title='bbox 758 2243 947 2289; x_wconf 89' lang='lat' dir='ltr'>tentaui</span> <span class='ocrx_word' id='word_1_187' title='bbox 971 2259 1063 2288; x_wconf 91' lang='lat' dir='ltr'>nec</span> <span class='ocrx_word' id='word_1_188' title='bbox 1097 2243 1244 2289; x_wconf 85' lang='lat' dir='ltr'>facile</span> <span class='ocrx_word' id='word_1_189' title='bbox 1269 2260 1480 2301; x_wconf 81' lang='lat' dir='ltr'>possem,</span> <span class='ocrx_word' id='word_1_190' title='bbox 1517 2246 1556 2290; x_wconf 88' lang='lat' dir='ltr'>si</span> <span class='ocrx_word' id='word_1_191' title='bbox 1582 2260 1659 2291; x_wconf 89' lang='lat' dir='ltr'>co-</span> 
     </span>
     <span class='ocr_line' id='line_1_29' title="bbox 0 2320 1659 2377; baseline 0.002 -13"><span class='ocrx_word' id='word_1_192' title='bbox 0 2346 1 2350; x_wconf 63' lang='lat'><em>=</em></span> <span class='ocrx_word' id='word_1_193' title='bbox 37 2334 201 2365; x_wconf 89' lang='lat' dir='ltr'>narer.</span> <span class='ocrx_word' id='word_1_194' title='bbox 229 2320 382 2365; x_wconf 91' lang='lat' dir='ltr'>Rdus.</span> <span class='ocrx_word' id='word_1_195' title='bbox 410 2320 723 2377; x_wconf 86' lang='lat' dir='ltr'>praepositus</span> <span class='ocrx_word' id='word_1_196' title='bbox 758 2320 1003 2377; x_wconf 86' lang='lat' dir='ltr'>Baptista,</span> <span class='ocrx_word' id='word_1_197' title='bbox 1041 2331 1282 2377; x_wconf 87' lang='lat' dir='ltr'>quatenus</span> <span class='ocrx_word' id='word_1_198' title='bbox 1308 2337 1396 2377; x_wconf 90' lang='lat' dir='ltr'>per</span> <span class='ocrx_word' id='word_1_199' title='bbox 1422 2322 1659 2367; x_wconf 85' lang='lat' dir='ltr'>valetudi-</span> 
     </span>
     <span class='ocr_line' id='line_1_30' title="bbox 0 2395 1657 2454; baseline 0.002 -14"><span class='ocrx_word' id='word_1_200' title='bbox 0 2427 1 2438; x_wconf 53' lang='grc'>,</span> <span class='ocrx_word' id='word_1_201' title='bbox 39 2395 230 2442; x_wconf 89' lang='lat' dir='ltr'>nariam</span> <span class='ocrx_word' id='word_1_202' title='bbox 255 2397 480 2453; x_wconf 90' lang='lat' dir='ltr'>corporis</span> <span class='ocrx_word' id='word_1_203' title='bbox 503 2397 679 2442; x_wconf 74' lang='lat' dir='ltr'>lwxz&#39;m</span> <span class='ocrx_word' id='word_1_204' title='bbox 710 2404 726 2424; x_wconf 70' lang='lat'><em>0</em></span> <span class='ocrx_word' id='word_1_205' title='bbox 750 2406 798 2442; x_wconf 90' lang='lat' dir='ltr'>et</span> <span class='ocrx_word' id='word_1_206' title='bbox 816 2397 1113 2443; x_wconf 88' lang='lat' dir='ltr'>domesticas</span> <span class='ocrx_word' id='word_1_207' title='bbox 1133 2408 1283 2454; x_wconf 91' lang='lat' dir='ltr'>atque</span> <span class='ocrx_word' id='word_1_208' title='bbox 1302 2398 1554 2444; x_wconf 82' lang='lat' dir='ltr'>extrarias</span> <span class='ocrx_word' id='word_1_209' title='bbox 1579 2414 1657 2444; x_wconf 88' lang='lat' dir='ltr'>oe-</span> 
     </span>
     <span class='ocr_line' id='line_1_31' title="bbox 0 2473 1659 2531; baseline 0.002 -15"><span class='ocrx_word' id='word_1_210' title='bbox 0 2487 3 2502; x_wconf 64' lang='lat'>=¹</span> <span class='ocrx_word' id='word_1_211' title='bbox 39 2473 322 2529; x_wconf 87' lang='lat' dir='ltr'>cupationes</span> <span class='ocrx_word' id='word_1_212' title='bbox 345 2473 478 2530; x_wconf 84' lang='lat' dir='ltr'>licet,</span> <span class='ocrx_word' id='word_1_213' title='bbox 505 2489 709 2530; x_wconf 90' lang='lat' dir='ltr'>operam</span> <span class='ocrx_word' id='word_1_214' title='bbox 733 2489 874 2519; x_wconf 89' lang='lat' dir='ltr'>suam</span> <span class='ocrx_word' id='word_1_215' title='bbox 898 2475 1152 2520; x_wconf 91' lang='lat' dir='ltr'>nobiscum</span> <span class='ocrx_word' id='word_1_216' title='bbox 1176 2475 1391 2531; x_wconf 88' lang='lat' dir='ltr'>partitur</span> <span class='ocrx_word' id='word_1_217' title='bbox 1416 2475 1461 2520; x_wconf 91' lang='lat' dir='ltr'>in</span> <span class='ocrx_word' id='word_1_218' title='bbox 1492 2490 1659 2521; x_wconf 90' lang='lat' dir='ltr'>sacra-</span> 
     </span>
     <span class='ocr_line' id='line_1_32' title="bbox 38 2549 1137 2596; baseline 0.001 -2"><span class='ocrx_word' id='word_1_219' title='bbox 38 2557 309 2594; x_wconf 90' lang='lat' dir='ltr'>mentorum</span> <span class='ocrx_word' id='word_1_220' title='bbox 332 2549 757 2596; x_wconf 87' lang='lat' dir='ltr'>administratione</span> <span class='ocrx_word' id='word_1_221' title='bbox 782 2551 910 2596; x_wconf 77' lang='lat' dir='ltr'>adeo</span> <span class='ocrx_word' id='word_1_222' title='bbox 935 2551 1106 2596; x_wconf 70' lang='lat' dir='ltr'>ardui.</span> <span class='ocrx_word' id='word_1_223' title='bbox 1128 2577 1137 2587; x_wconf 93' lang='lat'><em>-</em></span> 
     </span>
    </p>
   </div>
   <div class='ocr_carea' id='block_1_4' title="bbox 95 2626 1658 2685">
    <p class='ocr_par' dir='ltr' id='par_1_8' title="bbox 95 2626 1658 2685">
     <span class='ocr_line' id='line_1_33' title="bbox 95 2626 1658 2685; baseline 0.001 -13"><span class='ocrx_word' id='word_1_224' title='bbox 95 2626 137 2672; x_wconf 87' lang='lat'>9.</span> <span class='ocrx_word' id='word_1_225' title='bbox 204 2627 324 2672; x_wconf 89' lang='lat' dir='ltr'>Dns.</span> <span class='ocrx_word' id='word_1_226' title='bbox 362 2627 697 2684; x_wconf 90' lang='lat' dir='ltr'>Hieronymus</span> <span class='ocrx_word' id='word_1_227' title='bbox 730 2638 1086 2685; x_wconf 87' lang='lat' dir='ltr'>praeterquam</span> <span class='ocrx_word' id='word_1_228' title='bbox 1123 2629 1253 2685; x_wconf 92' lang='lat' dir='ltr'>quod</span> <span class='ocrx_word' id='word_1_229' title='bbox 1288 2629 1537 2674; x_wconf 89' lang='lat' dir='ltr'>mensibus</span> <span class='ocrx_word' id='word_1_230' title='bbox 1567 2629 1658 2675; x_wconf 91' lang='lat' dir='ltr'>sin-</span> 
     </span>
    </p>
   </div>
   <div class='ocr_carea' id='block_1_5' title="bbox 42 2721 314 2728">
    <p class='ocr_par' dir='ltr' id='par_1_9' title="bbox 42 2721 314 2728">
     <span class='ocr_line' id='line_1_34' title="bbox 42 2721 314 2728; baseline 0 709"><span class='ocrx_word' id='word_1_231' title='bbox 42 2721 314 2728; x_wconf 95' lang='lat' dir='ltr'> </span> 
     </span>
    </p>
   </div>
   <div class='ocr_carea' id='block_1_6' title="bbox 39 2763 1661 2861">
    <p class='ocr_par' dir='ltr' id='par_1_10' title="bbox 39 2763 1661 2861">
     <span class='ocr_line' id='line_1_35' title="bbox 84 2763 1661 2812; baseline 0.001 -11"><span class='ocrx_word' id='word_1_232' title='bbox 84 2769 102 2791; x_wconf 70' lang='lat' dir='ltr'>a</span> <span class='ocrx_word' id='word_1_233' title='bbox 167 2764 287 2801; x_wconf 87' lang='lat' dir='ltr'>etiam</span> <span class='ocrx_word' id='word_1_234' title='bbox 307 2764 564 2801; x_wconf 86' lang='lat' dir='ltr'>concionatus</span> <span class='ocrx_word' id='word_1_235' title='bbox 582 2776 685 2810; x_wconf 89' lang='lat' dir='ltr'>sum,</span> <span class='ocrx_word' id='word_1_236' title='bbox 702 2769 743 2800; x_wconf 89' lang='lat' dir='ltr'>et</span> <span class='ocrx_word' id='word_1_237' title='bbox 755 2763 883 2801; x_wconf 89' lang='lat' dir='ltr'>bonus</span> <span class='ocrx_word' id='word_1_238' title='bbox 904 2763 1055 2801; x_wconf 85' lang='lat' dir='ltr'>Christi</span> <span class='ocrx_word' id='word_1_239' title='bbox 1071 2765 1167 2801; x_wconf 91' lang='lat' dir='ltr'>odor</span> <span class='ocrx_word' id='word_1_240' title='bbox 1182 2763 1294 2800; x_wconf 87' lang='lat' dir='ltr'>verbi</span> <span class='ocrx_word' id='word_1_241' title='bbox 1312 2763 1536 2810; x_wconf 85' lang='lat' dir='ltr'>fragrantia</span> <span class='ocrx_word' id='word_1_242' title='bbox 1551 2777 1661 2812; x_wconf 88' lang='lat' dir='ltr'>spar-</span> 
     </span>
     <span class='ocr_line' id='line_1_36' title="bbox 39 2819 1262 2861; baseline 0.001 -2"><span class='ocrx_word' id='word_1_243' title='bbox 39 2832 104 2859; x_wconf 90' lang='lat' dir='ltr'>sus</span> <span class='ocrx_word' id='word_1_244' title='bbox 121 2828 194 2859; x_wconf 88' lang='lat' dir='ltr'>est.</span> <span class='ocrx_word' id='word_1_245' title='bbox 245 2819 313 2851; x_wconf 49' lang='lat' dir='ltr'>—&#39;—b</span> <span class='ocrx_word' id='word_1_246' title='bbox 375 2835 589 2860; x_wconf 85' lang='lat' dir='ltr'>coruscare</span> <span class='ocrx_word' id='word_1_247' title='bbox 609 2823 782 2861; x_wconf 89' lang='lat' dir='ltr'>videtur.</span> <span class='ocrx_word' id='word_1_248' title='bbox 843 2831 906 2851; x_wconf 73' lang='lat' dir='ltr'>-c</span> <span class='ocrx_word' id='word_1_249' title='bbox 974 2824 1262 2861; x_wconf 84' lang='lat' dir='ltr'>habitudinem.</span> 
     </span>
    </p>
   </div>
   <div class='ocr_carea' id='block_1_7' title="bbox 40 2905 316 2913">
    <p class='ocr_par' dir='ltr' id='par_1_11' title="bbox 40 2905 316 2913">
     <span class='ocr_line' id='line_1_37' title="bbox 40 2905 316 2913; baseline 0 524"><span class='ocrx_word' id='word_1_250' title='bbox 40 2905 316 2913; x_wconf 95' lang='lat' dir='ltr'> </span> 
     </span>
    </p>
   </div>
   <div class='ocr_carea' id='block_1_8' title="bbox 86 2947 734 3060">
    <p class='ocr_par' dir='ltr' id='par_1_12' title="bbox 86 2947 734 3060">
     <span class='ocr_line' id='line_1_38' title="bbox 86 2947 734 3001; baseline 0.003 -13"><span class='ocrx_word' id='word_1_251' title='bbox 86 2951 97 2971; x_wconf 90' lang='lat'>¹</span> <span class='ocrx_word' id='word_1_252' title='bbox 146 2951 291 2990; x_wconf 89' lang='lat' dir='ltr'>Incolis</span> <span class='ocrx_word' id='word_1_253' title='bbox 309 2947 440 3000; x_wconf 84' lang='lat' dir='ltr'>oppidi</span> <span class='ocrx_word' id='word_1_254' title='bbox 459 2953 734 3001; x_wconf 88' lang='lat' dir='ltr'>Aigueperse.</span> 
     </span>
     <span class='ocr_line' id='line_1_39' title="bbox 86 3009 639 3060; baseline 0.004 -13"><span class='ocrx_word' id='word_1_255' title='bbox 86 3009 100 3030; x_wconf 77' lang='lat'>²</span> <span class='ocrx_word' id='word_1_256' title='bbox 146 3009 284 3048; x_wconf 89' lang='lat' dir='ltr'>Blesle</span> <span class='ocrx_word' id='word_1_257' title='bbox 304 3025 426 3060; x_wconf 89' lang='lat' dir='ltr'>prope</span> <span class='ocrx_word' id='word_1_258' title='bbox 449 3011 639 3049; x_wconf 89' lang='lat' dir='ltr'>Brioude.</span> 
     </span>
    </p>
   </div>
  </div>
 </body>
</html>
