<?xml version="1.0" encoding="UTF-8"?>
<!DOCTYPE html PUBLIC "-//W3C//DTD XHTML 1.0 Transitional//EN"
    "http://www.w3.org/TR/xhtml1/DTD/xhtml1-transitional.dtd">
<html xmlns="http://www.w3.org/1999/xhtml" xml:lang="en" lang="en">
 <head>
  <title>
</title>
<meta http-equiv="Content-Type" content="text/html;charset=utf-8" />
  <meta name='ocr-system' content='tesseract 3.04.00' />
  <meta name='ocr-capabilities' content='ocr_page ocr_carea ocr_par ocr_line ocrx_word'/>
</head>
<body>
  <div class='ocr_page' id='page_1' title='image "./litteraequadrime1705lain_0078.png"; bbox 0 0 2043 3467; ppageno 0'>
   <div class='ocr_carea' id='block_1_1' title="bbox 372 249 1441 295">
    <p class='ocr_par' dir='ltr' id='par_1_1' title="bbox 372 249 1441 295">
     <span class='ocr_line' id='line_1_1' title="bbox 372 249 1441 295; baseline -0.004 -6"><span class='ocrx_word' id='word_1_1' title='bbox 372 251 418 289; x_wconf 85' lang='grc'>48</span> <span class='ocrx_word' id='word_1_2' title='bbox 838 250 1058 287; x_wconf 78' lang='lat' dir='ltr'>LITTERAE</span> <span class='ocrx_word' id='word_1_3' title='bbox 1085 249 1441 295; x_wconf 74' lang='lat' dir='ltr'>QUADRnuESTREs</span> 
     </span>
    </p>
   </div>
   <div class='ocr_carea' id='block_1_2' title="bbox 325 343 2002 1775">
    <p class='ocr_par' dir='ltr' id='par_1_2' title="bbox 325 343 1954 546">
     <span class='ocr_line' id='line_1_2' title="bbox 325 343 1953 402; baseline -0.002 -10"><span class='ocrx_word' id='word_1_4' title='bbox 325 347 484 393; x_wconf 90' lang='lat' dir='ltr'>tiones</span> <span class='ocrx_word' id='word_1_5' title='bbox 507 349 527 367; x_wconf 58' lang='grc' dir='ltr'>θ’</span> <span class='ocrx_word' id='word_1_6' title='bbox 551 362 580 391; x_wconf 84' lang='lat' dir='ltr'>a</span> <span class='ocrx_word' id='word_1_7' title='bbox 605 346 785 391; x_wconf 88' lang='lat' dir='ltr'>nostris</span> <span class='ocrx_word' id='word_1_8' title='bbox 810 345 1057 402; x_wconf 82' lang='lat' dir='ltr'>discipulis</span> <span class='ocrx_word' id='word_1_9' title='bbox 1090 346 1364 391; x_wconf 88' lang='lat' dir='ltr'>studiorum</span> <span class='ocrx_word' id='word_1_10' title='bbox 1397 346 1532 390; x_wconf 92' lang='lat' dir='ltr'>initio</span> <span class='ocrx_word' id='word_1_11' title='bbox 1571 354 1683 401; x_wconf 87' lang='lat' dir='ltr'>post</span> <span class='ocrx_word' id='word_1_12' title='bbox 1721 343 1953 389; x_wconf 89' lang='lat' dir='ltr'>calendas</span> 
     </span>
     <span class='ocr_line' id='line_1_3' title="bbox 327 420 1954 479; baseline -0.003 -10"><span class='ocrx_word' id='word_1_13' title='bbox 327 423 623 469; x_wconf 90' lang='lat' dir='ltr'>Nouembris</span> <span class='ocrx_word' id='word_1_14' title='bbox 648 421 841 479; x_wconf 89' lang='lat' dir='ltr'>publice</span> <span class='ocrx_word' id='word_1_15' title='bbox 865 422 1065 468; x_wconf 91' lang='lat' dir='ltr'>habitae</span> <span class='ocrx_word' id='word_1_16' title='bbox 1088 433 1214 479; x_wconf 88' lang='lat' dir='ltr'>sunt,</span> <span class='ocrx_word' id='word_1_17' title='bbox 1253 429 1298 468; x_wconf 88' lang='lat' dir='ltr'>et</span> <span class='ocrx_word' id='word_1_18' title='bbox 1323 422 1566 478; x_wconf 79' lang='lat' dir='ltr'>quaedam</span> <span class='ocrx_word' id='word_1_19' title='bbox 1591 422 1706 466; x_wconf 89' lang='lat' dir='ltr'>item</span> <span class='ocrx_word' id='word_1_20' title='bbox 1731 420 1954 465; x_wconf 91' lang='lat' dir='ltr'>carmina</span> 
     </span>
     <span class='ocr_line' id='line_1_4' title="bbox 326 501 555 546; baseline -0.004 -1"><span class='ocrx_word' id='word_1_21' title='bbox 326 501 555 546; x_wconf 86' lang='lat' dir='ltr'>recitata.</span> 
     </span>
    </p>

    <p class='ocr_par' dir='ltr' id='par_1_3' title="bbox 326 574 1956 1006">
     <span class='ocr_line' id='line_1_5' title="bbox 384 574 1951 632; baseline -0.003 -9"><span class='ocrx_word' id='word_1_22' title='bbox 384 578 426 623; x_wconf 75' lang='lat'>3.</span> <span class='ocrx_word' id='word_1_23' title='bbox 493 576 614 621; x_wconf 86' lang='lat' dir='ltr'>Heri</span> <span class='ocrx_word' id='word_1_24' title='bbox 640 586 805 621; x_wconf 91' lang='lat' dir='ltr'>autem</span> <span class='ocrx_word' id='word_1_25' title='bbox 831 575 977 632; x_wconf 89' lang='lat' dir='ltr'>(quod</span> <span class='ocrx_word' id='word_1_26' title='bbox 1001 576 1093 621; x_wconf 95' lang='lat' dir='ltr'>hoc</span> <span class='ocrx_word' id='word_1_27' title='bbox 1112 576 1221 621; x_wconf 93' lang='lat' dir='ltr'>loco</span> <span class='ocrx_word' id='word_1_28' title='bbox 1241 575 1498 621; x_wconf 90' lang='lat' dir='ltr'>dicendum</span> <span class='ocrx_word' id='word_1_29' title='bbox 1518 574 1730 631; x_wconf 88' lang='lat' dir='ltr'>uidetur)</span> <span class='ocrx_word' id='word_1_30' title='bbox 1755 589 1784 619; x_wconf 93' lang='lat' dir='ltr'>a</span> <span class='ocrx_word' id='word_1_31' title='bbox 1809 589 1951 630; x_wconf 91' lang='lat' dir='ltr'>pran-</span> 
     </span>
     <span class='ocr_line' id='line_1_6' title="bbox 326 650 1951 709; baseline -0.002 -11"><span class='ocrx_word' id='word_1_32' title='bbox 326 653 404 698; x_wconf 91' lang='lat' dir='ltr'>dio</span> <span class='ocrx_word' id='word_1_33' title='bbox 430 653 589 698; x_wconf 79' lang='lat' dir='ltr'>frater</span> <span class='ocrx_word' id='word_1_34' title='bbox 611 661 780 697; x_wconf 89' lang='lat' dir='ltr'>noster</span> <span class='ocrx_word' id='word_1_35' title='bbox 804 652 1042 709; x_wconf 80' lang='lat' dir='ltr'>magister</span> <span class='ocrx_word' id='word_1_36' title='bbox 1066 652 1365 698; x_wconf 84' lang='lat' dir='ltr'>Franciscus</span> <span class='ocrx_word' id='word_1_37' title='bbox 1385 654 1395 676; x_wconf 80' lang='lat'>¹</span> <span class='ocrx_word' id='word_1_38' title='bbox 1418 652 1465 697; x_wconf 92' lang='lat' dir='ltr'>in</span> <span class='ocrx_word' id='word_1_39' title='bbox 1490 652 1649 696; x_wconf 91' lang='lat' dir='ltr'>classe</span> <span class='ocrx_word' id='word_1_40' title='bbox 1673 650 1951 695; x_wconf 90' lang='lat' dir='ltr'>orationem</span> 
     </span>
     <span class='ocr_line' id='line_1_7' title="bbox 327 727 1955 785; baseline -0.003 -9"><span class='ocrx_word' id='word_1_41' title='bbox 327 730 447 776; x_wconf 89' lang='lat' dir='ltr'>satis</span> <span class='ocrx_word' id='word_1_42' title='bbox 472 744 735 775; x_wconf 74' lang='lat' dir='ltr'>excussam</span> <span class='ocrx_word' id='word_1_43' title='bbox 767 729 931 785; x_wconf 92' lang='lat' dir='ltr'>palam</span> <span class='ocrx_word' id='word_1_44' title='bbox 965 730 1312 785; x_wconf 89' lang='lat' dir='ltr'>pronunciauit</span> <span class='ocrx_word' id='word_1_45' title='bbox 1345 745 1457 774; x_wconf 90' lang='lat' dir='ltr'>cum</span> <span class='ocrx_word' id='word_1_46' title='bbox 1492 728 1708 773; x_wconf 90' lang='lat' dir='ltr'>maxima</span> <span class='ocrx_word' id='word_1_47' title='bbox 1742 727 1955 772; x_wconf 90' lang='lat' dir='ltr'>omnium</span> 
     </span>
     <span class='ocr_line' id='line_1_8' title="bbox 328 803 1955 863; baseline -0.002 -11"><span class='ocrx_word' id='word_1_48' title='bbox 328 806 609 852; x_wconf 90' lang='lat' dir='ltr'>auditorum</span> <span class='ocrx_word' id='word_1_49' title='bbox 648 805 1024 863; x_wconf 66' lang='lat' dir='ltr'>approbatione,</span> <span class='ocrx_word' id='word_1_50' title='bbox 1066 821 1274 863; x_wconf 89' lang='lat' dir='ltr'>eumque</span> <span class='ocrx_word' id='word_1_51' title='bbox 1315 806 1409 851; x_wconf 89' lang='lat' dir='ltr'>duo</span> <span class='ocrx_word' id='word_1_52' title='bbox 1450 805 1587 862; x_wconf 86' lang='lat' dir='ltr'>pueri</span> <span class='ocrx_word' id='word_1_53' title='bbox 1627 804 1706 860; x_wconf 91' lang='lat' dir='ltr'>qui</span> <span class='ocrx_word' id='word_1_54' title='bbox 1745 819 1774 848; x_wconf 89' lang='lat' dir='ltr'>a</span> <span class='ocrx_word' id='word_1_55' title='bbox 1817 803 1955 848; x_wconf 92' lang='lat' dir='ltr'>nobis</span> 
     </span>
     <span class='ocr_line' id='line_1_9' title="bbox 328 880 1956 944; baseline -0.002 -15"><span class='ocrx_word' id='word_1_56' title='bbox 328 884 633 939; x_wconf 90' lang='lat' dir='ltr'>erudiuntur,</span> <span class='ocrx_word' id='word_1_57' title='bbox 676 882 968 944; x_wconf 85' lang='lat' dir='ltr'>quibusdam</span> <span class='ocrx_word' id='word_1_58' title='bbox 1007 882 1310 928; x_wconf 79' lang='lat' dir='ltr'>carminibus</span> <span class='ocrx_word' id='word_1_59' title='bbox 1348 898 1443 928; x_wconf 90' lang='lat' dir='ltr'>non</span> <span class='ocrx_word' id='word_1_60' title='bbox 1486 882 1649 938; x_wconf 89' lang='lat' dir='ltr'>inepte</span> <span class='ocrx_word' id='word_1_61' title='bbox 1693 889 1805 925; x_wconf 91' lang='lat' dir='ltr'>sunt</span> <span class='ocrx_word' id='word_1_62' title='bbox 1847 880 1956 925; x_wconf 91' lang='lat' dir='ltr'>sub-</span> 
     </span>
     <span class='ocr_line' id='line_1_10' title="bbox 329 950 501 1006; baseline -0.006 0"><span class='ocrx_word' id='word_1_63' title='bbox 329 950 501 1006; x_wconf 87' lang='lat' dir='ltr'>secuti.</span> 
     </span>
    </p>

    <p class='ocr_par' dir='ltr' id='par_1_4' title="bbox 328 1035 2002 1698">
     <span class='ocr_line' id='line_1_11' title="bbox 386 1035 1956 1083; baseline -0.001 -1"><span class='ocrx_word' id='word_1_64' title='bbox 386 1039 443 1083; x_wconf 55' lang='lat' dir='ltr'>al.-</span> <span class='ocrx_word' id='word_1_65' title='bbox 495 1037 571 1082; x_wconf 91' lang='lat' dir='ltr'>De</span> <span class='ocrx_word' id='word_1_66' title='bbox 597 1037 777 1082; x_wconf 91' lang='lat' dir='ltr'>ceteris</span> <span class='ocrx_word' id='word_1_67' title='bbox 801 1035 928 1081; x_wconf 88' lang='lat' dir='ltr'>Rda.</span> <span class='ocrx_word' id='word_1_68' title='bbox 957 1036 1240 1082; x_wconf 83' lang='lat' dir='ltr'>Paternitas</span> <span class='ocrx_word' id='word_1_69' title='bbox 1269 1046 1354 1081; x_wconf 90' lang='lat' dir='ltr'>tua</span> <span class='ocrx_word' id='word_1_70' title='bbox 1388 1037 1455 1081; x_wconf 86' lang='lat' dir='ltr'>ita</span> <span class='ocrx_word' id='word_1_71' title='bbox 1490 1037 1687 1082; x_wconf 88' lang='lat' dir='ltr'>habeat:</span> <span class='ocrx_word' id='word_1_72' title='bbox 1726 1036 1956 1082; x_wconf 88' lang='lat' dir='ltr'>confiten-</span> 
     </span>
     <span class='ocr_line' id='line_1_12' title="bbox 328 1113 1958 1169; baseline -0.001 -9"><span class='ocrx_word' id='word_1_73' title='bbox 328 1115 448 1160; x_wconf 84' lang='lat' dir='ltr'>tium</span> <span class='ocrx_word' id='word_1_74' title='bbox 483 1123 531 1159; x_wconf 90' lang='lat' dir='ltr'>et</span> <span class='ocrx_word' id='word_1_75' title='bbox 572 1113 1040 1159; x_wconf 81' lang='lat' dir='ltr'>communicantium</span> <span class='ocrx_word' id='word_1_76' title='bbox 1077 1114 1275 1159; x_wconf 83' lang='lat' dir='ltr'>turbam</span> <span class='ocrx_word' id='word_1_77' title='bbox 1315 1114 1583 1158; x_wconf 82' lang='lat' dir='ltr'>maximam</span> <span class='ocrx_word' id='word_1_78' title='bbox 1624 1114 1686 1159; x_wconf 89' lang='lat' dir='ltr'>ad</span> <span class='ocrx_word' id='word_1_79' title='bbox 1726 1113 1958 1169; x_wconf 91' lang='lat' dir='ltr'>templum</span> 
     </span>
     <span class='ocr_line' id='line_1_13' title="bbox 329 1191 2002 1248; baseline -0.001 -11"><span class='ocrx_word' id='word_1_80' title='bbox 329 1201 551 1237; x_wconf 87' lang='lat' dir='ltr'>nostrum</span> <span class='ocrx_word' id='word_1_81' title='bbox 576 1191 843 1248; x_wconf 88' lang='lat' dir='ltr'>confluere;</span> <span class='ocrx_word' id='word_1_82' title='bbox 871 1200 920 1236; x_wconf 92' lang='lat' dir='ltr'>et</span> <span class='ocrx_word' id='word_1_83' title='bbox 942 1191 1016 1236; x_wconf 88' lang='lat' dir='ltr'>his</span> <span class='ocrx_word' id='word_1_84' title='bbox 1040 1191 1333 1246; x_wconf 89' lang='lat' dir='ltr'>praesertim</span> <span class='ocrx_word' id='word_1_85' title='bbox 1359 1191 1529 1236; x_wconf 91' lang='lat' dir='ltr'>diebus</span> <span class='ocrx_word' id='word_1_86' title='bbox 1564 1191 1701 1236; x_wconf 76' lang='lat' dir='ltr'>festis</span> <span class='ocrx_word' id='word_1_87' title='bbox 1735 1191 1958 1248; x_wconf 84' lang='lat' dir='ltr'>proxime</span> <span class='ocrx_word' id='word_1_88' title='bbox 1994 1238 2002 1245; x_wconf 67' lang='lat'><em>,</em></span> 
     </span>
     <span class='ocr_line' id='line_1_14' title="bbox 329 1267 1957 1324; baseline -0.001 -11"><span class='ocrx_word' id='word_1_89' title='bbox 329 1268 596 1314; x_wconf 87' lang='lat' dir='ltr'>transactis</span> <span class='ocrx_word' id='word_1_90' title='bbox 620 1267 688 1312; x_wconf 88' lang='lat' dir='ltr'>ita</span> <span class='ocrx_word' id='word_1_91' title='bbox 711 1267 1000 1312; x_wconf 85' lang='lat' dir='ltr'>sacerdotes</span> <span class='ocrx_word' id='word_1_92' title='bbox 1025 1282 1194 1312; x_wconf 91' lang='lat' dir='ltr'>omnes</span> <span class='ocrx_word' id='word_1_93' title='bbox 1218 1267 1374 1312; x_wconf 90' lang='lat' dir='ltr'>nostri</span> <span class='ocrx_word' id='word_1_94' title='bbox 1398 1267 1599 1313; x_wconf 76' lang='lat' dir='ltr'>fuerunt</span> <span class='ocrx_word' id='word_1_95' title='bbox 1623 1267 1867 1324; x_wconf 87' lang='lat' dir='ltr'>occupati,</span> <span class='ocrx_word' id='word_1_96' title='bbox 1905 1276 1957 1312; x_wconf 93' lang='lat' dir='ltr'>ut</span> 
     </span>
     <span class='ocr_line' id='line_1_15' title="bbox 330 1344 1958 1400; baseline -0.001 -10"><span class='ocrx_word' id='word_1_97' title='bbox 330 1346 413 1390; x_wconf 90' lang='lat' dir='ltr'>uix</span> <span class='ocrx_word' id='word_1_98' title='bbox 438 1345 611 1390; x_wconf 90' lang='lat' dir='ltr'>edendi</span> <span class='ocrx_word' id='word_1_99' title='bbox 635 1345 786 1390; x_wconf 91' lang='lat' dir='ltr'>otium</span> <span class='ocrx_word' id='word_1_100' title='bbox 816 1344 907 1389; x_wconf 91' lang='lat' dir='ltr'>illis</span> <span class='ocrx_word' id='word_1_101' title='bbox 941 1344 1357 1400; x_wconf 87' lang='lat' dir='ltr'>suppeditaretur;</span> <span class='ocrx_word' id='word_1_102' title='bbox 1394 1353 1682 1400; x_wconf 89' lang='lat' dir='ltr'>tantumque</span> <span class='ocrx_word' id='word_1_103' title='bbox 1717 1344 1873 1390; x_wconf 77' lang='lat' dir='ltr'>abfuit</span> <span class='ocrx_word' id='word_1_104' title='bbox 1907 1353 1958 1389; x_wconf 88' lang='lat' dir='ltr'>ut</span> 
     </span>
     <span class='ocr_line' id='line_1_16' title="bbox 330 1421 1957 1477; baseline -0.001 -10"><span class='ocrx_word' id='word_1_105' title='bbox 330 1438 470 1468; x_wconf 90' lang='lat' dir='ltr'>suam</span> <span class='ocrx_word' id='word_1_106' title='bbox 495 1422 720 1467; x_wconf 90' lang='lat' dir='ltr'>omnibus</span> <span class='ocrx_word' id='word_1_107' title='bbox 744 1421 1021 1477; x_wconf 91' lang='lat' dir='ltr'>petentibus</span> <span class='ocrx_word' id='word_1_108' title='bbox 1046 1436 1250 1477; x_wconf 86' lang='lat' dir='ltr'>operam</span> <span class='ocrx_word' id='word_1_109' title='bbox 1274 1430 1501 1477; x_wconf 89' lang='lat' dir='ltr'>prestare</span> <span class='ocrx_word' id='word_1_110' title='bbox 1520 1421 1784 1477; x_wconf 88' lang='lat' dir='ltr'>potuerint,</span> <span class='ocrx_word' id='word_1_111' title='bbox 1808 1430 1859 1466; x_wconf 94' lang='lat' dir='ltr'>ut</span> <span class='ocrx_word' id='word_1_112' title='bbox 1878 1421 1957 1466; x_wconf 95' lang='lat' dir='ltr'>uel</span> 
     </span>
     <span class='ocr_line' id='line_1_17' title="bbox 331 1497 1954 1554; baseline -0.001 -10"><span class='ocrx_word' id='word_1_113' title='bbox 331 1498 534 1544; x_wconf 90' lang='lat' dir='ltr'>totidem</span> <span class='ocrx_word' id='word_1_114' title='bbox 559 1498 639 1543; x_wconf 88' lang='lat' dir='ltr'>alii</span> <span class='ocrx_word' id='word_1_115' title='bbox 665 1497 879 1554; x_wconf 87' lang='lat' dir='ltr'>operarii</span> <span class='ocrx_word' id='word_1_116' title='bbox 904 1497 967 1542; x_wconf 89' lang='lat' dir='ltr'>ad</span> <span class='ocrx_word' id='word_1_117' title='bbox 1001 1506 1190 1543; x_wconf 87' lang='lat' dir='ltr'>tantam</span> <span class='ocrx_word' id='word_1_118' title='bbox 1226 1513 1454 1554; x_wconf 87' lang='lat' dir='ltr'>messem,</span> <span class='ocrx_word' id='word_1_119' title='bbox 1492 1513 1633 1554; x_wconf 84' lang='lat' dir='ltr'>quae,</span> <span class='ocrx_word' id='word_1_120' title='bbox 1671 1506 1773 1542; x_wconf 87' lang='lat' dir='ltr'>tum</span> <span class='ocrx_word' id='word_1_121' title='bbox 1807 1497 1954 1554; x_wconf 88' lang='lat' dir='ltr'>domi,</span> 
     </span>
     <span class='ocr_line' id='line_1_18' title="bbox 331 1575 1958 1632; baseline -0.001 -11"><span class='ocrx_word' id='word_1_122' title='bbox 331 1585 434 1622; x_wconf 89' lang='lat' dir='ltr'>tum</span> <span class='ocrx_word' id='word_1_123' title='bbox 468 1575 804 1632; x_wconf 88' lang='lat' dir='ltr'>compluribus</span> <span class='ocrx_word' id='word_1_124' title='bbox 838 1575 945 1620; x_wconf 88' lang='lat' dir='ltr'>aliis</span> <span class='ocrx_word' id='word_1_125' title='bbox 979 1575 1024 1619; x_wconf 91' lang='lat' dir='ltr'>in</span> <span class='ocrx_word' id='word_1_126' title='bbox 1060 1575 1194 1629; x_wconf 79' lang='lat' dir='ltr'>locis,</span> <span class='ocrx_word' id='word_1_127' title='bbox 1232 1590 1340 1620; x_wconf 89' lang='lat' dir='ltr'>sese</span> <span class='ocrx_word' id='word_1_128' title='bbox 1375 1575 1641 1632; x_wconf 74' lang='lat' dir='ltr'>offerebat,</span> <span class='ocrx_word' id='word_1_129' title='bbox 1678 1575 1862 1632; x_wconf 89' lang='lat' dir='ltr'>requiri</span> <span class='ocrx_word' id='word_1_130' title='bbox 1893 1575 1958 1620; x_wconf 92' lang='lat' dir='ltr'>ui-</span> 
     </span>
     <span class='ocr_line' id='line_1_19' title="bbox 332 1653 581 1698; baseline -0.004 0"><span class='ocrx_word' id='word_1_131' title='bbox 332 1653 581 1698; x_wconf 77' lang='lat' dir='ltr'>derentur‚</span> 
     </span>
    </p>

    <p class='ocr_par' dir='ltr' id='par_1_5' title="bbox 390 1728 1958 1775">
     <span class='ocr_line' id='line_1_20' title="bbox 390 1728 1958 1775; baseline 0 0"><span class='ocrx_word' id='word_1_132' title='bbox 390 1731 432 1775; x_wconf 83' lang='lat'>5.</span> <span class='ocrx_word' id='word_1_133' title='bbox 500 1729 711 1774; x_wconf 89' lang='lat' dir='ltr'>Demum</span> <span class='ocrx_word' id='word_1_134' title='bbox 751 1728 1079 1774; x_wconf 85' lang='lat' dir='ltr'>Reverendus</span> <span class='ocrx_word' id='word_1_135' title='bbox 1118 1729 1267 1774; x_wconf 84' lang='lat' dir='ltr'>Pater</span> <span class='ocrx_word' id='word_1_136' title='bbox 1312 1738 1480 1774; x_wconf 90' lang='lat' dir='ltr'>noster</span> <span class='ocrx_word' id='word_1_137' title='bbox 1523 1728 1784 1774; x_wconf 82' lang='lat' dir='ltr'>Salmeron</span> <span class='ocrx_word' id='word_1_138' title='bbox 1824 1730 1838 1754; x_wconf 69' lang='lat'>2</span> <span class='ocrx_word' id='word_1_139' title='bbox 1879 1729 1958 1775; x_wconf 93' lang='lat' dir='ltr'>diu</span> 
     </span>
    </p>
   </div>
   <div class='ocr_carea' id='block_1_3' title="bbox 334 1806 2027 1862">
    <p class='ocr_par' dir='ltr' id='par_1_6' title="bbox 334 1806 2027 1862">
     <span class='ocr_line' id='line_1_21' title="bbox 334 1806 2027 1862; baseline 0.001 -11"><span class='ocrx_word' id='word_1_140' title='bbox 334 1815 639 1862; x_wconf 83' lang='lat' dir='ltr'>expectatus,</span> <span class='ocrx_word' id='word_1_141' title='bbox 666 1821 761 1850; x_wconf 93' lang='lat' dir='ltr'>non</span> <span class='ocrx_word' id='word_1_142' title='bbox 785 1821 814 1850; x_wconf 93' lang='lat' dir='ltr'>a</span> <span class='ocrx_word' id='word_1_143' title='bbox 838 1806 976 1851; x_wconf 85' lang='lat' dir='ltr'>nobis</span> <span class='ocrx_word' id='word_1_144' title='bbox 1008 1815 1213 1862; x_wconf 84' lang='lat' dir='ltr'>tantum,</span> <span class='ocrx_word' id='word_1_145' title='bbox 1251 1807 1337 1851; x_wconf 89' lang='lat' dir='ltr'>sed</span> <span class='ocrx_word' id='word_1_146' title='bbox 1371 1822 1400 1851; x_wconf 89' lang='lat' dir='ltr'>a</span> <span class='ocrx_word' id='word_1_147' title='bbox 1435 1807 1807 1862; x_wconf 88' lang='lat' dir='ltr'>quamplurimis</span> <span class='ocrx_word' id='word_1_148' title='bbox 1842 1807 1960 1852; x_wconf 91' lang='lat' dir='ltr'>uiris</span> <span class='ocrx_word' id='word_1_149' title='bbox 2023 1843 2027 1846; x_wconf 90' lang='lat'>.</span> 
     </span>
    </p>
   </div>
   <div class='ocr_carea' id='block_1_4' title="bbox 333 1882 1963 2403">
    <p class='ocr_par' dir='ltr' id='par_1_7' title="bbox 333 1882 1963 2403">
     <span class='ocr_line' id='line_1_22' title="bbox 333 1882 1960 1939; baseline 0.001 -11"><span class='ocrx_word' id='word_1_150' title='bbox 333 1883 422 1939; x_wconf 89' lang='lat' dir='ltr'>piis</span> <span class='ocrx_word' id='word_1_151' title='bbox 446 1892 593 1939; x_wconf 89' lang='lat' dir='ltr'>atque</span> <span class='ocrx_word' id='word_1_152' title='bbox 617 1882 935 1938; x_wconf 89' lang='lat' dir='ltr'>optimatibus</span> <span class='ocrx_word' id='word_1_153' title='bbox 959 1882 1099 1927; x_wconf 90' lang='lat' dir='ltr'>huius</span> <span class='ocrx_word' id='word_1_154' title='bbox 1123 1882 1354 1936; x_wconf 87' lang='lat' dir='ltr'>ciuitatis,</span> <span class='ocrx_word' id='word_1_155' title='bbox 1382 1883 1480 1928; x_wconf 89' lang='lat' dir='ltr'>iam</span> <span class='ocrx_word' id='word_1_156' title='bbox 1505 1883 1683 1929; x_wconf 90' lang='lat' dir='ltr'>abhinc</span> <span class='ocrx_word' id='word_1_157' title='bbox 1705 1883 1812 1929; x_wconf 75' lang='lat' dir='ltr'>fere</span> <span class='ocrx_word' id='word_1_158' title='bbox 1831 1900 1960 1929; x_wconf 91' lang='lat' dir='ltr'>men-</span> 
     </span>
     <span class='ocr_line' id='line_1_23' title="bbox 333 1959 1963 2016; baseline 0.001 -11"><span class='ocrx_word' id='word_1_159' title='bbox 333 1976 436 2005; x_wconf 92' lang='lat' dir='ltr'>sem</span> <span class='ocrx_word' id='word_1_160' title='bbox 460 1960 609 2016; x_wconf 76' lang='lat' dir='ltr'>uenit,</span> <span class='ocrx_word' id='word_1_161' title='bbox 647 1960 784 2004; x_wconf 91' lang='lat' dir='ltr'>cuius</span> <span class='ocrx_word' id='word_1_162' title='bbox 819 1959 1010 2015; x_wconf 87' lang='lat' dir='ltr'>quidem</span> <span class='ocrx_word' id='word_1_163' title='bbox 1046 1959 1331 2015; x_wconf 87' lang='lat' dir='ltr'>praesentia</span> <span class='ocrx_word' id='word_1_164' title='bbox 1365 1960 1530 2005; x_wconf 91' lang='lat' dir='ltr'>omnia</span> <span class='ocrx_word' id='word_1_165' title='bbox 1563 1961 1703 2006; x_wconf 90' lang='lat' dir='ltr'>nobis</span> <span class='ocrx_word' id='word_1_166' title='bbox 1739 1961 1871 2006; x_wconf 89' lang='lat' dir='ltr'>laeta</span> <span class='ocrx_word' id='word_1_167' title='bbox 1903 1976 1963 2006; x_wconf 91' lang='lat' dir='ltr'>ac</span> 
     </span>
     <span class='ocr_line' id='line_1_24' title="bbox 333 2036 1961 2095; baseline -0.001 -12"><span class='ocrx_word' id='word_1_168' title='bbox 333 2038 529 2083; x_wconf 79' lang='lat' dir='ltr'>foelicia</span> <span class='ocrx_word' id='word_1_169' title='bbox 563 2036 807 2093; x_wconf 88' lang='lat' dir='ltr'>uidentur,</span> <span class='ocrx_word' id='word_1_170' title='bbox 844 2051 934 2081; x_wconf 89' lang='lat' dir='ltr'>nec</span> <span class='ocrx_word' id='word_1_171' title='bbox 970 2051 1081 2092; x_wconf 91' lang='lat' dir='ltr'>spes</span> <span class='ocrx_word' id='word_1_172' title='bbox 1115 2036 1315 2081; x_wconf 90' lang='lat' dir='ltr'>minima</span> <span class='ocrx_word' id='word_1_173' title='bbox 1349 2046 1423 2082; x_wconf 94' lang='lat' dir='ltr'>est</span> <span class='ocrx_word' id='word_1_174' title='bbox 1456 2036 1565 2082; x_wconf 73' lang='lat' dir='ltr'>fore</span> <span class='ocrx_word' id='word_1_175' title='bbox 1595 2047 1647 2083; x_wconf 87' lang='lat' dir='ltr'>ut</span> <span class='ocrx_word' id='word_1_176' title='bbox 1671 2037 1825 2095; x_wconf 87' lang='lat' dir='ltr'>breui,</span> <span class='ocrx_word' id='word_1_177' title='bbox 1852 2037 1961 2082; x_wconf 92' lang='lat' dir='ltr'>Deo</span> 
     </span>
     <span class='ocr_line' id='line_1_25' title="bbox 335 2114 1962 2172; baseline -0.001 -11"><span class='ocrx_word' id='word_1_178' title='bbox 335 2114 450 2172; x_wconf 89' lang='lat' dir='ltr'>Opt.</span> <span class='ocrx_word' id='word_1_179' title='bbox 478 2114 611 2159; x_wconf 86' lang='lat' dir='ltr'>Max.</span> <span class='ocrx_word' id='word_1_180' title='bbox 640 2114 964 2171; x_wconf 77' lang='lat' dir='ltr'>approbante,</span> <span class='ocrx_word' id='word_1_181' title='bbox 991 2129 1080 2169; x_wconf 88' lang='lat' dir='ltr'>per</span> <span class='ocrx_word' id='word_1_182' title='bbox 1104 2114 1261 2169; x_wconf 90' lang='lat' dir='ltr'>ipsum</span> <span class='ocrx_word' id='word_1_183' title='bbox 1291 2129 1371 2159; x_wconf 89' lang='lat' dir='ltr'>res</span> <span class='ocrx_word' id='word_1_184' title='bbox 1405 2123 1607 2160; x_wconf 89' lang='lat' dir='ltr'>nostrae</span> <span class='ocrx_word' id='word_1_185' title='bbox 1631 2114 1708 2160; x_wconf 91' lang='lat' dir='ltr'>hic</span> <span class='ocrx_word' id='word_1_186' title='bbox 1732 2130 1841 2160; x_wconf 93' lang='lat' dir='ltr'>eum</span> <span class='ocrx_word' id='word_1_187' title='bbox 1865 2123 1962 2159; x_wconf 88' lang='lat' dir='ltr'>sta-</span> 
     </span>
     <span class='ocr_line' id='line_1_26' title="bbox 334 2190 1961 2247; baseline 0 -10"><span class='ocrx_word' id='word_1_188' title='bbox 334 2201 437 2237; x_wconf 92' lang='lat' dir='ltr'>tum</span> <span class='ocrx_word' id='word_1_189' title='bbox 462 2191 730 2247; x_wconf 89' lang='lat' dir='ltr'>obtineant,</span> <span class='ocrx_word' id='word_1_190' title='bbox 758 2199 824 2247; x_wconf 89' lang='lat' dir='ltr'>ut,</span> <span class='ocrx_word' id='word_1_191' title='bbox 852 2199 899 2235; x_wconf 89' lang='lat' dir='ltr'>et</span> <span class='ocrx_word' id='word_1_192' title='bbox 922 2192 1104 2247; x_wconf 88' lang='lat' dir='ltr'>templo</span> <span class='ocrx_word' id='word_1_193' title='bbox 1139 2190 1438 2247; x_wconf 89' lang='lat' dir='ltr'>amplificato</span> <span class='ocrx_word' id='word_1_194' title='bbox 1473 2201 1522 2237; x_wconf 91' lang='lat' dir='ltr'>et</span> <span class='ocrx_word' id='word_1_195' title='bbox 1555 2192 1704 2237; x_wconf 89' lang='lat' dir='ltr'>rebus</span> <span class='ocrx_word' id='word_1_196' title='bbox 1738 2191 1961 2237; x_wconf 89' lang='lat' dir='ltr'>omnibus</span> 
     </span>
     <span class='ocr_line' id='line_1_27' title="bbox 335 2268 1962 2325; baseline 0 -11"><span class='ocrx_word' id='word_1_197' title='bbox 335 2270 381 2314; x_wconf 90' lang='lat' dir='ltr'>in</span> <span class='ocrx_word' id='word_1_198' title='bbox 406 2269 578 2314; x_wconf 89' lang='lat' dir='ltr'>melius</span> <span class='ocrx_word' id='word_1_199' title='bbox 598 2268 829 2324; x_wconf 86' lang='lat' dir='ltr'>redactis,</span> <span class='ocrx_word' id='word_1_200' title='bbox 852 2268 1158 2313; x_wconf 87' lang='lat' dir='ltr'>commodius</span> <span class='ocrx_word' id='word_1_201' title='bbox 1177 2277 1225 2314; x_wconf 92' lang='lat' dir='ltr'>et</span> <span class='ocrx_word' id='word_1_202' title='bbox 1243 2269 1420 2314; x_wconf 88' lang='lat' dir='ltr'>maiori</span> <span class='ocrx_word' id='word_1_203' title='bbox 1440 2284 1549 2314; x_wconf 90' lang='lat' dir='ltr'>cum</span> <span class='ocrx_word' id='word_1_204' title='bbox 1569 2269 1733 2315; x_wconf 78' lang='lat' dir='ltr'>fructu</span> <span class='ocrx_word' id='word_1_205' title='bbox 1751 2269 1962 2325; x_wconf 89' lang='lat' dir='ltr'>proximi</span> 
     </span>
     <span class='ocr_line' id='line_1_28' title="bbox 336 2344 1959 2403; baseline -0.001 -12"><span class='ocrx_word' id='word_1_206' title='bbox 336 2346 481 2392; x_wconf 91' lang='lat' dir='ltr'>saluti</span> <span class='ocrx_word' id='word_1_207' title='bbox 502 2345 803 2401; x_wconf 88' lang='lat' dir='ltr'>incumbere,</span> <span class='ocrx_word' id='word_1_208' title='bbox 823 2344 1134 2400; x_wconf 89' lang='lat' dir='ltr'>diuinamque</span> <span class='ocrx_word' id='word_1_209' title='bbox 1149 2345 1364 2401; x_wconf 84' lang='lat' dir='ltr'>gloriam</span> <span class='ocrx_word' id='word_1_210' title='bbox 1382 2361 1667 2403; x_wconf 86' lang='lat' dir='ltr'>propagare</span> <span class='ocrx_word' id='word_1_211' title='bbox 1687 2346 1959 2391; x_wconf 90' lang='lat' dir='ltr'>ualeamus.</span> 
     </span>
    </p>
   </div>
   <div class='ocr_carea' id='block_1_5' title="bbox 383 2500 814 2537">
    <p class='ocr_par' dir='ltr' id='par_1_8' title="bbox 383 2500 814 2537">
     <span class='ocr_line' id='line_1_29' title="bbox 383 2500 814 2537; baseline -0.002 0"><span class='ocrx_word' id='word_1_212' title='bbox 383 2501 402 2520; x_wconf 66' lang='lat' dir='ltr'>st</span> <span class='ocrx_word' id='word_1_213' title='bbox 452 2501 588 2537; x_wconf 75' lang='lat' dir='ltr'>Prius</span> <span class='ocrx_word' id='word_1_214' title='bbox 607 2500 814 2537; x_wconf 85' lang='lat' dir='ltr'>lectiones.</span> 
     </span>
    </p>
   </div>
   <div class='ocr_carea' id='block_1_6' title="bbox 337 2634 1964 3097">
    <p class='ocr_par' dir='ltr' id='par_1_9' title="bbox 337 2634 1963 2860">
     <span class='ocr_line' id='line_1_30' title="bbox 386 2634 1963 2682; baseline 0.001 -10"><span class='ocrx_word' id='word_1_215' title='bbox 386 2637 395 2656; x_wconf 83' lang='lat'>¹</span> <span class='ocrx_word' id='word_1_216' title='bbox 447 2636 493 2672; x_wconf 87' lang='lat' dir='ltr'>In</span> <span class='ocrx_word' id='word_1_217' title='bbox 511 2636 698 2682; x_wconf 84' lang='lat' dir='ltr'>catalogo</span> <span class='ocrx_word' id='word_1_218' title='bbox 717 2635 880 2681; x_wconf 83' lang='lat' dir='ltr'>collegii</span> <span class='ocrx_word' id='word_1_219' title='bbox 899 2634 1146 2681; x_wconf 85' lang='lat' dir='ltr'>neapolitani</span> <span class='ocrx_word' id='word_1_220' title='bbox 1166 2635 1259 2671; x_wconf 91' lang='lat' dir='ltr'>anni</span> <span class='ocrx_word' id='word_1_221' title='bbox 1289 2635 1380 2671; x_wconf 78' lang='lat'>1556</span> <span class='ocrx_word' id='word_1_222' title='bbox 1407 2635 1512 2672; x_wconf 87' lang='lat' dir='ltr'>inter</span> <span class='ocrx_word' id='word_1_223' title='bbox 1539 2637 1753 2682; x_wconf 86' lang='lat' dir='ltr'>magistros</span> <span class='ocrx_word' id='word_1_224' title='bbox 1779 2649 1963 2674; x_wconf 86' lang='lat' dir='ltr'>recense-</span> 
     </span>
     <span class='ocr_line' id='line_1_31' title="bbox 337 2694 1963 2742; baseline 0.001 -10"><span class='ocrx_word' id='word_1_225' title='bbox 337 2702 402 2732; x_wconf 91' lang='lat' dir='ltr'>tur</span> <span class='ocrx_word' id='word_1_226' title='bbox 424 2695 501 2732; x_wconf 84' lang='lat' dir='ltr'>«M.</span> <span class='ocrx_word' id='word_1_227' title='bbox 523 2695 776 2740; x_wconf 83' lang='lat' dir='ltr'>Franciscus,</span> <span class='ocrx_word' id='word_1_228' title='bbox 798 2696 993 2741; x_wconf 83' lang='lat' dir='ltr'>magister</span> <span class='ocrx_word' id='word_1_229' title='bbox 1010 2694 1086 2730; x_wconf 74' lang='lat' dir='ltr'>3‚ae</span> <span class='ocrx_word' id='word_1_230' title='bbox 1104 2694 1244 2730; x_wconf 88' lang='lat' dir='ltr'>classis</span> <span class='ocrx_word' id='word_1_231' title='bbox 1264 2700 1303 2731; x_wconf 90' lang='lat' dir='ltr'>et</span> <span class='ocrx_word' id='word_1_232' title='bbox 1331 2695 1622 2741; x_wconf 83' lang='lat' dir='ltr'>grammaticae</span> <span class='ocrx_word' id='word_1_233' title='bbox 1646 2708 1858 2742; x_wconf 79' lang='lat' dir='ltr'>graecae».</span> <span class='ocrx_word' id='word_1_234' title='bbox 1888 2696 1963 2734; x_wconf 91' lang='lat' dir='ltr'>Co-</span> 
     </span>
     <span class='ocr_line' id='line_1_32' title="bbox 338 2753 1959 2802; baseline 0.001 -11"><span class='ocrx_word' id='word_1_235' title='bbox 338 2767 513 2802; x_wconf 85' lang='lat' dir='ltr'>gnomen</span> <span class='ocrx_word' id='word_1_236' title='bbox 538 2754 746 2791; x_wconf 87' lang='lat' dir='ltr'>omittitur.</span> <span class='ocrx_word' id='word_1_237' title='bbox 774 2753 950 2790; x_wconf 87' lang='lat' dir='ltr'>Videtur</span> <span class='ocrx_word' id='word_1_238' title='bbox 974 2759 1111 2790; x_wconf 87' lang='lat' dir='ltr'>tamen</span> <span class='ocrx_word' id='word_1_239' title='bbox 1138 2754 1205 2800; x_wconf 88' lang='lat' dir='ltr'>agi</span> <span class='ocrx_word' id='word_1_240' title='bbox 1224 2754 1272 2790; x_wconf 90' lang='lat' dir='ltr'>de</span> <span class='ocrx_word' id='word_1_241' title='bbox 1292 2753 1510 2791; x_wconf 86' lang='lat' dir='ltr'>Francisco</span> <span class='ocrx_word' id='word_1_242' title='bbox 1530 2753 1709 2797; x_wconf 76' lang='lat' dir='ltr'>Onofrio,</span> <span class='ocrx_word' id='word_1_243' title='bbox 1731 2756 1959 2794; x_wconf 89' lang='lat' dir='ltr'>mutinensi.</span> 
     </span>
     <span class='ocr_line' id='line_1_33' title="bbox 341 2812 1096 2860; baseline -0.003 -9"><span class='ocrx_word' id='word_1_244' title='bbox 341 2814 402 2852; x_wconf 77' lang='lat' dir='ltr'>Cf.</span> <span class='ocrx_word' id='word_1_245' title='bbox 425 2814 562 2860; x_wconf 82' lang='lat' dir='ltr'>Epist.</span> <span class='ocrx_word' id='word_1_246' title='bbox 584 2814 636 2851; x_wconf 89' lang='lat' dir='ltr'>P.</span> <span class='ocrx_word' id='word_1_247' title='bbox 659 2813 943 2857; x_wconf 74' lang='lat' dir='ltr'>Salmerom‘s,</span> <span class='ocrx_word' id='word_1_248' title='bbox 964 2812 993 2858; x_wconf 88' lang='grc' dir='ltr'>Ι,</span> <span class='ocrx_word' id='word_1_249' title='bbox 1014 2812 1096 2849; x_wconf 79' lang='lat'><strong>303.</strong></span> 
     </span>
    </p>

    <p class='ocr_par' dir='ltr' id='par_1_10' title="bbox 339 2872 1964 3097">
     <span class='ocr_line' id='line_1_34' title="bbox 387 2872 1960 2920; baseline 0.001 -11"><span class='ocrx_word' id='word_1_250' title='bbox 387 2874 399 2893; x_wconf 78' lang='lat'><strong>²</strong></span> <span class='ocrx_word' id='word_1_251' title='bbox 448 2873 493 2910; x_wconf 84' lang='lat' dir='ltr'>P.</span> <span class='ocrx_word' id='word_1_252' title='bbox 521 2872 718 2909; x_wconf 76' lang='lat' dir='ltr'>Alfonsus</span> <span class='ocrx_word' id='word_1_253' title='bbox 745 2872 972 2917; x_wconf 84' lang='lat' dir='ltr'>Salmeron,</span> <span class='ocrx_word' id='word_1_254' title='bbox 1002 2872 1205 2919; x_wconf 86' lang='lat' dir='ltr'>hispanus,</span> <span class='ocrx_word' id='word_1_255' title='bbox 1235 2885 1338 2909; x_wconf 90' lang='lat' dir='ltr'>unus</span> <span class='ocrx_word' id='word_1_256' title='bbox 1365 2885 1386 2910; x_wconf 93' lang='lat' dir='ltr'>e</span> <span class='ocrx_word' id='word_1_257' title='bbox 1414 2873 1553 2910; x_wconf 88' lang='lat' dir='ltr'>decem</span> <span class='ocrx_word' id='word_1_258' title='bbox 1579 2873 1718 2920; x_wconf 88' lang='lat' dir='ltr'>primis</span> <span class='ocrx_word' id='word_1_259' title='bbox 1743 2874 1860 2911; x_wconf 88' lang='lat' dir='ltr'>sociis</span> <span class='ocrx_word' id='word_1_260' title='bbox 1887 2874 1960 2912; x_wconf 83' lang='lat' dir='ltr'>Sti.</span> 
     </span>
     <span class='ocr_line' id='line_1_35' title="bbox 339 2931 1963 2980; baseline 0.001 -11"><span class='ocrx_word' id='word_1_261' title='bbox 339 2933 499 2980; x_wconf 74' lang='lat' dir='ltr'>Ignatii,</span> <span class='ocrx_word' id='word_1_262' title='bbox 521 2932 684 2978; x_wconf 86' lang='lat' dir='ltr'>collegii</span> <span class='ocrx_word' id='word_1_263' title='bbox 702 2931 950 2979; x_wconf 85' lang='lat' dir='ltr'>neapolitani</span> <span class='ocrx_word' id='word_1_264' title='bbox 969 2931 1319 2978; x_wconf 82' lang='lat' dir='ltr'>superintendens,</span> <span class='ocrx_word' id='word_1_265' title='bbox 1341 2937 1428 2978; x_wconf 89' lang='lat' dir='ltr'>post</span> <span class='ocrx_word' id='word_1_266' title='bbox 1447 2933 1620 2969; x_wconf 88' lang='lat' dir='ltr'>reditum</span> <span class='ocrx_word' id='word_1_267' title='bbox 1640 2945 1661 2970; x_wconf 92' lang='lat' dir='ltr'>e</span> <span class='ocrx_word' id='word_1_268' title='bbox 1680 2933 1849 2970; x_wconf 88' lang='lat' dir='ltr'>Polonia</span> <span class='ocrx_word' id='word_1_269' title='bbox 1873 2934 1963 2971; x_wconf 90' lang='lat' dir='ltr'>mis-</span> 
     </span>
     <span class='ocr_line' id='line_1_36' title="bbox 340 2990 1964 3040; baseline 0 -11"><span class='ocrx_word' id='word_1_270' title='bbox 340 3005 406 3029; x_wconf 91' lang='lat' dir='ltr'>sus</span> <span class='ocrx_word' id='word_1_271' title='bbox 424 2991 556 3028; x_wconf 84' lang='lat' dir='ltr'>fuerat</span> <span class='ocrx_word' id='word_1_272' title='bbox 575 2991 832 3038; x_wconf 86' lang='lat' dir='ltr'>praecedenti</span> <span class='ocrx_word' id='word_1_273' title='bbox 852 3004 956 3027; x_wconf 86' lang='lat' dir='ltr'>anno</span> <span class='ocrx_word' id='word_1_274' title='bbox 975 3003 1065 3027; x_wconf 88' lang='lat' dir='ltr'>cum</span> <span class='ocrx_word' id='word_1_275' title='bbox 1080 2990 1276 3037; x_wconf 87' lang='lat' dir='ltr'>pontificis</span> <span class='ocrx_word' id='word_1_276' title='bbox 1292 2991 1428 3038; x_wconf 85' lang='lat' dir='ltr'>legato</span> <span class='ocrx_word' id='word_1_277' title='bbox 1444 2991 1483 3028; x_wconf 90' lang='lat' dir='ltr'>in</span> <span class='ocrx_word' id='word_1_278' title='bbox 1499 2992 1651 3028; x_wconf 87' lang='lat' dir='ltr'>curiam</span> <span class='ocrx_word' id='word_1_279' title='bbox 1666 2992 1775 3039; x_wconf 87' lang='lat' dir='ltr'>regis</span> <span class='ocrx_word' id='word_1_280' title='bbox 1790 2992 1964 3040; x_wconf 89' lang='lat' dir='ltr'>Philippi</span> 
     </span>
     <span class='ocr_line' id='line_1_37' title="bbox 340 3049 1366 3097; baseline -0.001 -10"><span class='ocrx_word' id='word_1_281' title='bbox 340 3051 380 3087; x_wconf 92' lang='lat' dir='ltr'>in</span> <span class='ocrx_word' id='word_1_282' title='bbox 399 3050 647 3087; x_wconf 87' lang='lat' dir='ltr'>Flandriam.</span> <span class='ocrx_word' id='word_1_283' title='bbox 672 3049 734 3087; x_wconf 79' lang='lat' dir='ltr'>Cf.</span> <span class='ocrx_word' id='word_1_284' title='bbox 756 3050 1000 3094; x_wconf 81' lang='lat' dir='ltr'>POLANCUM‚</span> <span class='ocrx_word' id='word_1_285' title='bbox 1022 3051 1095 3088; x_wconf 91' lang='lat' dir='ltr'>loc.</span> <span class='ocrx_word' id='word_1_286' title='bbox 1118 3049 1198 3092; x_wconf 62' lang='lat' dir='ltr'>cit„</span> <span class='ocrx_word' id='word_1_287' title='bbox 1218 3049 1261 3086; x_wconf 85' lang='lat'>21</span> <span class='ocrx_word' id='word_1_288' title='bbox 1282 3063 1366 3097; x_wconf 89' lang='lat' dir='ltr'>sqq.</span> 
     </span>
    </p>
   </div>
  </div>
 </body>
</html>
