1900 3380
514 236 810 276 723.„C01,ox11x
844 239 885 274 14
908 239 1019 285 ἣΙιἽᾸῑ
1049 239 1137 274 1337
1548 236 1618 272 200

97 338 139 384 0.
206 337 271 382 M.
300 336 546 381 Henricus
572 337 582 359 ¹
612 344 778 380 autem
803 350 893 391 pro
917 333 1088 379 eadem
1122 334 1430 389 promotione
1467 349 1665 389 respon-

40 415 169 461 debit
193 415 251 459 de
284 413 580 470 purgatorio
616 413 666 456 17
702 411 890 457 calend.
926 410 1157 466 Augusti.
1199 409 1421 454 psalmos
1457 426 1577 465 pene
1612 410 1668 453 40

42 490 300 550 praelegit,
327 489 488 546 coepit
512 505 633 534 uero
659 504 785 533 nunc
816 487 1073 544 epistolam
1102 488 1120 531 1
1148 485 1198 532 S.
1228 486 1377 542 Petri,
1406 486 1519 541 quia
1550 496 1667 530 tem-

40 583 130 626 pus
153 566 476 624 promotionis
500 566 718 611 instabat
742 565 876 621 (ante
907 580 1053 621 quam
1087 564 1350 609 absoluere
1386 572 1582 618 oportet
1623 572 1670 608 ct

41 645 164 691 Noui
190 643 499 689 Testamenti
527 643 741 698 librum),
769 642 1019 687 rediturus
1044 650 1153 697 post
1177 640 1237 685 ad
1266 640 1576 685 psalterium.

102 721 169 766 lO.
236 719 455 777 Singulis
480 719 768 776 septimanis
792 728 1007 775 quatuor
1030 734 1093 763 ex
1117 717 1328 774 collegio
1348 726 1519 762 nostro
1539 717 1670 762 theo-

41 798 212 854 logicis
251 797 496 842 intersunt
527 796 957 853 disputationibus:
996 804 1112 852 quot
1147 811 1209 840 ex
1244 795 1374 839 nullo
1410 794 1670 850 gymnasio

41 877 256 921 lectores
280 874 583 930 disputatum
610 873 826 918 ueniunt.
855 872 1027 929 Quare
1052 872 1267 927 theologi
1305 881 1352 916 et
1387 871 1573 916 caeteri
1611 872 1672 915 oh

40 952 85 998 id
109 966 197 996 nos
222 960 407 996 amant.
438 950 607 995 Vnum
631 950 709 995 hic
733 950 979 1000 adiiciam,
1008 949 1134 1005 quod
1162 949 1251 993 Dei
1289 964 1513 993 amorem
1550 964 1672 1004 erga

42 1028 343 1074 Societatem
370 1027 609 1072 declarat.
636 1026 969 1084 Quantumuis
994 1026 1059 1071 M.
1088 1026 1334 1071 chricus
1355 1037 1400 1070 et
1427 1025 1490 1070 M.
1520 1025 1672 1069 Fran-

42 1106 200 1152 ciscus
225 1114 413 1150 tantum
439 1105 515 1150 hic
542 1105 822 1149 habeantur
847 1103 1122 1149 bacalaurii
1164 1105 1195 1154 ²³„
1224 1114 1387 1148 tamen
1417 1104 1562 1157 longe
1592 1117 1672 1146 nu—

44 1182 285 1228 merosius
309 1181 608 1226 auditorium
636 1193 875 1238 perpetuo
900 1181 1084 1225 hahent
1109 1196 1253 1236 quam
1279 1179 1516 1224 ordinarii
1542 1179 1673 1223 theo-

44 1259 207 1316 logiae
232 1258 559 1315 professores.
589 1258 683 1314 Qui
720 1258 811 1302 uiri
846 1268 958 1302 sunt
993 1256 1258 1302 doctissimi
1296 1269 1342 1301 et
1377 1257 1502 1301 tales
1537 1266 1675 1300 certo

46 1337 214 1393 quales
240 1336 329 1380 hoc
357 1336 576 1380 seculum
602 1335 917 1391 professores
942 1334 1210 1385 desiderat,
1250 1335 1343 1379 hoc
1377 1342 1451 1378 est
1486 1333 1675 1389 lingua-

44 1429 150 1458 rum
181 1422 229 1458 et
262 1412 598 1469 philosophiae
633 1411 932 1468 peritissimi,
971 1421 1023 1456 vt
1058 1411 1192 1457 libris
1226 1411 1468 1456 hactenus
1502 1409 1677 1455 aeditis

45 1491 169 1536 alter
194 1506 366 1535 eorum
396 1489 515 1534 satis
551 1489 829 1534 declarauit
864 1490 896 1533 ².
934 1487 1033 1534 Sed
1068 1488 1206 1533 Deus
1240 1487 1545 1533 Societatem
1582 1502 1674 1531 non

48 1566 245 1613 deserit.

108 1644 174 1689 11.
242 1643 504 1700 Pergimus
529 1644 574 1688 in
600 1643 924 1689 concionibus
949 1643 1013 1687 M.
1043 1641 1290 1688 Heni-icus
1309 1651 1357 1687 et
1376 1657 1488 1698 ego.
1511 1641 1679 1698 Auge-

46 1730 125 1767 tur
169 1736 402 1766 numerus
442 1719 795 1766 confitentium:
839 1729 1116 1777 augeretur
1155 1720 1372 1765 fortasse
1417 1718 1596 1775 magis,
1637 1717 1678 1762 si

47 1798 230 1844 multae
253 1798 437 1844 similes
462 1807 627 1843 essent
653 1797 799 1843 uxori
825 1798 951 1843 illius
974 1797 1239 1849 senatoris,
1277 1797 1336 1842 de
1367 1812 1462 1853 quo
1497 1797 1542 1841 in
1578 1796 1677 1841 lite-

48 1877 115 1922 ris
152 1875 602 1933 quadrimestribus
632 1876 663 1920 ³.
700 1875 789 1921 Illa
825 1875 951 1921 enim
986 1875 1276 1931 frequenter
1309 1875 1371 1920 ad
1406 1873 1676 1919 confessio-

46 1969 156 2000 nem
180 1953 327 1999 mittit
346 1953 491 2008 filios,
511 1953 712 1999 adducit
732 1953 896 2007 filiam,
920 1953 1082 2010 coepit
1101 1962 1149 1998 et
1168 1953 1358 1998 uicinas
1378 1952 1441 1997 ad
1462 1951 1526 1996 M.
1550 1951 1680 1996 Hen-

48 2030 201 2076 ricum
234 2029 561 2076 confessionis
597 2030 766 2087 gratia
802 2031 1066 2076 deducere.
1103 2029 1154 2074 In
1190 2029 1320 2075 festo
1354 2029 1678 2074 Pentecostes

47 2117 145 2154 tam
167 2108 303 2153 multi
328 2108 541 2153 confessi
566 2118 692 2161 sunt,
724 2118 774 2153 vt
799 2124 886 2164 per
910 2117 1013 2153 tres
1039 2123 1162 2164 pene
1187 2107 1291 2152 dies
1316 2107 1380 2152 M.
1408 2106 1679 2151 Hem-icum

3 2185 5 2188 ’
47 2195 94 2232 et
116 2187 180 2231 M.
207 2186 538 2231 Franciscum
563 2196 833 2242 occupatos
859 2186 1121 2231 tenuerint.
1155 2184 1519 2242 Discipulorum
1539 2200 1679 2241 prae—

48 2272 186 2309 terea
209 2273 309 2309 tam
334 2263 472 2309 multi
498 2264 543 2309 in
564 2263 861 2320 parrrochia
880 2274 1051 2309 nostra
1071 2272 1451 2309 sacrosanctam
1471 2262 1681 2319 synaxin

51 2350 379 2398 sumpserunt,
418 2350 469 2386 ut
503 2341 649 2386 unica
684 2341 809 2386 haec
842 2341 1012 2386 schola
1051 2350 1206 2386 totam
1246 2340 1353 2386 fere
1392 2339 1680 2396 parochiam

51 2419 458 2464 communicando
485 2419 865 2475 adaequauerit.
893 2418 1038 2475 Nam,
1066 2434 1156 2475 pro
1181 2418 1341 2463 dolor!
1369 2417 1430 2462 ad
1466 2432 1681 2462 commu-

54 2496 245 2542 nionem
270 2496 412 2541 nimis
436 2496 568 2542 tardi
603 2506 714 2541 suut
749 2495 1082 2553 parrochiani.
1122 2495 1566 2541 Communicarunt
1600 2493 1682 2539 ibi-

98 2664 117 2683 a
166 2664 395 2701 baculaurii
418 2674 496 2700 ms.

101 2810 110 2828 ¹
162 2809 366 2846 Henricus
386 2808 621 2856 Dionysius.

100 2868 112 2887 ²
161 2867 363 2909 Alludere
384 2869 546 2906 videtur
564 2869 614 2906 ad
634 2869 834 2916 Joannem
853 2869 1067 2907 Slotanum
1096 2868 1348 2911 Gefsensem
1379 2866 1426 2903 O.
1457 2867 1501 2903 P.
1533 2867 1684 2903 theolo-

55 2927 145 2973 giae
164 2927 446 2975 professorem,
468 2934 508 2965 et
526 2929 705 2966 nobilem
725 2929 963 2976 scriptorem
996 2929 1120 2965 Alter
1134 2927 1364 2974 theologiae
1382 2925 1583 2973 professor
1598 2932 1685 2962 erat

57 2984 260 3024 Henricus
278 3001 302 3024 a
320 2987 540 3036 Tongeris.
569 2987 633 3025 Cf.
655 2988 846 3033 HANSEN,
868 2988 1133 3025 Rlzel'm'sclze
1150 2986 1351 3029 Aleten...‚
1371 2985 1540 3022 275-276.

102 3046 115 3065 ⁸
165 3046 272 3084 Vide
292 3060 428 3095 supra,
449 3060 544 3095 pag.
560 3038 647 3085 232.
