1909 3328
238 210 308 246 652
707 210 926 245 Ll's'sERAE
954 209 1310 253 QrADRIMEsTREs

191 307 370 362 sarios,
399 308 475 351 uel
501 316 552 351 ut
577 321 666 351 sua
693 306 919 362 aperiant
944 305 1166 361 crimina,
1193 305 1270 349 uel
1297 314 1346 348 ut
1371 305 1430 349 de
1457 306 1604 350 rebus
1629 305 1824 363 quidem

192 399 289 428 non
314 383 455 440 parui
482 382 715 427 momenti
741 398 826 427 eos
851 382 1109 426 consulant
1133 386 1168 425 a.
1198 381 1274 425 Ad
1301 381 1589 425 concionem
1623 381 1824 426 domini—

190 460 263 505 cis
287 470 335 505 et
359 459 466 504 aliis
491 459 604 504 item
630 459 769 505 festis
806 459 992 509 diebus,
1031 473 1156 514 quae
1190 466 1538 508 consueuerat,
1577 458 1824 504 hominum

190 552 379 581 corona
404 536 620 581 confluit.
651 536 972 593 Confidimns
995 539 1168 579 tamen
1189 535 1240 578 2‘72
1257 538 1526 590 postermn
1547 534 1824 592 dz'ztz'lzofcz-

194 630 317 660 nore
342 615 645 672 cingendum
671 628 770 658 non
792 614 941 658 nmdo
962 627 1139 657 eornm
1159 613 1248 669 qni
1265 612 1497 669 confiteri
1514 612 1704 656 nostris
1723 611 1822 656 Pa-

192 693 357 737 tribus
381 692 607 736 assolent
630 704 922 740 mtmcv‘zmz,
950 690 1044 734 sed
1065 689 1220 734 etiam
1245 690 1335 746 qui
1368 689 1600 744 corporis
1636 688 1827 733 Christi

191 769 436 814 sumendi
458 768 714 813 desiderio
738 767 886 812 lmnd
908 767 1126 823 [fulgori
1147 766 1446 821 rapizmtmr.

253 847 294 891 2.
361 846 469 891 Non
496 845 571 890 hic
596 846 775 890 tacebo
802 845 991 900 fruges,
1021 859 1146 900 quae
1178 843 1287 887 inde
1322 843 1600 898 capiuntur,
1638 842 1824 887 uberri-

199 940 322 969 mas.
350 923 473 968 Sunt
499 923 627 968 enim
652 921 885 970 nonnulli,
909 921 987 978 qui
1008 920 1054 964 in
1079 932 1301 965 nostram
1322 920 1513 964 admitti
1534 919 1823 976 religionem

193 1001 396 1047 summis
421 1001 651 1057 precibus
676 999 990 1045 contendunt.
1021 998 1186 1055 Aliqui
1211 1008 1394 1049 tamen,
1423 996 1526 1042 siue
1551 997 1680 1052 quod
1706 997 1751 1041 id
1774 1012 1825 1042 se

193 1089 554 1124 consecuturos
579 1076 819 1131 diffidunt,
846 1076 950 1121 siue
976 1075 1105 1132 quod
1130 1091 1225 1119 non
1251 1090 1348 1119 una
1373 1074 1646 1130 eademque
1678 1074 1824 1119 ratio-

193 1173 252 1202 ne
293 1157 539 1202 hominum
579 1156 788 1200 salutem
829 1153 1207 1209 benignissimus
1247 1162 1388 1208 pater
1433 1151 1650 1197 omnium
1690 1151 1827 1196 Deus

192 1243 449 1291 operatur,
477 1232 601 1277 alias
626 1230 999 1276 honestissimas
1024 1229 1220 1274 uiuendi
1257 1229 1477 1274 rationes
1512 1229 1716 1285 eligunt,
1754 1244 1825 1274 se-

191 1327 286 1368 que
312 1319 572 1367 parentum
598 1324 656 1353 ac
682 1307 955 1352 amicorum
981 1307 1278 1351 subtrahunt
1308 1305 1627 1362 commercio,
1654 1314 1703 1350 et
1727 1321 1825 1350 mo-

194 1388 435 1433 nasticam
471 1387 621 1431 uitam
656 1385 821 1430 diuino
862 1384 991 1429 ducti
1032 1383 1203 1440 spiritu
1245 1383 1461 1428 alacrius
1503 1398 1647 1439 quam
1690 1383 1827 1428 credi

193 1466 347 1523 possit
372 1476 659 1520 sequuntur.
688 1462 831 1518 Quod
857 1462 929 1506 his
955 1461 1180 1518 proxime
1206 1461 1377 1505 diebus
1397 1460 1473 1505 hic
1493 1459 1733 1505 accidisse
1754 1475 1825 1505 re-

195 1543 480 1589 cordamur.
518 1540 647 1585 Tres
681 1539 809 1584 enim
846 1539 1061 1587 iuuenes.
1105 1537 1268 1582 inuitis
1309 1537 1614 1593 parentibus,
1657 1536 1826 1582 amicis

193 1618 553 1677 ignorantibus,
598 1616 896 1672 reliquisque
936 1615 1261 1660 familiaribus
1297 1614 1339 1658 id
1382 1614 1575 1670 nesciis,
1613 1613 1826 1670 quodam

195 1697 288 1751 die,
317 1706 367 1741 ut
397 1696 640 1751 solebant,
668 1692 896 1746 confessi,
923 1701 1218 1748 sumptoque
1248 1701 1584 1747 sacramentO,
1611 1700 1827 1736 contem·

196 1774 288 1832 ptis
314 1773 453 1819 bonis
477 1771 701 1817 omnibus
726 1786 852 1826 quae
883 1770 1227 1825 possederant,
1256 1768 1370 1813 nudi
1404 1768 1465 1813 ad
1491 1768 1654 1813 crucis
1679 1767 1826 1812 uexil-

194 1852 293 1896 lum
338 1865 485 1906 quam
529 1846 763 1894 citissime
808 1846 1125 1890 aduolarunt.
1169 1844 1540 1901 Capucinorum
1585 1844 1729 1898 enirn,
1776 1854 1826 1888 ut

195 1929 348 1985 uulgo
382 1926 715 1983 appellantur,
743 1923 1034 1980 religionem
1070 1932 1183 1968 sunt
1218 1922 1446 1979 ingressi3
1474 1937 1534 1967 ac
1563 1937 1622 1966 ne
1654 1936 1826 1978 paren-

195 2015 296 2051 tum
330 2002 576 2049 illecebris
610 2010 696 2046 aut
730 2000 872 2045 minis
907 2000 983 2044 uel
1019 1999 1294 2045 amicorum
1329 1998 1733 2055 persuasionibus
1763 1998 1825 2043 ab
1875 2047 1877 2050 Α

195 2082 419 2128 instituto
455 2086 833 2132 reuocarentur,
862 2075 1161 2133 Syracusas,
1188 2076 1496 2121 commodius
1525 2076 1655 2132 quod
1690 2084 1826 2132 opta-

196 2161 316 2206 bant
340 2155 588 2211 effecturi,
615 2170 725 2200 sese
760 2164 1071 2209 receperunt.
1101 2152 1183 2197 Sit
1204 2152 1465 2197 Dominus
1489 2152 1540 2196 in
1564 2152 1647 2197 leis
1669 2151 1826 2197 omni-

197 2237 291 2282 bus
324 2234 635 2280 benedictus.

256 2314 299 2358 5.
367 2311 485 2357 Non
508 2308 682 2355 tacebo
701 2308 781 2352 lzz‘c
800 2306 957 2351 etiam
976 2305 1114 2363 qnod
1128 2309 1291 2350 totum
1311 2309 1579 2361 acceptum
1603 2304 1826 2362 referen-

197 2391 323 2436 dum
347 2392 423 2434 est
443 2387 571 2441 Deo,
594 2384 848 2430 cumhinc
874 2384 923 2427 2⁶71
948 2381 1174 2427 Domino
1198 2382 1388 2426 laetari
1408 2381 1546 2426 Rdcz.
1569 2381 1714 2426 Ptas.
1736 2384 1827 2426 tua

199 2481 301 2513 non
332 2463 657 2511 mediocriter
674 2460 856 2518 possit.
882 2458 1028 2504 Duae
1054 2458 1387 2504 nobilissimae
1412 2458 1601 2514 pariter
1624 2467 1673 2502 et
1697 2456 1826 2502 ditis-

197 2545 352 2590 simae
377 2543 447 2599 (ut
472 2539 660 2596 accepi)
685 2552 900 2592 sorores,
928 2535 1161 2580 defuncto
1183 2535 1278 2580 iam
1299 2545 1440 2591 patre
1461 2534 1618 2591 (cuius
1637 2533 1826 2579 diuitia-

197 2636 306 2667 rum
340 2619 482 2676 copia
516 2632 644 2674 quae
678 2624 962 2671 quantaque
997 2611 1145 2657 fuerit
1179 2612 1337 2657 isthuc
1370 2611 1506 2657 fama
1540 2611 1827 2667 peruenisse

198 2697 435 2752 arbitror,
478 2709 589 2740 cum
631 2692 771 2737 isthic
804 2688 973 2735 Sancti
1008 2687 1221 2744 Spiritus
1259 2687 1621 2734 xenodochium
1656 2701 1827 2732 earum

198 2774 450 2831 particeps
492 2771 645 2816 fuisse
689 2765 920 2823 dicatur),
966 2780 1078 2810 cum
1123 2780 1152 2810 a
1196 2765 1510 2810 nobilissimis
1555 2764 1827 2821 quibusque

200 2850 342 2896 huius
367 2848 507 2905 regni
527 2852 883 2904 appeterentur
900 2856 1191 2897 summoque
1211 2841 1373 2887 studio
1391 2841 1438 2886 in
1459 2839 1826 2886 matrimonium

247 3023 266 3043 ³
316 3021 452 3058 Prius
471 3020 537 3055 uel
558 3019 606 3054 de
627 3017 793 3053 rebus...
814 3012 1053 3051 consulturi.
