1909 3328
235 233 305 269 698
702 235 924 272 LITTERAE
951 236 1308 281 QUADR1MESTRES

189 328 345 373 lastici
372 345 526 385 vsque
552 330 712 375 adhuc
740 332 810 376 bis
837 332 878 376 in
907 332 982 377 die
1007 333 1066 377 de
1091 334 1382 380 lectionibus
1406 336 1585 382 auditis
1615 338 1677 383 ad
1702 338 1817 383 inui-

185 422 292 451 cem
316 406 586 463 disputare;
615 408 701 452 sed
726 424 854 453 nunc
879 419 1084 466 propter
1108 411 1347 467 temporis
1371 412 1712 469 intemperiem
1746 430 1816 460 se-

186 484 279 527 mel
304 493 494 528 tantum
520 484 566 529 in
592 484 668 530 die
694 485 962 542 disputant.
992 486 1312 533 Consueuere
1336 489 1382 534 in
1409 490 1615 546 publicis
1638 491 1818 537 scholis

185 576 419 616 arguere,
447 570 494 606 et
519 562 750 619 deinceps
775 564 923 619 (Xpo.
962 565 1253 622 auxiliante)
1289 566 1417 611 idem
1453 569 1668 614 muneris
1703 585 1813 615 exe-

185 647 413 693 quentur.

241 716 282 760 4.
350 714 653 763 Sacerdotes
692 729 860 764 autem
900 720 945 764 in
981 720 1137 765 solitis
1172 722 1580 778 occupationibus
1616 740 1815 770 versan-

183 802 276 849 tur;
315 793 519 839 audiunt
554 795 680 840 enim
721 796 1061 842 confessiones
1090 798 1357 844 multorum
1386 800 1813 853 scholasticorum,

181 871 509 929 collegarum,
538 873 894 930 magistrorum
920 886 967 919 et
992 875 1267 931 aliquorum
1288 871 1522 922 nobilium
1542 878 1682 924 huius
1702 879 1814 924 ciui-

180 948 310 993 tatis.
340 949 538 995 Adsunt
564 966 761 1009 quoque
785 951 1075 1009 frequenter
1098 952 1144 997 in
1170 963 1398 999 extremo
1423 971 1587 1012 agone
1613 972 1815 1003 versan-

179 1024 323 1071 tibus.
352 1025 517 1082 Quam
542 1027 737 1084 quidem
763 1029 824 1073 ad
852 1044 953 1073 rem
974 1029 1120 1074 toties
1145 1031 1440 1089 expetimur,
1464 1040 1517 1077 vt
1536 1048 1686 1090 saepe
1710 1049 1813 1079 sae-

181 1102 287 1158 pius
311 1104 535 1149 omnibus
560 1105 789 1151 satisfieri
821 1122 915 1151 non
951 1107 1120 1162 possit.
1159 1107 1210 1153 In
1246 1108 1663 1166 quadragessima
1697 1128 1813 1157 nun-

178 1196 326 1236 quam
351 1181 477 1227 domi
502 1182 708 1228 defuere
732 1184 997 1229 conciones
1030 1185 1076 1230 in
1112 1185 1284 1231 diebus
1319 1186 1605 1252 dominicis,
1633 1188 1679 1234 in
1713 1190 1813 1246 qui-

178 1258 267 1303 bus
290 1258 419 1304 alter
442 1259 489 1304 in
513 1260 725 1305 ecclesia
750 1261 964 1317 quadam
991 1263 1282 1318 parochiali,
1305 1263 1432 1309 alius
1452 1280 1575 1310 vero
1594 1265 1641 1310 in
1661 1267 1812 1322 publi-

178 1350 237 1380 co
271 1351 496 1393 carcere,
535 1338 732 1394 quidam
769 1338 812 1383 in
849 1339 948 1384 alia
983 1340 1194 1385 ecclesia
1230 1341 1512 1387 monialium
1547 1344 1812 1389 conciona-

177 1414 373 1458 bantur.
403 1413 636 1470 Quotidie
661 1415 809 1460 etiam
836 1425 938 1462 tres
961 1416 1147 1462 fratres
1167 1417 1211 1462 in
1232 1418 1390 1464 tribus
1409 1420 1632 1466 ecclesiis
1651 1421 1812 1467 huius-

177 1504 233 1534 ce
258 1490 473 1536 ciuitatis
495 1497 513 1518 a
539 1491 820 1538 doctrinam
845 1493 1166 1539 christianam
1193 1511 1374 1552 pueros
1398 1496 1660 1543 docebant.
1696 1498 1812 1556 Qui-

177 1567 267 1611 bus
291 1577 429 1613 certe
454 1569 695 1626 omnibus,
725 1569 812 1614 nisi
838 1586 914 1615 me
939 1571 1132 1616 animus
1158 1571 1297 1629 fallit,
1319 1589 1415 1618 non
1438 1589 1613 1630 parum
1632 1575 1811 1621 Vtilita—

175 1644 235 1688 tis
262 1645 491 1701 vtrinque
516 1646 808 1703 decerptum
834 1657 925 1705 est;
953 1664 1112 1705 neque
1146 1649 1307 1695 adhuc
1342 1659 1507 1696 tamen
1544 1668 1811 1708 cessauere

175 1721 456 1779 conciones,
494 1739 607 1768 nam
643 1740 737 1769 non
779 1725 945 1771 multis
979 1726 1159 1772 abhinc
1198 1727 1370 1773 diebus
1409 1729 1574 1786 coepit
1613 1731 1809 1787 quidam

175 1813 237 1843 ex
261 1800 444 1845 nostris
470 1801 676 1858 singulis
701 1802 974 1860 quibusque
999 1803 1256 1850 dominicis
1279 1806 1581 1860 concionari,
1607 1808 1737 1864 quod
1763 1818 1812 1854 et

174 1875 219 1920 in
245 1878 566 1933 sequentibus
591 1879 739 1924 etiam
764 1896 860 1925 non
886 1880 1095 1938 omittet3
1124 1882 1218 1927 erit
1247 1883 1375 1928 enim
1411 1883 1484 1940 (vt
1518 1884 1564 1930 in
1596 1884 1808 1931 Domino

174 1955 452 2013 speramus>
478 1956 621 2002 labor
645 1973 740 2002 non
766 1958 870 2003 sine
895 1957 1062 2004 fructu
1088 1959 1123 2004 ὓ.

230 2030 273 2076 5.
341 2032 552 2078 Accedit
578 2034 724 2079 etiam
751 2035 881 2091 quod
907 2034 1058 2081 Pater
1083 2046 1251 2082 rector
1283 2039 1291 2063 ¹
1326 2038 1458 2084 hisce
1494 2039 1665 2085 diebus
1699 2056 1807 2097 pro-

172 2107 304 2153 xime
329 2109 511 2166 elapsis
535 2111 657 2156 abiit
680 2127 792 2156 cum
818 2112 1050 2169 episcopo
1075 2114 1446 2160 salmanticensi
1470 2116 1484 2140 2
1509 2116 1572 2161 ad
1608 2117 1807 2162 visitan-

172 2184 287 2230 dum
312 2201 541 2243 gregem,
570 2196 618 2232 et
643 2188 850 2246 singulis
873 2188 980 2234 fere
1006 2190 1180 2246 quibus
1205 2191 1377 2237 diebus
1411 2193 1808 2240 concionabatur

172 2277 283 2307 cum
308 2263 526 2309 maxima
551 2274 652 2310 tum
678 2266 895 2322 pastoris
919 2275 1022 2312 tum
1045 2269 1219 2324 gregis
1253 2269 1608 2328 consolatione;
1646 2270 1808 2317 frater

174 2355 311 2397 vero,
339 2341 418 2397 qui
443 2341 577 2387 illum
603 2344 956 2401 comitabatur,
984 2345 1028 2389 in
1053 2346 1279 2392 doctrina
1313 2347 1585 2393 christiana
1626 2364 1806 2405 pueros

173 2416 463 2465 instruebat.
492 2420 556 2465 Et
581 2428 596 2448 ς
628 2421 856 2477 profecto
880 2432 1092 2479 apparet
1111 2433 1348 2480 quantum
1368 2426 1694 2483 episcopusin
1713 2427 1806 2472 hoc

172 2493 348 2541 itinere
384 2512 496 2542 cum
530 2497 681 2544 Patre
716 2500 1035 2557 processerit,
1073 2501 1311 2558 siquidem
1346 2503 1587 2549 maiorem
1620 2504 1669 2550 in
1702 2505 1806 2550 dies

173 2587 345 2618 curam
371 2589 576 2621 suarum
605 2576 771 2622 ouium
796 2577 992 2622 videtur
1016 2577 1034 2604 ‘¹
1059 2578 1263 2625 habere.

216 2794 233 2814 a
265 2788 499 2826 ciuitatibus
523 2801 603 2827 ms.
666 2790 733 2817 --b
753 2789 907 2828 fructus
926 2801 1006 2828 ms.
1069 2799 1129 2819 —c
1163 2805 1183 2828 e
1211 2804 1290 2830 ms.
1344 2794 1410 2821 —d
1443 2794 1482 2830 vi
1498 2799 1579 2841 pro
1600 2807 1657 2831 vr.
1680 2796 1797 2832 ,9ms.

218 2984 227 3003 ¹
280 2984 325 3021 P.
347 2983 689 3024 Bartholomaeus
708 2987 968 3025 Hernandez.

215 3043 228 3062 ²
280 3043 528 3082 Franciscus
547 3045 765 3093 Maurique
785 3047 833 3084 de
853 3047 976 3084 Lara.
1000 3046 1063 3085 Cf.
1087 3048 1127 3085 5.
1147 3048 1411 3086 Francz'scus
1428 3048 1690 3095 Borgz·a,111,
1709 3048 1795 3086 369.
