1909 3328
192 269 262 305 576
666 269 882 305 LITTERAE
910 270 1000 314 QUA
1009 280 1264 305 DRlMESTRES

146 365 391 409 ralissime
426 364 566 409 nobis
601 374 675 409 est
710 365 967 421 elargitus.
1007 365 1170 421 Quam
1205 365 1427 421 plurimis
1462 365 1780 410 diuersarum

146 440 464 485 sci2ntiarum
505 456 565 485 ac
605 441 886 498 linguarum
928 442 1087 497 libris,
1130 450 1279 498 atque
1313 441 1385 486 his
1424 441 1775 499 selectissimis,

145 533 253 562 esse
278 517 517 562 refertam
553 518 682 562 nulli
716 519 891 563 uenire
932 520 981 563 in
1019 517 1231 563 dubium
1266 518 1422 563 debet.
1467 518 1608 575 Quid
1643 519 1781 575 qnod

144 608 206 638 ea
229 600 246 619 ²³
280 594 391 638 talis
422 603 512 650 est,
551 603 602 638 ut
637 594 842 639 similem
878 595 941 640 illi
977 610 1035 639 ac
1072 610 1242 650 parem
1278 595 1324 640 in
1360 604 1465 640 tota
1500 594 1776 640 Germania

144 670 365 714 inuenire
391 674 483 714 aut
504 670 522 696 b
548 669 886 716 difficillimum
911 673 991 723 sis,
1021 675 1113 715 (zat
1130 676 1351 726 prorsus
1375 672 1705 727 impossibile.

202 752 244 792 δ’.
308 746 434 792 Cum
455 747 784 802 grauissimus
806 748 1001 804 quidam
1023 748 1098 791 uir
1119 747 1260 792 nobis
1280 747 1625 805 deditissimus,
1650 748 1775 804 prin-

143 824 234 879 cipi
261 839 454 880 quoque
481 833 650 868 nostro
675 823 888 881 intimus,
916 824 1104 869 fratres
1128 833 1327 869 nostros
1352 824 1414 869 ab
1438 824 1694 869 haeretico
1718 831 1733 851 ⁰
1762 826 1773 848 ¹

151 901 414 957 Fernandi,
463 901 596 957 regis
641 901 859 958 piissimi,
907 901 1021 956 filio,
1064 912 1204 957 patre
1244 902 1449 946 absente
1489 901 1775 957 (Francfor—

143 978 271 1023 diam
299 978 423 1023 enim
449 977 794 1022 Ferdinandus
818 994 908 1023 rex
932 994 984 1023 se
1010 979 1303 1030 contulerat,
1333 977 1411 1022 ubi
1447 978 1506 1022 de
1541 978 1654 1022 noui
1691 978 1775 1022 im-

142 1056 390 1112 peratoris
433 1055 674 1100 electione
719 1057 967 1111 agendum
1013 1058 1158 1112 erat),
1197 1054 1396 1100 Vienna
1436 1055 1770 1100 extrudendos

140 1133 251 1178 fore
276 1132 472 1177 omnino
497 1132 850 1187 arbitraretur3
879 1133 1041 1177 locum
1077 1131 1121 1176 in
1159 1131 1380 1183 Bauaria
1415 1147 1509 1187 quo
1533 1131 1688 1176 nostri
1714 1131 1772 1188 (si

142 1209 186 1254 id
220 1210 490 1266 accideret)
526 1225 577 1254 se
612 1219 813 1265 possent
847 1210 1087 1265 recipere,
1124 1209 1356 1265 principis
1390 1209 1545 1254 nostri
1579 1209 1774 1253 nomine

142 1286 284 1332 nobis
308 1286 498 1332 obtulit.
541 1286 620 1331 Ex
651 1286 835 1343 quibus
861 1287 1150 1331 maximam
1185 1300 1315 1343 erga
1349 1299 1442 1330 7208
1476 1285 1773 1331 beneuolen-

140 1364 272 1409 tl'czm
312 1378 371 1408 (lc
411 1363 770 1408 liberalitatem
809 1363 1065 1419 principis
1098 1363 1255 1407 leuius
1289 1362 1529 1419 colligere
1564 1376 1663 1407 non
1700 1366 1777 1407 est

141 1441 378 1498 dffficilej
418 1440 477 1485 ob
511 1454 667 1498 qnam
703 1454 803 1485 mm
839 1441 1112 1485 minimam
1147 1439 1445 1484 anz'mot‘mn
1481 1443 1774 1484 nostrorum

144 1519 197 1563 in
231 1532 285 1562 se
318 1518 697 1563 dem'nctz'onem
731 1517 1075 1573 consepamm't.
1104 1516 1180 1561 De
1205 1516 1444 1573 collegiis,
1473 1532 1599 1572 quae
1623 1517 1772 1562 uellet

142 1595 417 1651 instituere,
444 1604 605 1648 taceo;
634 1610 743 1639 cum
780 1595 843 1639 ob
877 1594 1226 1650 operariorum
1252 1593 1508 1649 penuriam
1546 1593 1650 1638 eius
1684 1608 1766 1638 uo-

140 1672 314 1717 luntati
341 1688 528 1717 morem
553 1687 734 1729 gerere
759 1687 852 1716 non
879 1673 1150 1716 ualeamus.

198 1750 240 1795 9.
308 1750 418 1794 Non
444 1758 575 1795 esset
600 1749 714 1794 mihi
738 1749 935 1805 longius
959 1748 1396 1805 progrediendum,
1424 1748 1507 1793 sed
1540 1747 1768 1803 quoniam

138 1827 384 1883 quaedam
408 1826 569 1872 adhuc
588 1826 788 1882 cognitu
812 1841 907 1870 non
934 1826 1134 1881 indigna
1155 1824 1362 1870 dicenda
1386 1833 1665 1881 supersunt,
1691 1825 1771 1869 illa

138 1905 357 1949 breuiter
395 1903 640 1948 indicabo.
685 1902 836 1948 Pater
874 1912 1045 1947 noster
1084 1901 1316 1947 Canisius
1355 1901 1494 1947 breui
1533 1901 1772 1957 temporis

137 1981 298 2037 spatio
333 1981 529 2036 saepius
563 1980 625 2025 ad
651 1995 739 2025 nos
764 1979 924 2035 rediit,
952 1988 1099 2036 atque
1129 1990 1229 2024 tam
1264 1993 1415 2035 saepe
1438 1978 1533 2023 huc
1558 1977 1768 2034 illucque

138 2058 389 2115 discurrit,
418 2068 468 2102 ut
492 2072 742 2114 nunquam
766 2056 873 2101 fere
898 2056 943 2100 in
980 2056 1141 2113 quiete
1176 2056 1238 2100 sit
1271 2055 1473 2111 positus.
1512 2053 1771 2111 Uigesima

137 2144 280 2180 sexta
306 2134 456 2191 igitur
487 2133 713 2194 Januarii
743 2132 1022 2190 Argentina
1057 2133 1119 2178 ad
1154 2148 1244 2177 nos
1280 2132 1439 2189 rediit,
1477 2130 1772 2176 necessariis

138 2212 364 2256 omnibus
394 2211 458 2256 ab
485 2210 921 2267 argentinensibus
954 2210 1206 2255 canonicis
1239 2209 1304 2253 illi
1337 2209 1399 2253 ad
1423 2209 1517 2253 iter
1541 2207 1770 2253 submini-

136 2289 322 2344 stratis,
376 2304 435 2333 ac
483 2288 691 2333 honesto
735 2287 997 2332 sacerdote
1042 2286 1106 2331 illi
1151 2287 1196 2331 in
1242 2286 1471 2331 comitem
1516 2285 1767 2341 adiuncto;

136 2364 528 2421 quamplurimas
552 2374 718 2410 autem
744 2364 854 2409 inde
878 2372 1165 2408 sanctorum
1191 2363 1426 2419 reliquias
1444 2362 1506 2407 ad
1532 2363 1767 2418 templum

135 2451 359 2487 nostrum
384 2442 725 2487 exornandum
752 2441 930 2497 attulit,
967 2440 1028 2485 ad
1070 2456 1191 2497 quas
1227 2440 1367 2497 operi
1400 2439 1598 2485 affabre
1631 2439 1768 2484 facto

183 2639 200 2658 ἃ
267 2636 436 2668 constat.
455 2631 551 2668 Imo.
607 2630 673 2657 —b
719 2630 782 2666 sit.
839 2636 899 2657 —c
936 2628 1272 2665 aMaximiliano.

134 2793 215 2836 4503
237 2806 314 2840 quo
339 2793 376 2829 in
406 2794 505 2836 loco,
540 2797 583 2828 ut
610 2798 751 2828 auctor
777 2791 827 2828 ad
857 2803 929 2827 nos
960 2790 1133 2836 scripsit.
1167 2802 1238 2836 pro
1267 2789 1500 2835 (1506-1575)
1530 2789 1615 2836 legi
1644 2789 1765 2825 debet

135 2851 382 2897 (1506-1557).
404 2852 465 2888 De
493 2852 584 2889 aliis
609 2852 723 2888 libris
741 2850 916 2897 collegio
947 2849 1255 2896 ingolstadiensi
1282 2849 1439 2885 donatis
1467 2848 1559 2885 vide
1584 2847 1691 2889 ibid..
1713 2847 1764 2890 II,

133 2912 200 2947 901
221 2924 239 2948 s
304 2940 310 2947 .

183 2978 192 2996 ¹
242 2925 310 3013 (gi.
330 2975 688 3019 BRAUNSBERGER,
708 2976 783 3012 loe.
805 2976 886 3016 cit..
911 2973 1075 3011 193-196.
1094 2973 1284 3011 canisius
1298 2973 1339 3009 in
1353 2973 1425 3009 illa
1440 2973 1613 3020 epistola
1629 2983 1766 3019 «aper-

133 3043 214 3072 tam
233 3049 339 3072 nune
365 3036 636 3082 impietatem»
667 3034 937 3072 Maximiliani
965 3039 1176 3071 memorat.
1208 3032 1282 3069 Est
1309 3037 1445 3069 autem
1474 3032 1645 3079 epistola
1671 3032 1766 3068 data

129 3096 394 3142 Ingolstadio,
416 3095 479 3132 die
498 3096 521 3131 3
538 3095 756 3132 Februarii
776 3094 883 3131 1558.
