1900 3380
532 230 880 267 leo—(mmmm
907 232 954 267 ‘29
982 232 1174 268 AUGUSTI
1204 232 1294 268 1558
1615 231 1685 268 769

91 354 167 390 tre
192 344 398 389 doctore
419 343 573 399 Placa
599 348 606 371 ¹
634 344 911 399 paternitas
935 354 1021 390 tua
1046 347 1260 402 nouerit,
1289 347 1429 391 cuius
1458 346 1729 392 aduentum

90 422 193 478 ipse
217 430 266 466 et
288 436 378 465 nos
403 420 500 465 iam
525 420 714 476 pridem
739 431 1064 477 expectamus
1084 422 1141 479 (si
1166 424 1229 468 ad
1253 423 1347 469 Dei
1373 423 1587 479 gloriam
1613 423 1727 480 est).

148 498 190 542 7.
260 496 562 553 Episcopum
586 496 645 542 de
670 494 871 542 Guadix
896 500 911 521 ²²
936 499 1036 555 (qui
1057 500 1202 544 modo
1226 499 1272 544 in
1299 500 1392 544 hac
1412 499 1614 545 ciuitate
1635 501 1730 556 est)

95 573 292 630 saepius
319 573 537 629 visimus,
564 574 808 631 singulari
842 575 967 619 enim
1003 591 1092 620 nos
1127 576 1314 622 affectu
1339 577 1657 633 prosequitur
1681 587 1731 622 et

91 650 400 696 eleemosinis
440 650 593 696 iuuat.
632 649 853 707 Exoptat
894 668 1042 696 vnum
1083 668 1143 697 ex
1184 643 1367 698 nostris
1406 653 1727 699 concionato-

91 743 212 782 rem,
241 737 288 772 et
312 727 375 772 ad
399 736 591 784 tempus
615 728 818 785 expetit,
845 729 925 784 qui
958 745 1047 784 pro
1082 729 1163 773 illo
1199 731 1297 775 suis
1333 730 1508 776 ouibus
1532 731 1730 776 concio-

95 813 257 850 netur:
286 804 389 860 ipse
414 805 561 850 etiam
586 805 701 850 visit
724 820 830 851 nos

150 881 194 926 8.
263 880 560 938 Tempestas
584 881 666 927 illa
689 882 787 927 iam
811 881 993 927 dudum
1028 883 1168 928 nobis
1202 885 1409 929 suborta
1433 884 1607 941 (nostri
1634 885 1727 930 dis-

89 958 282 1015 sidium,
311 960 440 1015 quod
474 959 672 1017 dicam),
699 961 876 1006 sedata
909 970 984 1006 est
1018 960 1263 1006 foeliciori
1297 962 1449 1019 exitu,
1478 962 1724 1008 affectant

90 1036 217 1080 enim
240 1035 428 1081 fratres
452 1036 517 1081 illi
542 1037 683 1083 nobis
706 1038 964 1083 conciliari
998 1048 1047 1084 et
1081 1039 1127 1083 in
1162 1040 1420 1096 pristinam
1445 1040 1724 1085 amiciciam

91 1113 270 1159 redire.
310 1113 460 1159 Faxit
500 1114 759 1172 Dominus,
797 1124 850 1160 vt
889 1116 1077 1161 amoris
1111 1116 1216 1161 eius
1250 1116 1612 1173 redintegratio
1651 1117 1728 1173 sit,

89 1191 219 1247 apud
244 1206 391 1247 quem
414 1192 511 1237 tuis
535 1191 794 1238 sacrificiis
828 1202 876 1239 et
910 1193 1219 1239 orationibus
1253 1194 1467 1239 maxime
1493 1210 1522 1239 a
1546 1204 1593 1239 te
1619 1210 1729 1240 esse

87 1268 464 1314 commendatos
488 1285 578 1315 nos
602 1286 772 1316 omnes
797 1271 1150 1328 supplicamus.
1179 1271 1319 1328 Opus
1342 1272 1541 1328 collegii
1567 1272 1725 1317 nostri

94 1345 276 1390 bonum
302 1347 540 1403 assurgit,
565 1347 652 1392 sed
677 1348 918 1404 paulatim
943 1348 1006 1393 ob
1031 1349 1306 1405 penuriam.

177 1420 441 1468 Granatae
474 1424 502 1469 4
535 1424 772 1470 calendas
806 1424 1115 1482 Septembris
1149 1442 1280 1471 anno
1319 1426 1446 1472 1558.
1485 1427 1563 1471 Ex
1598 1442 1729 1472 com·

94 1499 328 1545 missione
353 1501 625 1557 superioris
649 1502 680 1559 3,
708 1501 761 1547 P.
790 1502 848 1548 T.
877 1502 1109 1560 indignus
1132 1519 1310 1549 seruus
1336 1504 1382 1548 in
1407 1503 1579 1560 Chro.‚

1372 1607 1400 1654 †

1177 1668 1205 1716 †
1240 1658 1480 1703 FONSECA
1515 1667 1543 1715 ἦ·
1576 1660 1607 1703 4.

176 1766 472 1824 Inscriptio.
497 1774 525 1822 ἧ-
548 1769 644 1815 Ihs.
672 1770 958 1815 Admodum
983 1770 1092 1816 R.d0
1117 1771 1163 1816 in
1190 1770 1342 1816 Chro.
1371 1771 1444 1816 n.⁰
1464 1771 1602 1816 Patri
1628 1787 1727 1815 ma-

20 1864 23 1867 ·
90 1842 288 1901 [gis]tro
327 1845 530 1903 Lainez,
569 1845 836 1893 Societatis
871 1848 991 1907 Jesu
1028 1849 1315 1905 praeposito
1354 1848 1634 1906 ge[nerali].
1675 1849 1729 1893 ln

93 1921 217 1966 vrbe
242 1922 424 1968 Roma.

180 1998 361 2055 Sag-illi
381 2001 680 2059 vestzgium.

137 2175 145 2199 ¹
200 2179 247 2217 P.
265 2179 447 2226 joannes
461 2178 600 2224 Plaza,
617 2179 781 2226 collegii
797 2185 944 2224 rector,
963 2181 1137 2217 Romam
1153 2181 1203 2217 ad
1218 2181 1459 2226 generalem
1475 2180 1625 2216 ordinis
1640 2193 1736 2217 con—

89 2245 259 2278 ventum
278 2239 485 2287 profectus
505 2244 605 2276 erat.

136 2302 149 2321 ²
204 2300 409 2337 Martinus
427 2299 557 2336 Perez
576 2299 625 2336 de
643 2299 798 2348 Ayala.

135 2361 148 2380 ³
200 2360 246 2398 P.
265 2359 507 2407 Alphonsus
525 2359 644 2397 Ruiz.

134 2420 149 2440 4
200 2419 387 2456 Fonseca
402 2418 565 2466 quidam
581 2419 770 2464 novitius,
789 2421 903 2468 cujus
920 2432 1170 2467 praenomen
1185 2424 1356 2463 tacetur,
1374 2423 1613 2455 numeratur
1627 2418 1734 2455 inter

88 2479 245 2516 incolas
264 2479 429 2526 collegii
448 2479 708 2525 granatensis
726 2480 767 2516 in
787 2480 960 2527 epistola
980 2480 1029 2517 P.
1056 2479 1259 2527 Alphonsi
1279 2479 1383 2515 Ruiz
1402 2478 1480 2514 diei
1499 2477 1522 2514 9
1548 2476 1734 2524 Septem-

86 2539 169 2576 bris
188 2540 309 2587 hujus
329 2539 437 2581 anni,
460 2539 566 2585 apud
583 2538 738 2576 Laim'i
754 2540 967 2586 Monum„
985 2540 1054 2584 III,
1075 2540 1145 2576 507
1164 2552 1249 2586 sqq.

197 3124 365 3153 Li'rTERAE
386 3124 683 3159 QUADRIMESTRES.
705 3130 792 3154 TOM.
814 3125 851 3154 V.
1588 3126 1626 3153 49
