1900 3380
459 244 822 281 Sl.—V1x1>0130NA
848 244 895 280 28
922 244 1113 280 At'ousi‘i
1145 246 1234 281 1337
1550 247 1615 282 2531

35 342 133 387 Alii
157 341 292 386 multi
318 341 464 386 etiam
499 340 543 385 in
580 339 673 385 fide
697 340 941 386 catholica
968 340 1245 384 aduersarii
1270 342 1409 385 nobis
1435 342 1665 386 videntur

33 418 272 464 maiorem
307 418 523 463 animum
559 433 618 462 ac
652 417 877 462 fauorem
919 417 1198 470 ostendere,
1238 433 1382 473 quam
1424 419 1547 463 alias
1583 435 1663 463 un-

35 511 195 553 quam,
223 503 271 540 et
295 495 423 539 inter
446 495 536 539 hos
560 504 672 539 sunt
696 494 929 546 nonnulli,
958 494 1037 549 qui
1063 509 1375 550 summopere
1400 512 1515 539 suos
1543 496 1663 541 lilios

34 571 278 618 conuictui
317 581 488 616 nostro
529 571 832 616 concredere
877 572 1076 627 vellent,
1125 571 1353 628 quicquid
1398 582 1528 617 esset
1573 589 1664 628 pro

33 648 303 703 sumptibus
338 647 715 703 impendendum
742 653 775 699 ἃ,
813 647 861 692 si
893 647 1041 692 modo
1067 647 1234 692 locum
1267 647 1576 692 haberemus
1610 650 1662 693 in

33 724 181 769 domo
209 724 340 769 satis
367 724 622 780 amplum.
653 724 880 769 Antehac
912 724 1259 779 quamplurimi
1288 723 1423 768 virus
1450 726 1660 769 male-uo—

32 801 210 847 lentiae
244 816 479 846 euomere
514 811 662 858 atque
696 801 884 858 spicula
918 801 1249 856 conuitiorum
1274 801 1316 845 in
1344 816 1433 845 nos
1467 813 1660 847 contor<

32 893 182 935 quere
221 878 461 934 solebant3
500 877 594 923 iam
635 887 801 923 autem
844 877 1074 923 videntur
1119 878 1274 932 nobiS,
1323 878 1452 933 quod
1493 879 1662 924 mirari

31 954 150 1000 satis
175 969 269 999 non
295 970 570 1011 possumus,
599 970 708 1000 esse
741 954 860 999 facti
894 954 1154 1009 mansueti,
1184 964 1235 999 vt
1270 970 1518 1010 nunquam
1557 956 1661 1001 lere

31 1032 225 1088 quando
261 1031 306 1076 in
342 1032 587 1088 publicum
626 1032 895 1088 prodimus,
938 1031 1266 1076 aduersitatis
1305 1032 1418 1087 quid
1453 1033 1660 1088 amplius

31 1109 304 1155 audiamus.

87 1185 129 1230 4.
195 1185 285 1230 His
318 1185 656 1242 superioribus
691 1186 862 1231 diebus
896 1185 1158 1241 episcopus
1194 1186 1490 1230 olmuzensis
1526 1188 1555 1242 ¹,
1589 1187 1660 1231 vir

29 1261 300 1306 catholicus
324 1265 372 1306 et
391 1262 607 1318 zelosus,
636 1262 765 1307 misit
789 1262 1033 1318 quendam
1067 1262 1360 1306 canonicum
1386 1262 1447 1307 acl
1472 1279 1576 1319 nos,
1610 1272 1659 1308 vt

29 1339 212 1384 habere
242 1349 409 1394 posset
441 1339 822 1384 concionatores
855 1339 1041 1395 aliquot
1075 1354 1138 1383 ex
1171 1339 1369 1392 nostris,
1399 1339 1477 1395 qui
1504 1341 1660 1384 eccle—

29 1416 131 1461 siae
155 1416 423 1461 olmuzensi
458 1416 503 1461 in
540 1417 765 1461 maximis
800 1416 895 1460 iam
930 1425 979 1461 et
1011 1416 1030 1443 ¹³
1058 1415 1294 1461 extremis
1330 1416 1658 1461 (aduersitati-

29 1492 121 1554 bns
142 1499 158 1519 ⁰
182 1504 384 1549 propter
409 1493 691 1538 haereticos
716 1493 1006 1549 irrepentes,
1030 1492 1350 1548 porrigerent
1375 1509 1550 1537 manus
1575 1509 1658 1538 au-

0 1569 313 1614 >xiliatrices.
357 1569 477 1615 Nise·
518 1570 656 1614 enlm
699 1570 888 1615 habeat
931 1569 1207 1614 catholicos
1240 1574 1530 1625 praecones
1573 1584 1658 1627 qm

23 1646 302 1702 principiis
339 1646 550 1699 obstent,
588 1647 808 1705 az‘tfore
841 1651 895 1692 vt
926 1647 1223 1692 incendium
1263 1647 1496 1691 haeresis
1529 1651 1660 1692 tecta

29 1724 289 1769 ascendat.
317 1722 443 1769 Sunt
477 1735 525 1769 et
558 1724 639 1769 alii
674 1724 841 1781 magni
866 1724 1062 1777 domini,
1091 1724 1168 1780 qui
1195 1740 1223 1768 a
1248 1723 1387 1769 nobis
1421 1724 1658 1769 auxilium

28 1799 319 1856 efflagitant:
346 1800 430 1845 sed
457 1801 571 1858 quia
590 1801 635 1846 in
657 1801 1056 1857 praesentiarum
1081 1816 1176 1845 non
1202 1801 1442 1845 habemus
1463 1811 1535 1845 tot
1560 1801 1656 1847 fra-

27 1886 128 1922 tres
151 1878 544 1935 praedicatores,
572 1889 688 1935 quot
722 1878 1086 1930 desiderantur,
1115 1878 1353 1923 hactenus
1387 1879 1571 1923 nullum
1607 1880 1657 1924 il-

28 1953 83 1999 lis
108 1955 385 2000 concedere
409 1955 671 2012 potuimus.

34 2053 36 2055 ·
83 2031 126 2077 5.
192 2031 338 2088 Quod
377 2032 440 2077 ad
479 2033 700 2077 scholam
739 2033 930 2089 attinet,
969 2032 1162 2089 agimus
1202 2033 1312 2079 Deo
1351 2035 1546 2091 gratias
1585 2035 1655 2079 in-

28 2121 235 2153 mensas
268 2109 399 2165 quod
433 2109 500 2154 ita
536 2110 742 2155 eandem
778 2125 1077 2166 promouere
1112 2110 1343 2167 dignetur
1369 2111 1430 2157 ad
1455 2111 1528 2156 sui
1552 2111 1655 2168 glo-

3 2191 6 2194 ’
27 2183 149 2230 riam
173 2195 222 2231 et
242 2184 513 2243 juuentutis
537 2173 816 2231 Vtilitatem.
842 2186 896 2231 In
927 2186 1028 2231 dies
1063 2191 1427 2243 augnszentatur
1451 2187 1469 2214 ‘¹
1491 2203 1656 2232 nume-

27 2277 109 2308 rus
132 2263 484 2319 studiosorum,
507 2273 555 2309 et
579 2264 677 2309 iam
701 2276 877 2309 auctus
902 2274 977 2309 est
1001 2280 1156 2320 vsque
1180 2266 1243 2309 ad
1267 2280 1524 2310 numerum
1547 2264 1650 2321 450,

27 2353 167 2396 quem
197 2355 368 2385 omnes
401 2341 523 2386 satis
549 2340 727 2386 'mirari
761 2356 858 2385 non
893 2351 1113 2397 possunt.
1141 2341 1351 2387 Fratres
1381 2342 1535 2387 nostri
1570 2357 1654 2386 na-

27 2427 143 2462 uant
166 2432 368 2475 operam
405 2418 691 2475 diligentem
725 2428 779 2463 vt
813 2417 978 2463 officio
1012 2434 1102 2464 suo
1137 2419 1309 2464 deesse
1335 2435 1429 2464 non
1456 2419 1654 2464 videan-

21 2492 122 2551 'tur3
149 2503 197 2540 et
231 2495 457 2551 quamuis
490 2482 764 2541 habeamus
799 2497 979 2541 multos
1013 2497 1237 2541 aemulos
1272 2496 1656 2542 ludimoderato-

27 2584 106 2616 res
144 2570 381 2629 publicos,
418 2580 585 2617 tamen
623 2572 806 2618 nostris
845 2573 1025 2618 scholis
1064 2573 1258 2618 laudem
1299 2573 1518 2618 tribuunt
1558 2588 1654 2619 non

72 2776 90 2798 ³
121 2771 175 2809 In
194 2783 333 2819 marg.
355 2773 461 2810 add.
478 2773 574 2810 Pol.
591 2773 826 2820 impendere
842 2774 986 2820 parati.
1040 2774 1106 2801 —b
1126 2774 1417 2819 quodammodo
1432 2774 1538 2811 add.
1556 2774 1651 2812 Pol.

27 2835 89 2875 *rc
119 2831 322 2878 periculis.
375 2832 444 2859 ——d
483 2838 672 2879 augetur.

74 3044 85 3064 ¹
133 3044 297 3083 Marcus
317 3045 450 3084 Kuen.
