<?xml version="1.0" encoding="UTF-8"?>
<!DOCTYPE html PUBLIC "-//W3C//DTD XHTML 1.0 Transitional//EN"
    "http://www.w3.org/TR/xhtml1/DTD/xhtml1-transitional.dtd">
<html xmlns="http://www.w3.org/1999/xhtml" xml:lang="en" lang="en">
 <head>
  <title>
</title>
<meta http-equiv="Content-Type" content="text/html;charset=utf-8" />
  <meta name='ocr-system' content='tesseract 3.04.00' />
  <meta name='ocr-capabilities' content='ocr_page ocr_carea ocr_par ocr_line ocrx_word'/>
</head>
<body>
  <div class='ocr_page' id='page_1' title='image "./litteraequadrime1705lain_0396.png"; bbox 0 0 1950 3348; ppageno 0'>
   <div class='ocr_carea' id='block_1_1' title="bbox 315 304 1408 351">
    <p class='ocr_par' dir='ltr' id='par_1_1' title="bbox 315 304 1408 351">
     <span class='ocr_line' id='line_1_1' title="bbox 315 304 1408 351; baseline 0.004 -12"><span class='ocrx_word' id='word_1_1' title='bbox 315 304 384 340; x_wconf 62' lang='lat'>:364</span> <span class='ocrx_word' id='word_1_2' title='bbox 811 306 1023 343; x_wconf 63' lang='grc' dir='ltr'>ῗ’,1[”ιΕκΑΕ</span> <span class='ocrx_word' id='word_1_3' title='bbox 1053 306 1408 351; x_wconf 65' lang='lat' dir='ltr'>QUADRnnEsTREs</span> 
     </span>
    </p>
   </div>
   <div class='ocr_carea' id='block_1_2' title="bbox 262 401 1922 2939">
    <p class='ocr_par' dir='ltr' id='par_1_2' title="bbox 268 401 1922 998">
     <span class='ocr_line' id='line_1_2' title="bbox 271 401 1900 462; baseline 0.004 -17"><span class='ocrx_word' id='word_1_4' title='bbox 271 401 481 457; x_wconf 83' lang='lat' dir='ltr'>quodam</span> <span class='ocrx_word' id='word_1_5' title='bbox 531 418 731 447; x_wconf 89' lang='lat' dir='ltr'>rumore</span> <span class='ocrx_word' id='word_1_6' title='bbox 772 403 834 447; x_wconf 89' lang='lat' dir='ltr'>ad</span> <span class='ocrx_word' id='word_1_7' title='bbox 880 418 969 447; x_wconf 86' lang='lat' dir='ltr'>nos</span> <span class='ocrx_word' id='word_1_8' title='bbox 1014 403 1181 447; x_wconf 82' lang='lat' dir='ltr'>hostes</span> <span class='ocrx_word' id='word_1_9' title='bbox 1226 402 1481 449; x_wconf 74' lang='lat' dir='ltr'>intendere</span> <span class='ocrx_word' id='word_1_10' title='bbox 1522 405 1552 460; x_wconf 82' lang='lat'>¹,</span> <span class='ocrx_word' id='word_1_11' title='bbox 1595 419 1706 449; x_wconf 92' lang='lat' dir='ltr'>cum</span> <span class='ocrx_word' id='word_1_12' title='bbox 1746 420 1900 462; x_wconf 81' lang='lat' dir='ltr'>prope</span> 
     </span>
     <span class='ocr_line' id='line_1_3' title="bbox 271 478 1899 539; baseline 0.004 -17"><span class='ocrx_word' id='word_1_13' title='bbox 271 478 496 523; x_wconf 84' lang='lat' dir='ltr'>omnibus</span> <span class='ocrx_word' id='word_1_14' title='bbox 521 479 579 524; x_wconf 88' lang='lat' dir='ltr'>de</span> <span class='ocrx_word' id='word_1_15' title='bbox 604 479 704 524; x_wconf 87' lang='lat' dir='ltr'>suis</span> <span class='ocrx_word' id='word_1_16' title='bbox 740 481 888 525; x_wconf 85' lang='lat' dir='ltr'>rebus</span> <span class='ocrx_word' id='word_1_17' title='bbox 913 479 1169 536; x_wconf 84' lang='lat' dir='ltr'>potissima</span> <span class='ocrx_word' id='word_1_18' title='bbox 1194 495 1361 525; x_wconf 90' lang='lat' dir='ltr'>secum</span> <span class='ocrx_word' id='word_1_19' title='bbox 1396 481 1785 539; x_wconf 78' lang='lat' dir='ltr'>asportantibus,</span> <span class='ocrx_word' id='word_1_20' title='bbox 1812 498 1899 529; x_wconf 89' lang='lat' dir='ltr'>nos</span> 
     </span>
     <span class='ocr_line' id='line_1_4' title="bbox 270 556 1898 613; baseline 0.004 -15"><span class='ocrx_word' id='word_1_21' title='bbox 270 570 463 612; x_wconf 83' lang='lat' dir='ltr'>quoque</span> <span class='ocrx_word' id='word_1_22' title='bbox 488 556 585 601; x_wconf 88' lang='lat' dir='ltr'>alio</span> <span class='ocrx_word' id='word_1_23' title='bbox 611 556 953 612; x_wconf 86' lang='lat' dir='ltr'>proficiscendi</span> <span class='ocrx_word' id='word_1_24' title='bbox 979 556 1236 602; x_wconf 85' lang='lat' dir='ltr'>consilium</span> <span class='ocrx_word' id='word_1_25' title='bbox 1262 572 1572 613; x_wconf 79' lang='lat' dir='ltr'>ceperamus.</span> <span class='ocrx_word' id='word_1_26' title='bbox 1596 557 1695 604; x_wconf 84' lang='lat' dir='ltr'>Sed</span> <span class='ocrx_word' id='word_1_27' title='bbox 1713 575 1810 605; x_wconf 90' lang='lat' dir='ltr'>non</span> <span class='ocrx_word' id='word_1_28' title='bbox 1829 559 1898 606; x_wconf 87' lang='lat' dir='ltr'>ita</span> 
     </span>
     <span class='ocr_line' id='line_1_5' title="bbox 272 632 1899 692; baseline 0.004 -16"><span class='ocrx_word' id='word_1_29' title='bbox 272 632 423 677; x_wconf 89' lang='lat' dir='ltr'>multo</span> <span class='ocrx_word' id='word_1_30' title='bbox 459 642 586 689; x_wconf 88' lang='lat' dir='ltr'>post,</span> <span class='ocrx_word' id='word_1_31' title='bbox 615 633 723 678; x_wconf 89' lang='lat' dir='ltr'>Deo</span> <span class='ocrx_word' id='word_1_32' title='bbox 760 650 963 679; x_wconf 73' lang='lat' dir='ltr'>suorum</span> <span class='ocrx_word' id='word_1_33' title='bbox 999 633 1324 679; x_wconf 80' lang='lat' dir='ltr'>humilitatem</span> <span class='ocrx_word' id='word_1_34' title='bbox 1360 643 1681 691; x_wconf 79' lang='lat' dir='ltr'>agnoscente,</span> <span class='ocrx_word' id='word_1_35' title='bbox 1710 636 1790 692; x_wconf 89' lang='lat' dir='ltr'>qui</span> <span class='ocrx_word' id='word_1_36' title='bbox 1822 653 1899 682; x_wconf 87' lang='lat' dir='ltr'>vr-</span> 
     </span>
     <span class='ocr_line' id='line_1_6' title="bbox 268 709 1896 768; baseline 0.004 -15"><span class='ocrx_word' id='word_1_37' title='bbox 268 723 415 764; x_wconf 85' lang='lat' dir='ltr'>gente</span> <span class='ocrx_word' id='word_1_38' title='bbox 440 709 534 754; x_wconf 89' lang='lat' dir='ltr'>hac</span> <span class='ocrx_word' id='word_1_39' title='bbox 559 710 777 755; x_wconf 82' lang='lat' dir='ltr'>maxima</span> <span class='ocrx_word' id='word_1_40' title='bbox 812 710 1097 756; x_wconf 80' lang='lat' dir='ltr'>calamitate</span> <span class='ocrx_word' id='word_1_41' title='bbox 1131 710 1328 767; x_wconf 89' lang='lat' dir='ltr'>culpam</span> <span class='ocrx_word' id='word_1_42' title='bbox 1363 726 1504 757; x_wconf 90' lang='lat' dir='ltr'>suam</span> <span class='ocrx_word' id='word_1_43' title='bbox 1538 727 1896 768; x_wconf 88' lang='lat' dir='ltr'>recognoscen-</span> 
     </span>
     <span class='ocr_line' id='line_1_7' title="bbox 268 787 1922 853; baseline 0.004 -22"><span class='ocrx_word' id='word_1_44' title='bbox 268 795 341 831; x_wconf 85' lang='lat' dir='ltr'>tes</span> <span class='ocrx_word' id='word_1_45' title='bbox 366 802 474 832; x_wconf 88' lang='lat' dir='ltr'>sese</span> <span class='ocrx_word' id='word_1_46' title='bbox 510 787 572 832; x_wconf 87' lang='lat' dir='ltr'>ad</span> <span class='ocrx_word' id='word_1_47' title='bbox 606 787 765 832; x_wconf 86' lang='lat' dir='ltr'>Deum</span> <span class='ocrx_word' id='word_1_48' title='bbox 791 787 1043 853; x_wconf 77' lang='lat' dir='ltr'>diuosque,</span> <span class='ocrx_word' id='word_1_49' title='bbox 1073 803 1183 832; x_wconf 87' lang='lat' dir='ltr'>cum</span> <span class='ocrx_word' id='word_1_50' title='bbox 1209 787 1446 844; x_wconf 82' lang='lat' dir='ltr'>imprimis</span> <span class='ocrx_word' id='word_1_51' title='bbox 1472 804 1578 846; x_wconf 81' lang='lat' dir='ltr'>rex,</span> <span class='ocrx_word' id='word_1_52' title='bbox 1606 796 1709 834; x_wconf 84' lang='lat' dir='ltr'>tum</span> <span class='ocrx_word' id='word_1_53' title='bbox 1744 791 1898 837; x_wconf 91' lang='lat' dir='ltr'>ceteri</span> <span class='ocrx_word' id='word_1_54' title='bbox 1920 822 1922 825; x_wconf 34' lang='lat' dir='ltr'>f</span> 
     </span>
     <span class='ocr_line' id='line_1_8' title="bbox 269 864 1896 924; baseline 0.002 -16"><span class='ocrx_word' id='word_1_55' title='bbox 269 879 438 909; x_wconf 87' lang='lat' dir='ltr'>omnes</span> <span class='ocrx_word' id='word_1_56' title='bbox 472 873 847 921; x_wconf 85' lang='lat' dir='ltr'>conue1·terant;</span> <span class='ocrx_word' id='word_1_57' title='bbox 885 865 1038 910; x_wconf 87' lang='lat' dir='ltr'>tristis</span> <span class='ocrx_word' id='word_1_58' title='bbox 1072 865 1166 922; x_wconf 86' lang='lat' dir='ltr'>hic,</span> <span class='ocrx_word' id='word_1_59' title='bbox 1203 864 1284 921; x_wconf 89' lang='lat' dir='ltr'>qui</span> <span class='ocrx_word' id='word_1_60' title='bbox 1319 865 1786 924; x_wconf 74' lang='lat' dir='ltr'>circumferebatur,</span> <span class='ocrx_word' id='word_1_61' title='bbox 1821 883 1896 914; x_wconf 92' lang='lat' dir='ltr'>ru-</span> 
     </span>
     <span class='ocr_line' id='line_1_9' title="bbox 270 942 1177 998; baseline 0.002 -13"><span class='ocrx_word' id='word_1_62' title='bbox 270 957 379 986; x_wconf 89' lang='lat' dir='ltr'>mor</span> <span class='ocrx_word' id='word_1_63' title='bbox 405 957 589 986; x_wconf 86' lang='lat' dir='ltr'>raucus</span> <span class='ocrx_word' id='word_1_64' title='bbox 614 942 877 998; x_wconf 85' lang='lat' dir='ltr'>aliquando</span> <span class='ocrx_word' id='word_1_65' title='bbox 902 951 976 988; x_wconf 90' lang='lat' dir='ltr'>est</span> <span class='ocrx_word' id='word_1_66' title='bbox 1000 942 1177 987; x_wconf 82' lang='lat' dir='ltr'>factus.</span> 
     </span>
    </p>

    <p class='ocr_par' dir='ltr' id='par_1_3' title="bbox 266 1018 1922 2073">
     <span class='ocr_line' id='line_1_10' title="bbox 329 1018 1898 1078; baseline 0.003 -15"><span class='ocrx_word' id='word_1_67' title='bbox 329 1018 370 1063; x_wconf 76' lang='lat'>2.</span> <span class='ocrx_word' id='word_1_68' title='bbox 438 1018 605 1075; x_wconf 78' lang='lat' dir='ltr'>Atque</span> <span class='ocrx_word' id='word_1_69' title='bbox 632 1028 683 1064; x_wconf 80' lang='lat' dir='ltr'>vt</span> <span class='ocrx_word' id='word_1_70' title='bbox 708 1019 752 1063; x_wconf 91' lang='lat' dir='ltr'>in</span> <span class='ocrx_word' id='word_1_71' title='bbox 778 1019 1081 1076; x_wconf 78' lang='lat' dir='ltr'>nauigando,</span> <span class='ocrx_word' id='word_1_72' title='bbox 1109 1018 1179 1064; x_wconf 89' lang='lat' dir='ltr'>sic</span> <span class='ocrx_word' id='word_1_73' title='bbox 1209 1035 1298 1064; x_wconf 89' lang='lat' dir='ltr'>nos</span> <span class='ocrx_word' id='word_1_74' title='bbox 1323 1019 1605 1076; x_wconf 89' lang='lat' dir='ltr'>tempestati</span> <span class='ocrx_word' id='word_1_75' title='bbox 1639 1020 1898 1078; x_wconf 89' lang='lat' dir='ltr'>obsequuti</span> 
     </span>
     <span class='ocr_line' id='line_1_11' title="bbox 270 1096 1896 1154; baseline 0.002 -15"><span class='ocrx_word' id='word_1_76' title='bbox 270 1111 461 1153; x_wconf 88' lang='lat' dir='ltr'>sumus,</span> <span class='ocrx_word' id='word_1_77' title='bbox 498 1111 589 1141; x_wconf 91' lang='lat' dir='ltr'>nec</span> <span class='ocrx_word' id='word_1_78' title='bbox 624 1105 866 1153; x_wconf 87' lang='lat' dir='ltr'>perpetua</span> <span class='ocrx_word' id='word_1_79' title='bbox 901 1097 947 1141; x_wconf 90' lang='lat' dir='ltr'>in</span> <span class='ocrx_word' id='word_1_80' title='bbox 982 1096 1121 1141; x_wconf 86' lang='lat' dir='ltr'>nobis</span> <span class='ocrx_word' id='word_1_81' title='bbox 1156 1096 1215 1141; x_wconf 93' lang='lat' dir='ltr'>de</span> <span class='ocrx_word' id='word_1_82' title='bbox 1250 1096 1479 1153; x_wconf 89' lang='lat' dir='ltr'>profectu</span> <span class='ocrx_word' id='word_1_83' title='bbox 1513 1098 1757 1143; x_wconf 87' lang='lat' dir='ltr'>sententia</span> <span class='ocrx_word' id='word_1_84' title='bbox 1791 1114 1896 1154; x_wconf 89' lang='lat' dir='ltr'>per-</span> 
     </span>
     <span class='ocr_line' id='line_1_12' title="bbox 270 1173 1897 1231; baseline 0.002 -14"><span class='ocrx_word' id='word_1_85' title='bbox 270 1173 464 1219; x_wconf 84' lang='lat' dir='ltr'>mansit.</span> <span class='ocrx_word' id='word_1_86' title='bbox 494 1173 637 1230; x_wconf 81' lang='lat' dir='ltr'>Quae</span> <span class='ocrx_word' id='word_1_87' title='bbox 657 1189 766 1219; x_wconf 88' lang='lat' dir='ltr'>cum</span> <span class='ocrx_word' id='word_1_88' title='bbox 790 1175 925 1219; x_wconf 86' lang='lat' dir='ltr'>ciues</span> <span class='ocrx_word' id='word_1_89' title='bbox 949 1174 1248 1230; x_wconf 84' lang='lat' dir='ltr'>parisienses</span> <span class='ocrx_word' id='word_1_90' title='bbox 1267 1173 1495 1220; x_wconf 88' lang='lat' dir='ltr'>viderent</span> <span class='ocrx_word' id='word_1_91' title='bbox 1520 1174 1792 1231; x_wconf 84' lang='lat' dir='ltr'>(prosperis</span> <span class='ocrx_word' id='word_1_92' title='bbox 1815 1191 1897 1221; x_wconf 89' lang='lat' dir='ltr'>an-</span> 
     </span>
     <span class='ocr_line' id='line_1_13' title="bbox 269 1251 1894 1310; baseline 0.001 -14"><span class='ocrx_word' id='word_1_93' title='bbox 269 1259 349 1296; x_wconf 90' lang='lat' dir='ltr'>tea</span> <span class='ocrx_word' id='word_1_94' title='bbox 376 1251 526 1296; x_wconf 87' lang='lat' dir='ltr'>rebus</span> <span class='ocrx_word' id='word_1_95' title='bbox 552 1251 826 1308; x_wconf 88' lang='lat' dir='ltr'>occaecati)</span> <span class='ocrx_word' id='word_1_96' title='bbox 853 1251 897 1296; x_wconf 88' lang='lat' dir='ltr'>in</span> <span class='ocrx_word' id='word_1_97' title='bbox 922 1267 1031 1296; x_wconf 89' lang='lat' dir='ltr'>sese</span> <span class='ocrx_word' id='word_1_98' title='bbox 1056 1251 1377 1309; x_wconf 85' lang='lat' dir='ltr'>descendere,</span> <span class='ocrx_word' id='word_1_99' title='bbox 1405 1260 1453 1297; x_wconf 91' lang='lat' dir='ltr'>et</span> <span class='ocrx_word' id='word_1_100' title='bbox 1483 1251 1547 1297; x_wconf 87' lang='lat' dir='ltr'>ab</span> <span class='ocrx_word' id='word_1_101' title='bbox 1582 1252 1712 1297; x_wconf 92' lang='lat' dir='ltr'>omni</span> <span class='ocrx_word' id='word_1_102' title='bbox 1746 1268 1894 1310; x_wconf 88' lang='lat' dir='ltr'>nego-</span> 
     </span>
     <span class='ocr_line' id='line_1_14' title="bbox 268 1327 1895 1376; baseline 0.001 -2"><span class='ocrx_word' id='word_1_103' title='bbox 268 1327 335 1374; x_wconf 90' lang='lat' dir='ltr'>tio</span> <span class='ocrx_word' id='word_1_104' title='bbox 360 1329 419 1374; x_wconf 84' lang='lat' dir='ltr'>ad</span> <span class='ocrx_word' id='word_1_105' title='bbox 454 1328 809 1374; x_wconf 87' lang='lat' dir='ltr'>conscientiam</span> <span class='ocrx_word' id='word_1_106' title='bbox 845 1344 986 1374; x_wconf 91' lang='lat' dir='ltr'>suam</span> <span class='ocrx_word' id='word_1_107' title='bbox 1022 1330 1156 1374; x_wconf 91' lang='lat' dir='ltr'>velut</span> <span class='ocrx_word' id='word_1_108' title='bbox 1191 1344 1389 1374; x_wconf 86' lang='lat' dir='ltr'>sacram</span> <span class='ocrx_word' id='word_1_109' title='bbox 1423 1329 1697 1375; x_wconf 89' lang='lat' dir='ltr'>anchoram</span> <span class='ocrx_word' id='word_1_110' title='bbox 1731 1330 1895 1376; x_wconf 83' lang='lat' dir='ltr'>confu-</span> 
     </span>
     <span class='ocr_line' id='line_1_15' title="bbox 266 1405 1920 1463; baseline 0.002 -13"><span class='ocrx_word' id='word_1_111' title='bbox 266 1421 391 1462; x_wconf 82' lang='lat' dir='ltr'>gere</span> <span class='ocrx_word' id='word_1_112' title='bbox 416 1415 528 1451; x_wconf 89' lang='lat' dir='ltr'>sunt</span> <span class='ocrx_word' id='word_1_113' title='bbox 559 1405 738 1451; x_wconf 91' lang='lat' dir='ltr'>coacti.</span> <span class='ocrx_word' id='word_1_114' title='bbox 768 1405 877 1451; x_wconf 88' lang='lat' dir='ltr'>Hac</span> <span class='ocrx_word' id='word_1_115' title='bbox 915 1406 1041 1451; x_wconf 90' lang='lat' dir='ltr'>enim</span> <span class='ocrx_word' id='word_1_116' title='bbox 1077 1414 1371 1463; x_wconf 89' lang='lat' dir='ltr'>tempestate</span> <span class='ocrx_word' id='word_1_117' title='bbox 1402 1405 1521 1452; x_wconf 90' lang='lat' dir='ltr'>facti</span> <span class='ocrx_word' id='word_1_118' title='bbox 1551 1406 1920 1463; x_wconf 78' lang='lat' dir='ltr'>prudentiores&#39;</span> 
     </span>
     <span class='ocr_line' id='line_1_16' title="bbox 267 1483 1890 1542; baseline 0.001 -13"><span class='ocrx_word' id='word_1_119' title='bbox 267 1499 409 1529; x_wconf 90' lang='lat' dir='ltr'>suam</span> <span class='ocrx_word' id='word_1_120' title='bbox 434 1493 752 1540; x_wconf 86' lang='lat' dir='ltr'>agnouerunt</span> <span class='ocrx_word' id='word_1_121' title='bbox 772 1484 985 1540; x_wconf 74' lang='lat' dir='ltr'>culpam3</span> <span class='ocrx_word' id='word_1_122' title='bbox 1008 1484 1335 1540; x_wconf 86' lang='lat' dir='ltr'>quamobrem</span> <span class='ocrx_word' id='word_1_123' title='bbox 1354 1483 1448 1530; x_wconf 92' lang='lat' dir='ltr'>Dei</span> <span class='ocrx_word' id='word_1_124' title='bbox 1468 1484 1772 1542; x_wconf 86' lang='lat' dir='ltr'>benignitate</span> <span class='ocrx_word' id='word_1_125' title='bbox 1796 1484 1890 1531; x_wconf 84' lang='lat' dir='ltr'>fre-</span> 
     </span>
     <span class='ocr_line' id='line_1_17' title="bbox 267 1559 1908 1617; baseline 0.002 -12"><span class='ocrx_word' id='word_1_126' title='bbox 267 1560 569 1617; x_wconf 88' lang='lat' dir='ltr'>quentissimi</span> <span class='ocrx_word' id='word_1_127' title='bbox 595 1560 657 1606; x_wconf 90' lang='lat' dir='ltr'>ad</span> <span class='ocrx_word' id='word_1_128' title='bbox 682 1577 771 1606; x_wconf 86' lang='lat' dir='ltr'>nos</span> <span class='ocrx_word' id='word_1_129' title='bbox 796 1560 1073 1606; x_wconf 89' lang='lat' dir='ltr'>confessuri</span> <span class='ocrx_word' id='word_1_130' title='bbox 1108 1561 1368 1607; x_wconf 90' lang='lat' dir='ltr'>accedunt.</span> <span class='ocrx_word' id='word_1_131' title='bbox 1398 1559 1481 1607; x_wconf 83' lang='lat' dir='ltr'>Sic</span> <span class='ocrx_word' id='word_1_132' title='bbox 1513 1562 1656 1608; x_wconf 86' lang='lat' dir='ltr'>nobis</span> <span class='ocrx_word' id='word_1_133' title='bbox 1691 1562 1908 1614; x_wconf 83' lang='lat' dir='ltr'>vexatio</span> 
     </span>
     <span class='ocr_line' id='line_1_18' title="bbox 266 1638 1892 1699; baseline 0.002 -16"><span class='ocrx_word' id='word_1_134' title='bbox 266 1638 572 1684; x_wconf 90' lang='lat' dir='ltr'>intellectum</span> <span class='ocrx_word' id='word_1_135' title='bbox 597 1638 745 1696; x_wconf 80' lang='lat' dir='ltr'>dedit,</span> <span class='ocrx_word' id='word_1_136' title='bbox 775 1648 827 1684; x_wconf 81' lang='lat' dir='ltr'>vt</span> <span class='ocrx_word' id='word_1_137' title='bbox 861 1639 907 1683; x_wconf 92' lang='lat' dir='ltr'>in</span> <span class='ocrx_word' id='word_1_138' title='bbox 944 1655 1155 1696; x_wconf 86' lang='lat' dir='ltr'>quorum</span> <span class='ocrx_word' id='word_1_139' title='bbox 1191 1639 1438 1685; x_wconf 88' lang='lat' dir='ltr'>obliuione</span> <span class='ocrx_word' id='word_1_140' title='bbox 1472 1649 1622 1686; x_wconf 90' lang='lat' dir='ltr'>antea</span> <span class='ocrx_word' id='word_1_141' title='bbox 1655 1640 1793 1686; x_wconf 90' lang='lat' dir='ltr'>Deus</span> <span class='ocrx_word' id='word_1_142' title='bbox 1826 1639 1892 1699; x_wconf 65' lang='lat' dir='ltr'>jaj-</span> 
     </span>
     <span class='ocr_line' id='line_1_19' title="bbox 267 1716 1893 1774; baseline 0.002 -14"><span class='ocrx_word' id='word_1_143' title='bbox 267 1725 457 1774; x_wconf 81' lang='lat' dir='ltr'>cuerat‚</span> <span class='ocrx_word' id='word_1_144' title='bbox 485 1732 617 1762; x_wconf 91' lang='lat' dir='ltr'>nunc</span> <span class='ocrx_word' id='word_1_145' title='bbox 641 1716 779 1772; x_wconf 86' lang='lat' dir='ltr'>quasi</span> <span class='ocrx_word' id='word_1_146' title='bbox 805 1717 1026 1773; x_wconf 89' lang='lat' dir='ltr'>sepultus</span> <span class='ocrx_word' id='word_1_147' title='bbox 1061 1717 1108 1762; x_wconf 89' lang='lat' dir='ltr'>in</span> <span class='ocrx_word' id='word_1_148' title='bbox 1142 1717 1431 1763; x_wconf 91' lang='lat' dir='ltr'>eorumdem</span> <span class='ocrx_word' id='word_1_149' title='bbox 1465 1718 1710 1764; x_wconf 90' lang='lat' dir='ltr'>mentibus</span> <span class='ocrx_word' id='word_1_150' title='bbox 1734 1733 1893 1764; x_wconf 88' lang='lat' dir='ltr'>resus-</span> 
     </span>
     <span class='ocr_line' id='line_1_20' title="bbox 267 1793 1891 1853; baseline 0.001 -14"><span class='ocrx_word' id='word_1_151' title='bbox 267 1794 399 1840; x_wconf 88' lang='lat' dir='ltr'>citet.</span> <span class='ocrx_word' id='word_1_152' title='bbox 416 1793 549 1840; x_wconf 72' lang='lat' dir='ltr'>Illud</span> <span class='ocrx_word' id='word_1_153' title='bbox 581 1794 706 1839; x_wconf 90' lang='lat' dir='ltr'>enim</span> <span class='ocrx_word' id='word_1_154' title='bbox 739 1794 955 1840; x_wconf 78' lang='lat' dir='ltr'>maxime</span> <span class='ocrx_word' id='word_1_155' title='bbox 979 1795 1024 1840; x_wconf 92' lang='lat' dir='ltr'>id</span> <span class='ocrx_word' id='word_1_156' title='bbox 1050 1796 1235 1852; x_wconf 81' lang='lat' dir='ltr'>arguit,</span> <span class='ocrx_word' id='word_1_157' title='bbox 1263 1795 1393 1852; x_wconf 89' lang='lat' dir='ltr'>quod</span> <span class='ocrx_word' id='word_1_158' title='bbox 1419 1812 1529 1841; x_wconf 89' lang='lat' dir='ltr'>cum</span> <span class='ocrx_word' id='word_1_159' title='bbox 1554 1811 1584 1841; x_wconf 92' lang='lat' dir='ltr'>a</span> <span class='ocrx_word' id='word_1_160' title='bbox 1607 1796 1772 1841; x_wconf 79' lang='lat' dir='ltr'>multis</span> <span class='ocrx_word' id='word_1_161' title='bbox 1793 1794 1891 1853; x_wconf 85' lang='lat' dir='ltr'>jam</span> 
     </span>
     <span class='ocr_line' id='line_1_21' title="bbox 267 1872 1893 1930; baseline 0.002 -14"><span class='ocrx_word' id='word_1_162' title='bbox 267 1872 406 1916; x_wconf 90' lang='lat' dir='ltr'>annis</span> <span class='ocrx_word' id='word_1_163' title='bbox 441 1872 575 1916; x_wconf 87' lang='lat' dir='ltr'>nulla</span> <span class='ocrx_word' id='word_1_164' title='bbox 609 1872 655 1916; x_wconf 90' lang='lat' dir='ltr'>in</span> <span class='ocrx_word' id='word_1_165' title='bbox 690 1872 941 1918; x_wconf 86' lang='lat' dir='ltr'>hereticos</span> <span class='ocrx_word' id='word_1_166' title='bbox 975 1882 1106 1918; x_wconf 90' lang='lat' dir='ltr'>esset</span> <span class='ocrx_word' id='word_1_167' title='bbox 1139 1873 1524 1930; x_wconf 86' lang='lat' dir='ltr'>animaduersio,</span> <span class='ocrx_word' id='word_1_168' title='bbox 1559 1873 1893 1930; x_wconf 80' lang='lat' dir='ltr'>superioribus</span> 
     </span>
     <span class='ocr_line' id='line_1_22' title="bbox 267 1948 1922 2006; baseline 0.002 -13"><span class='ocrx_word' id='word_1_169' title='bbox 267 1948 438 1995; x_wconf 88' lang='lat' dir='ltr'>diebus</span> <span class='ocrx_word' id='word_1_170' title='bbox 463 1965 617 2006; x_wconf 91' lang='lat' dir='ltr'>prope</span> <span class='ocrx_word' id='word_1_171' title='bbox 643 1949 839 1994; x_wconf 88' lang='lat' dir='ltr'>ducenti</span> <span class='ocrx_word' id='word_1_172' title='bbox 876 1949 1133 2006; x_wconf 81' lang='lat' dir='ltr'>Vtriusque</span> <span class='ocrx_word' id='word_1_173' title='bbox 1158 1966 1306 1995; x_wconf 77' lang='lat' dir='ltr'>sexus</span> <span class='ocrx_word' id='word_1_174' title='bbox 1331 1950 1537 1996; x_wconf 91' lang='lat' dir='ltr'>heretici</span> <span class='ocrx_word' id='word_1_175' title='bbox 1560 1951 1608 1996; x_wconf 92' lang='lat' dir='ltr'>in</span> <span class='ocrx_word' id='word_1_176' title='bbox 1632 1966 1889 1997; x_wconf 88' lang='lat' dir='ltr'>carcerem</span> <span class='ocrx_word' id='word_1_177' title='bbox 1920 1984 1922 1992; x_wconf 77' lang='lat'>.</span> 
     </span>
     <span class='ocr_line' id='line_1_23' title="bbox 267 2026 702 2073; baseline 0.002 -2"><span class='ocrx_word' id='word_1_178' title='bbox 267 2026 477 2073; x_wconf 90' lang='lat' dir='ltr'>coniecti</span> <span class='ocrx_word' id='word_1_179' title='bbox 501 2026 702 2072; x_wconf 89' lang='lat' dir='ltr'>fuerint.</span> 
     </span>
    </p>

    <p class='ocr_par' dir='ltr' id='par_1_4' title="bbox 262 2103 1917 2939">
     <span class='ocr_line' id='line_1_24' title="bbox 324 2103 1891 2162; baseline 0.001 -13"><span class='ocrx_word' id='word_1_180' title='bbox 324 2103 367 2149; x_wconf 75' lang='lat'>3.</span> <span class='ocrx_word' id='word_1_181' title='bbox 435 2104 566 2150; x_wconf 88' lang='lat' dir='ltr'>Male</span> <span class='ocrx_word' id='word_1_182' title='bbox 592 2105 818 2162; x_wconf 87' lang='lat' dir='ltr'>equidem</span> <span class='ocrx_word' id='word_1_183' title='bbox 843 2105 1045 2162; x_wconf 89' lang='lat' dir='ltr'>(optime</span> <span class='ocrx_word' id='word_1_184' title='bbox 1082 2121 1204 2151; x_wconf 78' lang='lat' dir='ltr'>vero</span> <span class='ocrx_word' id='word_1_185' title='bbox 1240 2106 1353 2162; x_wconf 87' lang='lat' dir='ltr'>quia</span> <span class='ocrx_word' id='word_1_186' title='bbox 1387 2105 1479 2151; x_wconf 91' lang='lat' dir='ltr'>Dei</span> <span class='ocrx_word' id='word_1_187' title='bbox 1516 2106 1760 2151; x_wconf 88' lang='lat' dir='ltr'>voluntati</span> <span class='ocrx_word' id='word_1_188' title='bbox 1785 2121 1891 2151; x_wconf 90' lang='lat' dir='ltr'>con-</span> 
     </span>
     <span class='ocr_line' id='line_1_25' title="bbox 266 2183 1892 2241; baseline 0.002 -15"><span class='ocrx_word' id='word_1_189' title='bbox 266 2191 510 2238; x_wconf 87' lang='lat' dir='ltr'>gruenter</span> <span class='ocrx_word' id='word_1_190' title='bbox 534 2183 721 2240; x_wconf 84' lang='lat' dir='ltr'>actum)</span> <span class='ocrx_word' id='word_1_191' title='bbox 745 2192 820 2229; x_wconf 91' lang='lat' dir='ltr'>est</span> <span class='ocrx_word' id='word_1_192' title='bbox 843 2198 1131 2240; x_wconf 87' lang='lat' dir='ltr'>processum</span> <span class='ocrx_word' id='word_1_193' title='bbox 1156 2184 1284 2240; x_wconf 90' lang='lat' dir='ltr'>apud</span> <span class='ocrx_word' id='word_1_194' title='bbox 1310 2199 1415 2241; x_wconf 84' lang='lat' dir='ltr'>nos,</span> <span class='ocrx_word' id='word_1_195' title='bbox 1438 2183 1567 2240; x_wconf 86' lang='lat' dir='ltr'>quod</span> <span class='ocrx_word' id='word_1_196' title='bbox 1593 2183 1673 2240; x_wconf 91' lang='lat' dir='ltr'>qui</span> <span class='ocrx_word' id='word_1_197' title='bbox 1698 2183 1892 2229; x_wconf 81' lang='lat' dir='ltr'>Vltimus</span> 
     </span>
     <span class='ocr_line' id='line_1_26' title="bbox 266 2255 1887 2319; baseline 0.001 -14"><span class='ocrx_word' id='word_1_198' title='bbox 266 2260 312 2305; x_wconf 93' lang='lat' dir='ltr'>in</span> <span class='ocrx_word' id='word_1_199' title='bbox 338 2258 642 2306; x_wconf 87' lang='lat' dir='ltr'>Societatem</span> <span class='ocrx_word' id='word_1_200' title='bbox 679 2261 988 2318; x_wconf 87' lang='lat' dir='ltr'>cooptandus</span> <span class='ocrx_word' id='word_1_201' title='bbox 1022 2271 1326 2319; x_wconf 87' lang='lat' dir='ltr'>accesserat,</span> <span class='ocrx_word' id='word_1_202' title='bbox 1353 2262 1645 2319; x_wconf 86' lang='lat' dir='ltr'>profuturus</span> <span class='ocrx_word' id='word_1_203' title='bbox 1680 2262 1759 2307; x_wconf 91' lang='lat' dir='ltr'>ille</span> <span class='ocrx_word' id='word_1_204' title='bbox 1792 2255 1887 2318; x_wconf 84' lang='lat' dir='ltr'>qui-</span> 
     </span>
     <span class='ocr_line' id='line_1_27' title="bbox 266 2337 1890 2404; baseline 0.001 -21"><span class='ocrx_word' id='word_1_205' title='bbox 266 2338 392 2394; x_wconf 91' lang='lat' dir='ltr'>dem,</span> <span class='ocrx_word' id='word_1_206' title='bbox 420 2337 631 2384; x_wconf 79' lang='lat' dir='ltr'>feliciter</span> <span class='ocrx_word' id='word_1_207' title='bbox 651 2338 771 2384; x_wconf 90' lang='lat' dir='ltr'>obiit</span> <span class='ocrx_word' id='word_1_208' title='bbox 793 2348 967 2384; x_wconf 90' lang='lat' dir='ltr'>nostro</span> <span class='ocrx_word' id='word_1_209' title='bbox 1002 2354 1121 2384; x_wconf 87' lang='lat' dir='ltr'>sane</span> <span class='ocrx_word' id='word_1_210' title='bbox 1156 2355 1340 2396; x_wconf 89' lang='lat' dir='ltr'>magno</span> <span class='ocrx_word' id='word_1_211' title='bbox 1364 2339 1692 2397; x_wconf 86' lang='lat' dir='ltr'>incommodo;</span> <span class='ocrx_word' id='word_1_212' title='bbox 1720 2338 1890 2404; x_wconf 76' lang='lat' dir='ltr'>quippe</span> 
     </span>
     <span class='ocr_line' id='line_1_28' title="bbox 264 2415 1917 2481; baseline 0.001 -21"><span class='ocrx_word' id='word_1_213' title='bbox 264 2424 317 2460; x_wconf 88' lang='lat' dir='ltr'>vt</span> <span class='ocrx_word' id='word_1_214' title='bbox 342 2415 422 2473; x_wconf 92' lang='lat' dir='ltr'>qui</span> <span class='ocrx_word' id='word_1_215' title='bbox 447 2415 685 2461; x_wconf 89' lang='lat' dir='ltr'>sacerdos</span> <span class='ocrx_word' id='word_1_216' title='bbox 719 2425 868 2473; x_wconf 86' lang='lat' dir='ltr'>esset,</span> <span class='ocrx_word' id='word_1_217' title='bbox 895 2416 953 2462; x_wconf 87' lang='lat' dir='ltr'>iis</span> <span class='ocrx_word' id='word_1_218' title='bbox 988 2417 1066 2474; x_wconf 90' lang='lat' dir='ltr'>qui</span> <span class='ocrx_word' id='word_1_219' title='bbox 1103 2417 1500 2463; x_wconf 82' lang='lat' dir='ltr'>confessionibus</span> <span class='ocrx_word' id='word_1_220' title='bbox 1533 2417 1788 2463; x_wconf 86' lang='lat' dir='ltr'>audiendis</span> <span class='ocrx_word' id='word_1_221' title='bbox 1818 2431 1889 2481; x_wconf 53' lang='lat' dir='ltr'>saj</span> <span class='ocrx_word' id='word_1_222' title='bbox 1916 2441 1917 2446; x_wconf 65' lang='lat'><em>=</em></span> 
     </span>
     <span class='ocr_line' id='line_1_29' title="bbox 263 2489 1886 2552; baseline 0.002 -15"><span class='ocrx_word' id='word_1_223' title='bbox 263 2492 497 2538; x_wconf 90' lang='lat' dir='ltr'>tisfacere</span> <span class='ocrx_word' id='word_1_224' title='bbox 522 2509 617 2539; x_wconf 89' lang='lat' dir='ltr'>non</span> <span class='ocrx_word' id='word_1_225' title='bbox 640 2505 865 2551; x_wconf 86' lang='lat' dir='ltr'>possunt,</span> <span class='ocrx_word' id='word_1_226' title='bbox 888 2510 1121 2552; x_wconf 87' lang='lat' dir='ltr'>magnum</span> <span class='ocrx_word' id='word_1_227' title='bbox 1143 2504 1254 2540; x_wconf 87' lang='lat' dir='ltr'>erat</span> <span class='ocrx_word' id='word_1_228' title='bbox 1273 2495 1610 2540; x_wconf 88' lang='lat' dir='ltr'>adiumentum</span> <span class='ocrx_word' id='word_1_229' title='bbox 1630 2489 1886 2540; x_wconf 70' lang='lat' dir='ltr'>allaturusj.</span> 
     </span>
     <span class='ocr_line' id='line_1_30' title="bbox 262 2570 1889 2646; baseline 0.002 -31"><span class='ocrx_word' id='word_1_230' title='bbox 262 2570 428 2627; x_wconf 82' lang='lat' dir='ltr'>Atque</span> <span class='ocrx_word' id='word_1_231' title='bbox 452 2586 563 2616; x_wconf 92' lang='lat' dir='ltr'>cum</span> <span class='ocrx_word' id='word_1_232' title='bbox 588 2571 803 2628; x_wconf 87' lang='lat' dir='ltr'>vndique</span> <span class='ocrx_word' id='word_1_233' title='bbox 827 2572 970 2617; x_wconf 85' lang='lat' dir='ltr'>varie</span> <span class='ocrx_word' id='word_1_234' title='bbox 1001 2572 1268 2629; x_wconf 81' lang='lat' dir='ltr'>agitemur,</span> <span class='ocrx_word' id='word_1_235' title='bbox 1297 2588 1500 2629; x_wconf 88' lang='lat' dir='ltr'>proram</span> <span class='ocrx_word' id='word_1_236' title='bbox 1524 2581 1691 2618; x_wconf 91' lang='lat' dir='ltr'>tamen</span> <span class='ocrx_word' id='word_1_237' title='bbox 1712 2581 1759 2617; x_wconf 87' lang='lat' dir='ltr'>et</span> <span class='ocrx_word' id='word_1_238' title='bbox 1776 2575 1889 2646; x_wconf 47' lang='lat' dir='ltr'>pupj</span> 
     </span>
     <span class='ocr_line' id='line_1_31' title="bbox 262 2647 1913 2705; baseline 0.002 -13"><span class='ocrx_word' id='word_1_239' title='bbox 262 2647 359 2704; x_wconf 91' lang='lat' dir='ltr'>pim</span> <span class='ocrx_word' id='word_1_240' title='bbox 395 2649 530 2694; x_wconf 88' lang='lat' dir='ltr'>vitae</span> <span class='ocrx_word' id='word_1_241' title='bbox 565 2649 715 2695; x_wconf 89' lang='lat' dir='ltr'>totius</span> <span class='ocrx_word' id='word_1_242' title='bbox 748 2657 954 2695; x_wconf 87' lang='lat' dir='ltr'>nostrae</span> <span class='ocrx_word' id='word_1_243' title='bbox 985 2659 1034 2695; x_wconf 88' lang='lat' dir='ltr'>et</span> <span class='ocrx_word' id='word_1_244' title='bbox 1068 2651 1238 2695; x_wconf 82' lang='lat' dir='ltr'>salutis</span> <span class='ocrx_word' id='word_1_245' title='bbox 1261 2650 1309 2695; x_wconf 92' lang='lat' dir='ltr'>in</span> <span class='ocrx_word' id='word_1_246' title='bbox 1333 2650 1442 2695; x_wconf 92' lang='lat' dir='ltr'>Deo</span> <span class='ocrx_word' id='word_1_247' title='bbox 1466 2650 1612 2695; x_wconf 88' lang='lat' dir='ltr'>sitam</span> <span class='ocrx_word' id='word_1_248' title='bbox 1636 2650 1884 2705; x_wconf 75' lang='lat' dir='ltr'>habenteS,</span> <span class='ocrx_word' id='word_1_249' title='bbox 1912 2679 1913 2686; x_wconf 27' lang='grc' dir='ltr'><strong>κ</strong></span> 
     </span>
     <span class='ocr_line' id='line_1_32' title="bbox 263 2723 1888 2784; baseline 0.001 -14"><span class='ocrx_word' id='word_1_250' title='bbox 263 2741 407 2770; x_wconf 90' lang='lat' dir='ltr'>nemo</span> <span class='ocrx_word' id='word_1_251' title='bbox 433 2726 658 2782; x_wconf 91' lang='lat' dir='ltr'>equidem</span> <span class='ocrx_word' id='word_1_252' title='bbox 682 2734 908 2772; x_wconf 87' lang='lat' dir='ltr'>nostrum</span> <span class='ocrx_word' id='word_1_253' title='bbox 943 2742 972 2772; x_wconf 87' lang='lat' dir='ltr'>a</span> <span class='ocrx_word' id='word_1_254' title='bbox 1007 2742 1062 2772; x_wconf 92' lang='lat' dir='ltr'>re</span> <span class='ocrx_word' id='word_1_255' title='bbox 1101 2728 1197 2772; x_wconf 85' lang='lat' dir='ltr'>vlla</span> <span class='ocrx_word' id='word_1_256' title='bbox 1230 2726 1283 2772; x_wconf 91' lang='lat' dir='ltr'>fit</span> <span class='ocrx_word' id='word_1_257' title='bbox 1316 2727 1523 2773; x_wconf 87' lang='lat' dir='ltr'>tardior.</span> <span class='ocrx_word' id='word_1_258' title='bbox 1551 2726 1698 2784; x_wconf 86' lang='lat' dir='ltr'>Quod</span> <span class='ocrx_word' id='word_1_259' title='bbox 1722 2727 1762 2772; x_wconf 93' lang='lat' dir='ltr'>si</span> <span class='ocrx_word' id='word_1_260' title='bbox 1784 2723 1888 2784; x_wconf 73' lang='lat' dir='ltr'>tibi,</span> 
     </span>
     <span class='ocr_line' id='line_1_33' title="bbox 264 2800 1912 2866; baseline 0.002 -20"><span class='ocrx_word' id='word_1_261' title='bbox 264 2801 317 2847; x_wconf 81' lang='lat' dir='ltr'>P.</span> <span class='ocrx_word' id='word_1_262' title='bbox 345 2802 420 2859; x_wconf 60' lang='lat' dir='ltr'>R„</span> <span class='ocrx_word' id='word_1_263' title='bbox 458 2819 548 2848; x_wconf 89' lang='lat' dir='ltr'>nos</span> <span class='ocrx_word' id='word_1_264' title='bbox 583 2803 757 2849; x_wconf 92' lang='lat' dir='ltr'>eodem</span> <span class='ocrx_word' id='word_1_265' title='bbox 793 2819 989 2861; x_wconf 88' lang='lat' dir='ltr'>semper</span> <span class='ocrx_word' id='word_1_266' title='bbox 1024 2804 1147 2861; x_wconf 90' lang='lat' dir='ltr'>pede</span> <span class='ocrx_word' id='word_1_267' title='bbox 1181 2804 1411 2850; x_wconf 91' lang='lat' dir='ltr'>incedere</span> <span class='ocrx_word' id='word_1_268' title='bbox 1446 2804 1749 2862; x_wconf 90' lang='lat' dir='ltr'>videremur,</span> <span class='ocrx_word' id='word_1_269' title='bbox 1782 2800 1912 2866; x_wconf 58' lang='lat' dir='ltr'>prossfs-·</span> 
     </span>
     <span class='ocr_line' id='line_1_34' title="bbox 263 2870 1886 2939; baseline 0.002 -16"><span class='ocrx_word' id='word_1_270' title='bbox 263 2887 437 2934; x_wconf 86' lang='lat' dir='ltr'>pterea</span> <span class='ocrx_word' id='word_1_271' title='bbox 462 2880 591 2936; x_wconf 88' lang='lat' dir='ltr'>quod</span> <span class='ocrx_word' id='word_1_272' title='bbox 615 2880 730 2925; x_wconf 92' lang='lat' dir='ltr'>nihil</span> <span class='ocrx_word' id='word_1_273' title='bbox 753 2889 838 2926; x_wconf 91' lang='lat' dir='ltr'>tua</span> <span class='ocrx_word' id='word_1_274' title='bbox 863 2880 1105 2938; x_wconf 89' lang='lat' dir='ltr'>dignitate</span> <span class='ocrx_word' id='word_1_275' title='bbox 1129 2890 1178 2926; x_wconf 91' lang='lat' dir='ltr'>et</span> <span class='ocrx_word' id='word_1_276' title='bbox 1201 2881 1511 2938; x_wconf 89' lang='lat' dir='ltr'>praestantia</span> <span class='ocrx_word' id='word_1_277' title='bbox 1535 2881 1738 2938; x_wconf 86' lang='lat' dir='ltr'>dignum</span> <span class='ocrx_word' id='word_1_278' title='bbox 1763 2870 1886 2939; x_wconf 60' lang='lat' dir='ltr'>quod</span> 
     </span>
    </p>
   </div>
   <div class='ocr_carea' id='block_1_3' title="bbox 1909 0 1950 3348">
    <p class='ocr_par' dir='ltr' id='par_1_5' title="bbox 1909 0 1950 3348">
     <span class='ocr_line' id='line_1_35' title="bbox 1909 0 1950 2912; baseline 0 -149"><span class='ocrx_word' id='word_1_279' title='bbox 1909 0 1950 2912; x_wconf 95' lang='lat' dir='ltr'>    </span> 
     </span>
     <span class='ocr_line' id='line_1_36' title="bbox 1909 2912 1950 3348; baseline 0 -196"><span class='ocrx_word' id='word_1_280' title='bbox 1909 2912 1950 3348; x_wconf 95' lang='lat' dir='ltr'>   </span> 
     </span>
    </p>
   </div>
   <div class='ocr_carea' id='block_1_4' title="bbox 355 3000 536 3004">
    <p class='ocr_par' dir='ltr' id='par_1_6' title="bbox 355 3000 536 3004">
     <span class='ocr_line' id='line_1_37' title="bbox 355 3000 536 3004; baseline 0 0"><span class='ocrx_word' id='word_1_281' title='bbox 355 3000 536 3004; x_wconf 95' lang='lat' dir='ltr'> </span> 
     </span>
    </p>
   </div>
   <div class='ocr_carea' id='block_1_5' title="bbox 262 3038 1909 3173">
    <p class='ocr_par' dir='ltr' id='par_1_7' title="bbox 262 3038 1909 3177">
     <span class='ocr_line' id='line_1_38' title="bbox 1862 3038 1882 3054; baseline 0 0"><span class='ocrx_word' id='word_1_282' title='bbox 1862 3038 1882 3054; x_wconf 54' lang='grc' dir='ltr'>-λ,</span> 
     </span>
     <span class='ocr_line' id='line_1_39' title="bbox 310 3062 1909 3114; baseline 0.002 -16"><span class='ocrx_word' id='word_1_283' title='bbox 310 3063 320 3082; x_wconf 90' lang='lat'>¹</span> <span class='ocrx_word' id='word_1_284' title='bbox 372 3062 535 3099; x_wconf 88' lang='lat' dir='ltr'>Bellum</span> <span class='ocrx_word' id='word_1_285' title='bbox 551 3070 635 3100; x_wconf 88' lang='lat' dir='ltr'>tum</span> <span class='ocrx_word' id='word_1_286' title='bbox 651 3063 853 3111; x_wconf 85' lang='lat' dir='ltr'>flagrabat</span> <span class='ocrx_word' id='word_1_287' title='bbox 868 3065 974 3102; x_wconf 87' lang='lat' dir='ltr'>inter</span> <span class='ocrx_word' id='word_1_288' title='bbox 989 3065 1190 3102; x_wconf 73' lang='lat' dir='ltr'>exercitus</span> <span class='ocrx_word' id='word_1_289' title='bbox 1206 3066 1397 3112; x_wconf 87' lang='lat' dir='ltr'>hispanos</span> <span class='ocrx_word' id='word_1_290' title='bbox 1412 3071 1453 3103; x_wconf 92' lang='lat' dir='ltr'>et</span> <span class='ocrx_word' id='word_1_291' title='bbox 1466 3066 1612 3112; x_wconf 87' lang='lat' dir='ltr'>gallos,</span> <span class='ocrx_word' id='word_1_292' title='bbox 1629 3077 1799 3113; x_wconf 87' lang='lat' dir='ltr'>quorum</span> <span class='ocrx_word' id='word_1_293' title='bbox 1812 3063 1885 3114; x_wconf 58' lang='lat' dir='ltr'>clai·</span> <span class='ocrx_word' id='word_1_294' title='bbox 1906 3074 1909 3095; x_wconf 81' lang='lat'>¹</span> 
     </span>
     <span class='ocr_line' id='line_1_40' title="bbox 262 3121 1876 3173; baseline 0.002 -15"><span class='ocrx_word' id='word_1_295' title='bbox 262 3123 332 3159; x_wconf 88' lang='lat' dir='ltr'>des</span> <span class='ocrx_word' id='word_1_296' title='bbox 348 3123 453 3169; x_wconf 86' lang='lat' dir='ltr'>apud</span> <span class='ocrx_word' id='word_1_297' title='bbox 469 3121 667 3160; x_wconf 82' lang='lat' dir='ltr'>Sanctum</span> <span class='ocrx_word' id='word_1_298' title='bbox 682 3124 920 3169; x_wconf 87' lang='lat' dir='ltr'>Quintinum</span> <span class='ocrx_word' id='word_1_299' title='bbox 936 3138 1129 3172; x_wconf 87' lang='lat' dir='ltr'>magnum</span> <span class='ocrx_word' id='word_1_300' title='bbox 1144 3130 1343 3162; x_wconf 82' lang='lat' dir='ltr'>terrorem</span> <span class='ocrx_word' id='word_1_301' title='bbox 1358 3125 1524 3163; x_wconf 88' lang='lat' dir='ltr'>incussit</span> <span class='ocrx_word' id='word_1_302' title='bbox 1542 3125 1839 3173; x_wconf 82' lang='lat' dir='ltr'>parisiensibus.</span> <span class='ocrx_word' id='word_1_303' title='bbox 1871 3127 1876 3139; x_wconf 77' lang='lat'><strong><em>⁴</em></strong></span> 
     </span>
    </p>
   </div>
   <div class='ocr_carea' id='block_1_6' title="bbox 1856 3203 1890 3319">
    <p class='ocr_par' dir='ltr' id='par_1_8' title="bbox 1856 3203 1890 3319">
     <span class='ocr_line' id='line_1_41' title="bbox 1862 3203 1890 3244; baseline 0 0"><span class='ocrx_word' id='word_1_304' title='bbox 1862 3203 1874 3238; x_wconf 74' lang='grc' dir='ltr'>ἱ-</span> <span class='ocrx_word' id='word_1_305' title='bbox 1887 3239 1890 3244; x_wconf 94' lang='grc'><em>,</em></span> 
     </span>
     <span class='ocr_line' id='line_1_42' title="bbox 1856 3298 1883 3319; baseline 0 0"><span class='ocrx_word' id='word_1_306' title='bbox 1856 3298 1883 3319; x_wconf 51' lang='lat' dir='ltr'>*a*</span> 
     </span>
    </p>
   </div>
  </div>
 </body>
</html>
