1900 3380
576 235 900 273 18⁴2.—PA‘rAvio
931 238 974 274 16
995 238 1104 285 jorn
1135 239 1225 274 1558
1604 238 1673 275 753

80 329 179 373 mul
202 328 557 374 eucharistiam
581 331 870 387 suscipiunt.
900 332 1081 378 Postea
1112 349 1235 378 uero
1271 334 1315 379 in
1350 335 1500 379 rebus
1534 334 1624 390 piis
1657 350 1718 379 ac

79 404 455 450 misericordiae
479 407 714 462 operibus
738 408 935 454 assidue
960 425 1013 454 se
1042 409 1316 467 [ex]ercent
1341 411 1378 467 ἃ,
1402 412 1718 468 quibuscum—

79 497 173 538 que
197 491 404 538 possunt
428 482 561 528 uitae
586 483 965 530 sanctimoniam
991 488 1293 543 persuadere
1319 497 1575 534 conantes.
1604 488 1721 545 Quo

78 558 275 604 facilius
298 569 464 605 autem
489 560 535 605 id
559 561 758 618 assequi
784 563 1002 619 ualeant,
1031 579 1295 622 pauperes,
1322 575 1371 610 et
1405 580 1491 610 eos
1526 567 1718 622 praeci·

79 651 172 692 pue
197 636 276 692 qui
302 637 432 681 omni
457 653 612 693 prope
637 638 852 683 humano
878 640 1063 685 auxilio
1095 641 1312 686 destituti
1337 657 1529 687 summa
1564 643 1611 688 in
1636 658 1715 688 ne-

76 712 309 758 cessitate
335 729 503 758 rerum
528 715 747 762 omnium
771 725 884 760 sunt
910 716 1071 773 positi,
1094 718 1307 774 propriis
1326 718 1649 765 facultatibus
1670 730 1719 765 et

76 790 380 847 inquirendis
418 792 731 837 eleemosinis
770 792 1026 838 adiuuant:
1069 794 1198 840 inter
1238 811 1323 841 eos
1363 808 1578 853 quatuor
1616 799 1715 842 exi—

75 877 209 913 stunt
234 868 501 914 uniuersae
525 870 934 926 congregationis
965 871 1207 927 praefecti
1233 873 1374 918 iuxta
1398 885 1613 930 quatuor
1638 891 1713 919 ur-

8 943 11 945 ’
78 944 151 989 bis
175 955 346 1001 partes
371 946 610 1003 dispositi;
633 947 805 992 diebus
830 947 969 993 festis
994 949 1221 994 omnibus
1241 951 1647 997 conuenientibus
1666 962 1715 997 et

78 1022 214 1067 circa
254 1038 530 1079 pauperum
567 1024 782 1070 officium
831 1026 1244 1083 consultantibus,
1287 1028 1495 1084 singulis
1534 1029 1716 1085 aliquid

75 1100 325 1155 agendum
352 1101 715 1156 praescribunt.
745 1102 905 1147 Enixe
940 1102 1090 1147 etiam
1115 1104 1314 1149 student
1344 1105 1579 1162 uulgatas
1615 1121 1717 1150 mu·

75 1175 224 1221 lieres
247 1192 272 1221 e
296 1178 477 1223 tartari
502 1177 729 1224 faucibus
754 1179 967 1236 eripere,
1002 1189 1050 1225 et
1074 1180 1136 1225 ad
1167 1181 1444 1236 perfectam
1481 1182 1614 1227 uitae
1649 1183 1714 1227 in-

73 1253 364 1309 tegritatem
404 1255 647 1302 reducere
690 1255 716 1302 ¹.
760 1256 902 1313 Quas
942 1258 1005 1303 ob
1045 1273 1127 1303 res
1166 1259 1428 1315 episcopus
1467 1260 1481 1283 ²
1524 1275 1714 1305 necnon

73 1331 210 1376 urbis
234 1343 442 1388 praetor
476 1334 601 1379 miro
636 1350 724 1380 eos
758 1350 932 1380 amore
968 1336 1199 1393 prosequi
1235 1336 1481 1393 uidentur,
1520 1353 1715 1383 omnem

72 1423 214 1453 suam
240 1425 448 1466 operam
472 1410 565 1456 illis
591 1411 897 1468 pollicentes:
935 1412 1062 1457 inter
1098 1424 1303 1458 caetera
1338 1412 1465 1458 e'nim
1500 1415 1714 1459 relatum

75 1495 150 1530 est
175 1487 317 1532 nobis
341 1497 626 1543 praetorem
653 1504 749 1533 non
775 1489 940 1534 multis
965 1489 1138 1535 diebus
1163 1500 1277 1535 ante
1298 1491 1479 1536 festum
1499 1489 1714 1547 Spiritus

75 1560 263 1621 Sancti,
291 1564 384 1609 illis
407 1564 496 1610 200
518 1581 701 1611 aureos
726 1567 1030 1622 pauperibus
1055 1567 1423 1613 distribuendos
1447 1584 1705 1625 erogasse.

133 1640 174 1686 7.
243 1641 487 1698 Exemplo
507 1644 729 1688 uirorum
749 1644 1018 1689 nobiliores
1038 1645 1283 1701 quaedam
1302 1657 1562 1691 matronae
1582 1647 1713 1692 exci-

73 1726 227 1771 tatae,
256 1729 601 1765 conuenerunt
624 1720 824 1766 circiter
843 1721 1013 1767 decem
1038 1733 1086 1767 et
1105 1732 1238 1777 octo,
1266 1723 1442 1768 eadem
1468 1739 1558 1780 pro
1583 1724 1711 1769 uirili

72 1805 215 1851 parte
240 1796 368 1842 inter
392 1798 624 1843 mulieres
655 1810 968 1857 exercentes,
997 1800 1204 1857 singulis
1239 1801 1491 1847 mensibus
1521 1801 1712 1847 confes-

24 1861 27 1864 *
72 1872 260 1918 sionem
285 1889 344 1919 ac
369 1875 765 1921 communionem
790 1876 1185 1933 frequentantes.

129 1948 172 1994 8.
240 1949 387 2006 Quod
426 1961 594 1997 autem
634 1952 696 1997 ad
738 1953 937 1998 scholas
976 1954 1207 2012 pertinet,
1250 1955 1473 2011 discipuli
1515 1956 1711 2000 externi

73 2037 182 2082 post
208 2028 395 2083 pascha
431 2029 476 2074 in
510 2018 614 2075 dies
648 2040 937 2087 creuerunt,
966 2031 1045 2087 qui
1070 2031 1168 2076 iam
1200 2047 1463 2077 numerum
1499 2031 1710 2088 quadra-

0 2138 1 2147 .
70 2105 314 2161 gesimum
347 2117 665 2164 superarunt,
694 2123 904 2164 quorum
940 2108 1164 2165 plerique
1199 2109 1497 2165 rhetoricae,
1536 2108 1711 2166 reliqui

69 2183 437 2239 grammaticae
460 2184 677 2230 student:
705 2200 966 2241 speramus
991 2197 1159 2231 autern
1197 2186 1335 2231 breui
1362 2187 1516 2231 multo
1542 2187 1711 2242 plures

70 2259 282 2315 futuros,
310 2260 348 2306 si
373 2261 444 2318 (ut
468 2261 778 2319 confidimus)
803 2263 849 2307 in
875 2263 1037 2308 locum
1062 2263 1310 2319 aptiorem
1336 2263 1381 2307 in
1407 2263 1567 2308 medio
1593 2263 1709 2309 ciui-

69 2337 185 2382 tatis
209 2337 557 2396 migrabimus,
584 2349 633 2384 et
657 2339 851 2395 aliquos
885 2339 965 2396 qui
1001 2355 1239 2396 magnam
1274 2350 1322 2385 et
1358 2339 1431 2385 sui
1467 2350 1515 2385 et
1551 2339 1709 2386 nostri

70 2415 470 2470 expectationem
494 2416 742 2462 sustinere
767 2417 985 2474 ualeant,
1014 2417 1234 2463 mittetis.

117 2558 137 2576 a
186 2558 391 2595 Abscissa
411 2559 579 2595 charta.

117 2690 127 2709 ¹
179 2689 244 2726 De
271 2690 347 2726 hac
374 2690 697 2736 congregatione
724 2690 773 2727 cf.
804 2690 1064 2735 SAccHINUM,
1095 2690 1211 2727 Hz'st.
1243 2690 1334 2727 Soc.
1357 2690 1485 2736 Jeszt,
1519 2696 1622 2736 part.
1656 2690 1709 2733 ΙΙ,

68 2748 136 2786 lib.
157 2748 207 2795 II,
228 2762 266 2786 n.
288 2748 346 2794 72;
369 2754 408 2786 et
427 2749 592 2786 TACCHI
617 2749 820 2793 VENTURI,
844 2750 1068 2793 Istorz'a...‚
1089 2749 1120 2792 I,
1140 2749 1222 2792 379.
1251 2749 1319 2785 ubi
1346 2749 1453 2785 inter
1480 2749 1561 2786 alia
1588 2749 1708 2786 docu-

71 2813 207 2844 menta
225 2808 328 2845 hanc
348 2808 562 2855 epistolam
582 2815 796 2846 memorat.

115 2867 128 2886 ²
177 2866 420 2904 Patavinam
455 2867 660 2906 dioecesin
695 2868 1006 2905 administrabat
1044 2868 1244 2915 Aloysius
1283 2868 1503 2904 cardinalis
1542 2868 1709 2915 pisanus

68 2925 243 2972 (EUBEL,
272 2927 600 2972 Hz'erarclzia...,
629 2927 698 2973 III,
727 2927 811 2973 284)
841 2929 955 2976 cujus
983 2926 1272 2974 suffraganeus
1299 2940 1371 2964 seu
1398 2927 1624 2973 auxiliaris,
1657 2929 1707 2964 de

68 2997 145 3032 quo
164 2986 227 3023 hic
246 2986 397 3033 agitur,
418 2987 581 3024 videtur
599 2987 723 3025 fuisse
739 2987 951 3025 Gerardus
970 2986 1214 3034 Busdraghi.
1237 2986 1401 3032 EUBEL,
1423 2989 1497 3025 loc.
1519 2988 1600 3025 cit..
1626 2988 1706 3032 130,

179 3129 348 3158 LITTERAE
369 3129 668 3163 QUADRlMESTRES.
690 3130 779 3158 TOM.
802 3131 838 3158 V.
1566 3131 1601 3157 48
