1910 3380
525 195 784 231 ls—Essoua
811 197 857 230 3«)
884 198 1050 230 APRiLis
1080 195 1170 229 1537
1552 195 1618 230 201

33 292 349 347 nipotentem.
388 290 725 346 optimumque
760 300 1019 345 parentem
1055 304 1376 344 quaesumus,
1415 299 1464 332 ut
1499 301 1671 334 nostra

33 383 187 425 opera
221 367 346 412 illius
380 376 797 423 caeterorumque
831 367 891 410 de
926 366 1065 411 nobis
1099 365 1312 421 opinioni
1349 366 1665 421 respondean

32 444 161 501 quod
185 444 380 500 quidem
405 453 455 488 ut
481 454 742 499 praestare
766 443 1027 499 possimus,
1055 442 1221 486 diuina
1246 441 1468 486 bonitate
1494 441 1664 486 iuuan-

31 532 97 578 te,
124 530 362 577 quantum
386 520 431 565 in
458 520 600 565 nobis
624 530 716 577 est,
744 521 1051 588 laboramus.

88 596 132 643 6.
198 597 302 642 Nec
336 607 503 642 tamen
538 598 651 642 nihil
684 596 988 654 proficimus,
1016 612 1130 641 nam
1156 605 1203 640 et
1236 596 1283 640 in
1310 595 1463 640 literis
1494 604 1542 640 et
1573 596 1668 640 uir-

31 685 134 720 tute
172 674 409 731 progredi
443 675 489 719 in
525 675 628 719 dies
660 674 885 730 singulos
919 673 1203 718 scholastici
1240 672 1488 717 uidentur.
1528 672 1667 717 Chri-

31 762 135 797 stus
179 750 296 808 Opt.
339 751 494 809 Max„
539 767 629 808 pro
674 751 814 796 cuius
859 765 1031 795 amore
1073 750 1198 795 haec
1238 749 1667 806 administrantur,

29 837 228 885 partum
263 837 543 881 conseruet,
571 828 855 873 inchoatum
889 825 1133 883 perficiat,
1167 835 1214 871 et
1239 825 1408 870 uilium
1444 834 1669 870 satorum

30 905 230 950 labores
275 905 439 950 adhuc
483 905 528 950 in
574 905 739 950 herbis
789 914 837 949 et
889 903 1286 958 efflorescentes,
1342 902 1405 948 ad
1450 904 1666 959 frugem,

30 982 370 1027 maturitatem
394 991 745 1038 speratamque
779 996 991 1026 messem
1027 980 1285 1037 perducat.
1322 979 1480 1036 Haec,
1518 980 1670 1025 Pater

33 1059 396 1116 colendissime,
445 1060 503 1104 de
548 1059 729 1104 nostris
773 1058 957 1104 scholis
1006 1058 1270 1103 scribenda
1321 1066 1666 1102 occurrerunt:

29 1136 268 1193 reliquum
309 1146 383 1181 est
421 1145 473 1180 ut
513 1150 573 1180 ea
614 1150 740 1191 quae
781 1135 905 1180 foris
940 1150 1031 1191 per
1069 1144 1268 1179 nostros
1305 1142 1566 1191 geruntur,
1602 1134 1668 1178 di-

31 1228 218 1259 camus.

86 1291 111 1301 e·-

91 1300 127 1335 s.
195 1289 309 1335 Duo
346 1290 490 1335 huius
525 1290 660 1335 urbis
697 1289 902 1345 nobiles⁷
930 1288 1037 1334 fere
1064 1288 1205 1345 primi
1232 1289 1358 1333 inter
1385 1297 1665 1344 magnates,

28 1382 138 1413 cum
175 1367 286 1412 odio
319 1367 599 1412 inueterato
633 1366 820 1411 iamdiu
856 1365 1167 1421 dissiderent,
1196 1381 1289 1410 nec
1323 1380 1352 1409 a
1387 1365 1511 1410 duce
1545 1364 1667 1409 Bra-

29 1445 246 1503 gantiae.
275 1444 354 1501 qui
379 1460 551 1489 eorum
582 1443 861 1489 inimicitias
885 1443 1052 1488 delere
1077 1442 1412 1500 cogitauerat,
1441 1442 1662 1487 reconci-

29 1521 135 1568 liari
160 1521 258 1566 ullo
283 1521 429 1566 modo
454 1532 669 1577 possent,
696 1536 785 1577 per
810 1521 1055 1577 quendam
1080 1519 1398 1564 sacerdotem
1417 1528 1664 1575 nostrum,

28 1598 190 1644 diuino
215 1598 412 1643 numine
433 1598 718 1653 adiuuante,
744 1596 1052 1643 reconciliati
1077 1597 1124 1642 in
1149 1596 1369 1654 gratiam
1391 1596 1665 1641 redierunt.

27 1675 126 1721 Nec
167 1677 327 1721 solum
366 1675 649 1721 inimicitias
682 1675 1037 1732 deposuerunt,
1075 1675 1161 1719 sed
1196 1674 1480 1719 animorum
1516 1674 1667 1719 etiam

28 1753 171 1798 saluti
195 1768 401 1798 suorum
424 1752 620 1798 ardenti
644 1752 806 1797 studio
833 1751 1064 1808 deinceps
1084 1752 1353 1808 prouidere
1378 1761 1529 1807 atque
1554 1766 1667 1796 con-

28 1830 188 1875 sulere
222 1838 522 1885 statuerunt;
550 1829 756 1875 abiectis
791 1845 915 1875 uero
946 1829 1084 1874 libris
1108 1829 1251 1874 uanis
1275 1844 1567 1885 uenenoque
1601 1828 1667 1874 in-

27 1906 184 1964 fectiS,
211 1907 334 1951 alios
367 1907 427 1952 de
451 1907 601 1952 rebus
630 1906 805 1952 diuinis
838 1907 1148 1962 conscriptos
1173 1906 1263 1951 sibi
1288 1915 1664 1964 compararunt;

27 1998 122 2041 qua
152 1999 214 2029 ex
240 1999 293 2028 re
318 1999 502 2040 magna
535 1983 849 2040 praepotenti
886 1983 996 2028 Deo
1031 1984 1140 2028 laus
1175 1992 1250 2028 est
1284 1983 1549 2040 gloriaque
1584 1983 1665 2027 tri—

3 2054 5 2057 *
27 2061 160 2119 buta;
199 2061 380 2106 etenim
415 2061 615 2106 dubium
650 2077 747 2106 non
774 2072 884 2106 erat
908 2061 1021 2117 quin
1061 2060 1235 2117 ingens
1260 2060 1459 2117 aliquod
1485 2060 1665 2105 intesti-

27 2153 236 2195 numque
270 2139 453 2183 malum
478 2154 540 2183 ex
564 2138 761 2183 illorum
788 2137 991 2183 dissidio
1012 2154 1073 2183 ac
1095 2137 1299 2194 capitali
1324 2137 1436 2183 odio
1461 2146 1667 2193 propter

27 2215 279 2272 utriusque
318 2215 592 2271 potentiam
632 2224 681 2260 et
719 2214 1029 2260 nobilitatem
1078 2224 1210 2260 esset
1255 2222 1661 2270 consecuturum;

26 2292 152 2349 quod
174 2293 243 2338 ita
267 2292 433 2337 diuina
456 2308 548 2349 ope
573 2307 916 2349 compressum
941 2302 1031 2349 est,
1054 2302 1108 2337 ut
1129 2308 1191 2338 ne
1211 2292 1445 2337 minimae
1469 2290 1665 2347 quidem

25 2369 150 2415 inter
174 2370 280 2416 illos
305 2369 596 2415 offensionis
620 2370 887 2427 uestigium
911 2379 1170 2427 appareat.

81 2445 124 2493 8.
190 2446 329 2491 Multi
364 2456 629 2503 praeterea
663 2447 745 2492 alii
786 2463 816 2492 a
855 2447 1040 2492 nostris
1079 2446 1329 2503 pacificati
1368 2454 1496 2501 sunt,
1535 2445 1664 2490 inter

26 2538 145 2579 quos
167 2539 323 2580 gener
347 2524 563 2581 quidam,
590 2523 672 2580 qui
705 2539 816 2569 cum
853 2539 1030 2569 socero
1064 2540 1154 2580 per
1188 2532 1301 2569 octo
1326 2538 1482 2567 annos
1507 2522 1662 2567 inimi-

26 2599 165 2645 citias
187 2610 434 2657 gesserat.
461 2600 592 2657 Quin
616 2601 767 2647 etiam
790 2611 1063 2658 perpetuae
1088 2617 1148 2646 ac
1172 2599 1493 2657 quotidianae
1527 2600 1659 2646 inter

26 2677 254 2723 maritum
278 2686 327 2722 et
350 2693 562 2723 uxorem
587 2678 729 2723 rixae
753 2678 822 2723 ita
847 2693 935 2735 per
959 2678 1159 2723 eosdem
1193 2677 1422 2722 sublatae
1447 2686 1576 2733 sunt,
1604 2686 1657 2722 ut

25 2767 165 2799 nemo
188 2754 280 2799 illis
303 2756 568 2813 amantius,
596 2771 741 2801 nemo
765 2756 1075 2801 coniunctius
1099 2756 1253 2800 uiuat:
1283 2764 1332 2799 et
1356 2769 1467 2799 cum
1503 2770 1655 2810 saepe

25 2840 170 2876 antea
192 2831 366 2888 iurgiis
389 2832 797 2889 contumeliisque
822 2833 997 2878 uxoris
1021 2834 1167 2877 domo
1190 2831 1413 2888 fugatus,
1439 2832 1514 2877 uir
1537 2847 1591 2877 se
1611 2831 1659 2877 in

24 2908 256 2964 templum
280 2918 505 2954 nostrum
539 2910 680 2966 quasi
704 2910 750 2955 in
775 2926 946 2956 arcem
981 2909 1243 2965 reciperet,
1266 2924 1397 2954 nunc
1430 2909 1576 2953 ambo
1600 2908 1662 2954 si-

25 2985 140 3041 mul,
176 3001 360 3042 magna
394 2986 673 3032 animorum
708 2987 1038 3032 consensione
1076 2986 1422 3043 singularique
1462 2985 1662 3043 pietatis
