1900 3380
574 232 838 268 75›.—PRA<;A
869 230 915 266 28
937 232 1049 277 jorn
1083 233 1169 267 15:37
1569 234 1638 269 :313

111 330 154 373 ὃ.
219 327 363 372 Alius
386 327 679 383 catholicus,
707 327 869 382 iudex,
898 327 943 372 in
970 343 1128 383 parua
1154 328 1356 372 ciuitate
1400 331 1408 352 ¹
1437 344 1465 372 a
1498 329 1682 373 Floria-

55 420 115 450 no
140 403 366 448 visitatus
391 412 539 459 atque
565 418 651 459 per
676 413 831 448 totam
858 413 1055 448 noctem
1081 404 1389 454 adhortatus,
1419 421 1525 449 cum
1554 415 1684 450 esset

53 482 98 527 in
122 480 357 526 extremis
381 495 472 525 nec
506 481 714 536 amplius
749 480 877 536 loqui
914 489 1082 536 posset
1117 480 1263 535 (vxor
1299 480 1424 525 enim
1463 482 1565 525 eius
1600 499 1680 526 no-

53 560 213 603 luerat
235 572 345 601 eum
372 555 610 609 confiteri,
639 572 713 608 ne,
742 557 778 601 si
805 556 1062 601 confessus
1096 566 1243 609 esset,
1281 556 1422 601 citius
1464 573 1678 602 morere-

51 634 165 691 tur);
207 633 405 678 tandem
445 648 555 677 cum
595 634 781 689 absque
827 633 1167 678 consolatione
1209 634 1453 689 spirituali
1498 635 1681 689 praesi-

52 711 225 766 dioque
251 709 393 766 (proh
419 710 578 765 dolor)
610 710 796 766 absque
831 710 1140 755 confessione
1175 710 1325 765 ipsius
1359 710 1523 754 anima
1559 711 1681 766 peri-

51 789 308 834 clitaretur
348 787 593 843 (quamuis
632 786 890 831 confessus
929 802 1025 831 non
1065 786 1230 841 fuerit,
1279 787 1408 842 quod
1456 787 1498 831 in
1545 788 1683 832 nobis

51 865 175 910 enim
199 863 288 908 fuit
323 863 548 920 fecimus)
584 872 805 908 attamen
839 864 1085 909 constanti
1120 864 1365 909 desiderio
1400 864 1682 909 confitendi-

51 956 141 998 que
179 940 436 996 proposito
476 940 535 996 (si
575 941 815 996 potuisset
860 939 1121 997 confiteri),
1169 940 1411 986 contritus
1451 956 1571 986 sane
1611 942 1682 997 (ut

50 1017 325 1074 speramus)
350 1017 396 1062 in
423 1016 636 1061 Domino
662 1017 927 1074 expirauit;
966 1017 1157 1062 tardius
1192 1027 1357 1062 tamen
1392 1017 1560 1062 vocati
1594 1017 1680 1063 fui—

50 1109 155 1139 mus
178 1102 326 1149 atque
352 1104 611 1150 postquam
640 1109 813 1138 vocem
837 1093 1148 1149 perdidisset.

108 1170 149 1216 9.
216 1169 270 1214 In
314 1169 489 1214 officiis
529 1171 701 1214 domus
742 1170 954 1214 nouitios
994 1170 1233 1215 habemus
1273 1186 1560 1227 germanos,
1602 1172 1683 1228 qui

51 1246 275 1303 profecto
301 1261 413 1291 cum
444 1247 632 1291 versari
659 1247 870 1292 debeant
909 1262 968 1291 ac
1004 1247 1134 1302 loqui
1169 1247 1439 1303 extraneis,
1462 1247 1679 1304 aliquan-

49 1324 109 1369 do
132 1323 286 1368 variis
311 1323 663 1368 tentationibus
686 1332 799 1368 sunt
824 1323 1041 1377 obnoxii,
1069 1323 1197 1379 quod
1224 1323 1418 1379 ipsimet
1442 1324 1679 1370 fatentur.

51 1400 189 1445 Alius
212 1409 286 1445 est
311 1400 357 1444 in
381 1409 543 1455 porta,
570 1399 694 1444 alius
721 1400 765 1444 in
792 1400 1079 1456 refectorio,
1108 1400 1234 1444 alius
1264 1416 1388 1446 vero
1412 1401 1457 1445 in
1483 1401 1682 1446 minima

49 1477 222 1533 classe,
250 1477 375 1521 alius
399 1476 444 1521 in
469 1477 754 1533 penultima,
782 1477 924 1532 alius,
954 1477 1145 1521 emendi
1170 1478 1353 1533 gratia,
1381 1478 1520 1523 exire
1550 1488 1681 1524 tene—

49 1563 143 1609 tur,
170 1562 319 1610 atque
354 1553 483 1599 inter
508 1555 710 1599 boemos
746 1554 967 1599 boemice
1003 1554 1148 1610 loqui.
1177 1554 1419 1600 Extranei
1455 1555 1681 1612 frequen-

48 1639 124 1676 ter
161 1631 325 1675 scolas
364 1631 565 1684 intrant,
599 1647 657 1675 ac
696 1632 786 1676 sub
824 1641 1057 1687 pretextu
1097 1631 1211 1687 alio,
1238 1632 1345 1687 illis,
1374 1647 1495 1689 quos
1534 1649 1681 1678 noue-

51 1716 177 1764 runt,
215 1707 361 1752 sociis
396 1708 692 1765 quandoque
727 1708 914 1764 loquuti
950 1717 1077 1753 sunt.
1117 1707 1342 1765 Cumque
1381 1710 1682 1755 tentationes

50 1784 111 1829 ab
135 1784 224 1828 illis
250 1784 516 1841 aliquando
540 1785 673 1841 passi
698 1784 922 1841 fuissent,
945 1794 1093 1841 atque
1129 1785 1279 1830 etiam
1298 1786 1581 1843 grauiores,
1604 1802 1680 1832 ro-

49 1869 229 1918 garunt
252 1877 329 1906 me
353 1862 550 1917 quidam
576 1871 626 1906 ut
651 1862 713 1907 ad
739 1862 870 1907 aliud
896 1863 1159 1919 collegium
1186 1861 1455 1909 Societatis
1479 1864 1679 1921 ablega-

51 1953 167 1991 rem,
195 1954 290 1995 quo
324 1939 575 1984 sociorum
611 1955 671 1984 ac
705 1939 1194 1996 consanguineorum
1220 1941 1555 1997 praesentiam
1580 1957 1679 1986 mo-

49 2014 218 2061 lestam
251 2015 499 2072 fugerent:
529 2016 657 2073 quod
682 2016 909 2073 profecto
944 2032 1038 2061 non
1074 2032 1273 2073 possum
1310 2018 1612 2076 improbare,
1640 2019 1679 2063 si

48 2093 126 2138 alii
148 2092 195 2138 in
219 2109 391 2138 eorum
417 2095 578 2139 locum
602 2094 743 2139 nobis
768 2094 1098 2139 mitterentur.
1120 2094 1232 2140 Hoc
1256 2104 1423 2140 tamen
1445 2111 1540 2140 vno
1558 2112 1678 2153 gau-

2 2174 4 2177 ’
51 2168 137 2214 deo
160 2170 289 2226 quod
312 2185 486 2215 eorum
510 2170 865 2216 tentationibus
899 2187 995 2216 non
1031 2187 1206 2227 parum
1231 2172 1425 2217 luminis
1459 2172 1502 2217 in
1531 2173 1679 2218 rebus

47 2246 223 2291 nostris
254 2246 418 2303 adepti
442 2262 626 2292 sumus.
655 2246 843 2293 Omnes
877 2248 1045 2293 nouitii
1081 2248 1325 2305 (mirabile
1360 2249 1491 2294 dictu
1527 2249 1571 2294 in
1606 2250 1678 2295 his

48 2322 350 2380 regionibus)
374 2324 666 2381 frequenter
699 2324 888 2370 faciunt
922 2325 1205 2382 disciplinas
1229 2326 1453 2382 aliasque
1479 2326 1678 2372 mortifi-

49 2399 283 2455 cationes,
310 2416 502 2446 necnon
527 2401 675 2446 etiam
710 2402 791 2446 alii
824 2401 1012 2447 fratres
1035 2417 1147 2447 cum
1174 2418 1359 2460 magna
1385 2403 1676 2459 resignatio-

48 2490 122 2522 ne.
147 2476 301 2523 Pauci
324 2493 493 2523 sumus
515 2478 824 2535 sacerdotes,
852 2494 943 2524 nec
975 2479 1227 2536 respirare
1263 2479 1558 2535 quandoque
1592 2496 1676 2526 va-

48 2552 159 2600 lent.
181 2554 387 2600 Vtinam
411 2556 600 2612 aliquot
623 2556 763 2602 breui
788 2557 1048 2602 mittantur
1072 2557 1170 2602 alii.

133 2630 375 2689 Magister
394 2631 658 2679 Gerardus
682 2649 776 2678 non
802 2643 876 2679 est
894 2634 1087 2691 ineptus
1107 2634 1170 2679 ad
1188 2633 1523 2679 sacerdotium
1542 2634 1678 2691 (mihi

51 2706 278 2766 videtur).
1599 2718 1604 2725 '

109 2783 174 2829 10.
241 2784 460 2843 Singulis
484 2787 770 2843 septimanis
801 2788 1122 2833 conuenimus
1147 2787 1434 2833 sacerdotes
1459 2788 1518 2834 de
1542 2798 1676 2835 statu

97 2978 107 2998 ¹
156 2978 311 3026 Agitur
328 2980 377 3017 de
396 2981 468 3017 illa
487 2981 598 3017 urbis
616 2981 778 3028 Pragae
799 2987 928 3028 parte,
950 2982 999 3018 ad
1024 2982 1228 3018 sinistram
1252 2981 1428 3019 fluminis
1455 2983 1675 3024 Moldavae

49 3035 189 3085 ripam,
209 3051 312 3086 quae
332 3041 566 3087 germanice
586 3041 732 3078 dicitur
749 3041 993 3083 Kleinseite,
1015 3040 1224 3078 bohemice
1244 3041 1371 3079 Mala'
1391 3041 1553 3081 Strana.
