1909 3328
252 251 321 287 438
720 251 876 287 LITTER
884 263 905 287 A
915 263 938 287 E
965 251 1000 295 Q
1008 262 1058 286 UA
1066 261 1135 286 ΠΗ]
1143 260 1322 285 Miss'sREs

205 348 317 391 dum
345 347 616 391 reuerende
642 347 809 404 Pater,
832 346 1045 391 infelicia,
1070 356 1298 401 tempora
1323 354 1531 400 sequuta
1556 354 1681 395 sunt,
1705 351 1832 400 quae

204 424 328 468 hanc
355 423 610 479 epistolam
636 424 864 468 nunciam
890 423 1114 468 lecerunt
1141 423 1299 467 luctus
1324 422 1484 477 potius
1509 437 1653 477 quam
1679 421 1832 465 fortu-

204 516 398 546 narum.
438 500 619 555 Primo,
658 511 848 545 aestate
885 501 1095 553 ineunte,
1134 499 1235 543 rari
1271 499 1467 554 quidam
1503 498 1677 553 morbi⁷
1716 513 1834 542 rara

204 576 405 622 affectio
441 593 705 633 corporum
731 578 969 621 humanas
1008 576 1136 620 vires
1160 575 1426 620 insensibili
1458 575 1667 630 langore
1703 574 1832 619 disti-

204 653 401 698 nebant.
429 653 640 698 Nativus
665 653 882 709 regionis
908 662 1074 697 aestus
1100 652 1312 696 formido
1339 662 1445 696 erat
1472 651 1830 696 laborantibus.

201 730 279 774 Ad
305 730 433 774 hunc
457 730 798 775 declinandum
823 731 1007 775 fratres
1032 729 1184 774 nostri
1207 729 1558 785 Magdalenam
1584 730 1596 752 ¹
1624 728 1832 773 diuerte-

205 818 330 863 runt‚
360 809 519 852 locum
555 808 955 853 amoenissimum
992 823 1047 852 ac
1086 806 1484 852 saluberrimum:
1513 806 1662 850 distat
1698 806 1736 850 is
1772 806 1834 851 ab

204 886 324 929 urbe
359 885 508 929 millia
542 900 776 940 passuum
812 885 982 930 decem
1019 894 1066 929 et
1102 894 1230 928 octo.
1257 883 1369 928 Huc
1403 883 1507 928 seni
1532 883 1834 927 secedebant

203 972 288 1007 aut
313 963 460 1018 quini,
488 963 533 1007 in
557 964 795 1007 sumenda
830 964 992 1018 quiete
1027 973 1072 1006 et
1111 961 1421 1006 recreatione
1455 960 1729 1005 animorum
1754 959 1832 1005 alii

202 1039 309 1084 aliis
354 1040 694 1084 succedentes.
736 1040 1055 1096 Respiratum
1096 1039 1400 1094 aliquantum
1442 1049 1531 1082 est:
1574 1037 1834 1093 multisque

201 1117 362 1161 adhuc
396 1116 572 1161 aderat
609 1116 839 1161 valetudo
880 1116 1092 1171 integra,
1134 1115 1300 1171 paucis
1335 1114 1545 1169 affecta;
1584 1129 1695 1158 cum
1729 1129 1831 1159 sae-

205 1194 390 1239 uientes
416 1194 574 1238 morbi
600 1209 697 1238 una
723 1210 834 1238 cum
859 1194 1116 1238 caniculae
1152 1193 1336 1237 ardore
1365 1192 1512 1237 veluti
1538 1191 1701 1237 emissi
1727 1206 1832 1235 car—

199 1271 398 1316 ceribus
424 1286 657 1326 magnam
681 1280 904 1326 stragem
932 1270 1204 1315 ediderunt.
1233 1269 1374 1314 Tunc
1398 1269 1581 1324 passim
1603 1278 1833 1325 aegrota-

201 1349 241 1394 ri
267 1360 511 1405 coeptum:
534 1364 775 1404 nemoque
800 1363 952 1405 prope
977 1347 1066 1392 fuit
1090 1347 1168 1403 qui
1194 1362 1290 1391 non
1316 1347 1481 1402 plures
1507 1346 1608 1390 dies
1632 1345 1834 1390 misera-

203 1425 365 1471 biliter
403 1424 630 1482 jacuerit3
667 1441 824 1481 eoque
859 1425 1085 1469 dolorum
1126 1423 1345 1479 (Christo
1380 1422 1591 1480 gratias)
1633 1431 1833 1467 ventum

200 1512 291 1556 est,
320 1512 372 1547 ut
395 1502 567 1547 fratris
594 1502 734 1546 vnius
760 1501 1063 1556 Patrumque
1097 1501 1309 1545 duorum
1344 1500 1522 1544 funera
1550 1499 1830 1545 viderimus,

204 1578 397 1624 Primus
420 1578 453 1623 f.
480 1578 700 1637 Joannes
725 1580 756 1635 2,
785 1578 1061 1631 coadiutor,
1086 1577 1388 1634 Magdalena
1413 1592 1646 1622 reuersus
1666 1577 1831 1633 impel-

204 1657 333 1702 lente
366 1657 560 1713 m0rb0‚
587 1656 760 1701 eodem
796 1665 1061 1712 superatus
1098 1665 1186 1700 est.
1215 1654 1464 1711 Sequutus
1497 1655 1625 1699 hunc
1659 1654 1834 1700 doctor

204 1732 419 1790 Salinas,
446 1733 642 1789 collegii
667 1732 822 1778 nostri
848 1742 1032 1787 rector,
1055 1748 1196 1788 quem
1222 1747 1386 1777 annua
1412 1747 1565 1788 prope
1590 1740 1834 1788 quartana

203 1827 299 1855 non
324 1820 437 1856 ante
462 1810 658 1863 dimisit,
687 1826 831 1866 quam
867 1810 974 1855 aliis
1009 1826 1071 1854 ex
1105 1825 1164 1855 eo
1197 1809 1332 1854 fonte
1368 1810 1620 1855 doloribus
1645 1820 1835 1854 tenere·
1886 1838 1891 1842 -

203 1898 300 1934 tur.
328 1888 681 1944 Magdalenam
707 1897 1027 1933 concesserat
1057 1887 1275 1932 firmiore
1308 1886 1409 1944 jam
1445 1887 1744 1941 valetudine,
1772 1886 1848 1931 ibi.

206 1965 319 2010 dum
355 1966 603 2022 integram
638 1966 848 2009 salutem
885 1974 1070 2021 sperat,
1098 1965 1327 2020 grauiter
1366 1973 1628 2019 correptus
1663 1974 1751 2023 est,
1789 1963 1834 2007 in

202 2043 584 2099 proximumque
610 2042 837 2098 oppidum
866 2042 1087 2086 Xarabiz
1113 2042 1285 2087 salutis
1310 2041 1478 2098 gratia
1502 2042 1711 2086 delatus.
1736 2040 1834 2086 Vbi

202 2136 315 2166 cum
340 2121 419 2165 diu
444 2120 645 2165 assidua
668 2120 808 2165 febre
833 2120 1127 2164 colluctatus
1151 2129 1298 2177 esset,
1326 2119 1708 2176 superueniente
1732 2128 1834 2164 tan-

203 2198 315 2243 dem
350 2197 626 2254 pleurstide,
664 2197 891 2242 concidit.
930 2195 1167 2242 Cadauer
1201 2196 1505 2242 Placentiam
1540 2196 1834 2241 translatum

201 2285 278 2321 est
301 2276 644 2332 sepultumque
664 2274 951 2319 ardentibus
970 2273 1181 2319 fratrum
1206 2274 1398 2331 animis,
1419 2289 1479 2318 ne
1503 2273 1663 2319 dicam
1689 2273 1834 2318 etiam

202 2353 384 2398 ciuium
414 2351 650 2409 lacrymis
683 2362 730 2396 et
765 2351 984 2396 clamore
1015 2360 1163 2407 atque
1189 2352 1376 2396 ululatu
1401 2350 1664 2407 foemineo,
1692 2364 1834 2406 quem

200 2430 311 2487 pius
335 2445 476 2474 amor
501 2428 641 2474 sexui
674 2437 848 2473 tenero
883 2427 1126 2472 eliciebat.
1156 2427 1328 2484 Neque
1362 2437 1553 2473 tantum
1592 2425 1834 2472 muliebri-

204 2508 294 2552 bus
319 2506 605 2563 lacrymulis
639 2504 919 2560 fideremus,
947 2504 1035 2549 nisi
1070 2505 1147 2549 vir
1182 2505 1380 2561 quidam
1404 2504 1581 2550 nobilis
1604 2519 1747 2549 suum
1770 2512 1834 2548 te-

255 2707 263 2725 ¹
316 2705 450 2741 Locus
469 2716 592 2751 prope
608 2702 837 2750 Jarandilla
856 2701 911 2746 (in
930 2701 1137 2748 provincia
1158 2701 1366 2747 Caeeres).
1391 2703 1432 2739 S.
1450 2702 1715 2744 Franciscus
1733 2700 1833 2750 Βον-

198 2767 290 2811 gia,
308 2765 418 2809 ibid,
438 2764 520 2800 203.
542 2763 680 2799 Hocce
700 2761 975 2799 eremitorium
995 2761 1105 2797 aliud
1125 2767 1185 2797 est
1204 2762 1254 2798 ab
1274 2775 1321 2798 eo
1341 2763 1446 2809 quod
1465 2762 1637 2798 nominis
1656 2760 1834 2809 ejusdem

206 2830 294 2861 erat
313 2837 435 2870 prope
457 2823 678 2869 Ognatum,
701 2822 740 2858 in
759 2820 965 2868 provincia
981 2819 1229 2867 Guipuzcoa.
1247 2821 1354 2858 Hinc
1370 2821 1645 2858 emendandus
1664 2820 1782 2857 index
1795 2819 1835 2855 in

207 2885 285 2920 vol.
307 2883 361 2920 ΠΙ
382 2883 424 2920 S.
447 2884 712 2920 Francz'scus
736 2882 914 2927 Borgia,
943 2879 1017 2916 sub
1036 2880 1163 2916 titulis
1192 2881 1485 2927 Magdalemze
1504 2882 1615 2918 Stae.
1647 2881 1835 2917 eremito-

208 2945 324 2979 rium
353 2948 392 2979 et
421 2942 656 2988 Ognalum,
685 2942 752 2978 ubi
772 2941 820 2977 de
840 2940 994 2977 duobus
1020 2940 1209 2977 scribitur
1233 2941 1347 2987 quasi
1370 2954 1491 2978 unum
1520 2946 1626 2977 esset
1652 2940 1835 2977 eremito-
1860 2958 1862 2960 ·

204 3003 322 3047 rium,
345 3008 384 3039 et
405 3003 504 3038 illud
523 3003 684 3049 quidem
704 3006 943 3049 ognatense.

254 3063 266 3082 ²
317 3061 424 3098 Vide
444 3075 577 3108 supra
600 3074 693 3108 pag.
714 3061 795 3103 446,
818 3065 953 3097 annot.
980 3060 1015 3095 3.
