1909 3328
276 230 345 265 664
755 231 974 267 LITTERAE
1002 231 1361 276 QUADRIMESTRES

292 327 309 338 μ

288 340 329 370 o.
399 325 605 382 Seguito
640 326 670 371 il
706 327 850 371 Rmo.
880 335 1157 382 protettore
1191 327 1237 372 di
1273 337 1446 384 questo
1471 337 1613 374 santo
1639 330 1788 386 luogo
1813 340 1861 376 et

229 404 288 448 (16
315 405 359 448 la
386 403 722 460 Conmagnia,
743 404 773 449 il
800 403 1055 449 cardinale
1079 404 1125 449 di
1151 404 1304 461 Carpi
1331 406 1359 459 ¹3
1382 406 1429 451 la
1453 407 1531 451 cui
1555 417 1738 453 uenuta
1763 424 1860 453 non

229 486 255 527 e
279 490 411 527 stata
437 482 481 526 di
506 496 682 527 manco
707 483 992 539 allegrezza
1016 498 1045 527 a
1069 483 1137 539 gli
1162 483 1311 528 animi
1335 483 1380 528 di
1406 484 1558 540 molti,
1586 485 1674 530 che
1699 485 1738 530 si
1761 485 1859 530 fos-

229 575 281 604 se
307 559 590 604 necessaria
617 575 702 616 per
724 560 874 605 molte
898 575 1063 616 cause,
1087 560 1125 605 si
1151 560 1332 617 perche
1356 561 1578 607 anchora
1607 562 1671 607 ha
1694 563 1861 609 uisita-

229 647 279 682 ta
304 646 352 682 et
377 637 631 682 celebrato
657 638 703 682 la
728 652 891 682 messa
921 638 1048 682 nella
1072 637 1352 683 santissima
1387 639 1580 695 capella
1603 655 1697 685 con
1720 649 1860 685 tanta

231 713 481 759 diuotione
506 714 596 759 che
620 714 683 759 ha
708 714 916 759 lasciato
937 714 1090 759 odore
1116 714 1160 760 di
1185 715 1368 760 santita
1392 731 1489 760 non
1519 732 1660 772 poco.
1683 717 1758 762 La
1782 718 1861 762 be-

232 792 419 848 nignita
454 792 544 836 che
579 792 641 836 ha
676 801 921 837 mostrata
946 807 1094 837 uerso
1120 792 1165 837 di
1189 792 1298 838 tutti
1334 793 1414 838 noi
1439 797 1465 838 6
1495 802 1627 839 stata
1651 794 1750 839 tale
1775 795 1864 840 che

231 885 260 915 a
285 870 497 915 chiama
529 870 575 914 la
600 868 913 926 Compagnia
948 870 1011 914 ha
1046 869 1164 915 data
1198 878 1521 915 contentezza
1555 871 1865 916 ammirabile

230 956 279 992 et
302 947 365 991 ha
388 946 514 991 fatto
540 962 812 992 conoscere
837 962 866 991 a
891 946 1026 991 molti
1062 946 1107 992 di
1141 947 1304 992 animo
1340 947 1545 992 dubioso
1569 950 1714 1004 quale
1738 957 1863 994 stra·
1908 951 1909 968 ³

232 1023 295 1069 da
319 1023 357 1069 si
393 1025 515 1069 deue
551 1035 736 1077 tenere3
775 1024 900 1069 onde
936 1028 961 1070 e
996 1025 1241 1070 accaduto
1276 1025 1365 1070 che
1400 1025 1539 1081 quasi
1574 1026 1685 1071 tutti
1719 1041 1864 1071 cono-

231 1101 416 1146 scendo
463 1101 671 1157 qualche
711 1101 1013 1146 monimento
1053 1110 1100 1146 et
1145 1101 1417 1148 mutatione
1451 1102 1580 1147 nella
1615 1112 1778 1148 mente
1821 1104 1866 1148 di

233 1176 282 1223 S.
313 1176 363 1222 S.
389 1178 556 1235 Rma.‚
583 1178 745 1223 hanno
781 1179 1080 1223 cominciato
1115 1195 1144 1224 a
1178 1179 1403 1225 caminar
1425 1195 1519 1224 con
1544 1180 1778 1237 maggior
1802 1182 1865 1225 ri-

232 1264 408 1311 spetto.
439 1255 749 1301 Finalmente
774 1271 869 1300 non
894 1259 920 1300 e
946 1264 1078 1301 stata
1113 1256 1417 1302 domandata
1442 1273 1561 1303 cosa
1586 1258 1675 1303 che
1699 1273 1797 1303 non
1822 1259 1861 1304 si

232 1332 305 1377 sia
329 1341 571 1389 ottenuta‚
601 1341 648 1377 et
674 1333 904 1378 massime
929 1333 1057 1378 della
1089 1333 1432 1379 distributione
1457 1334 1517 1380 de
1541 1334 1862 1381 l'ellemosina

233 1409 292 1455 de
318 1410 364 1455 la
388 1419 532 1456 santa
569 1426 706 1468 casa,
744 1411 791 1455 la
825 1412 970 1467 quale
1005 1427 1242 1457 concesse
1277 1412 1321 1457 al
1357 1411 1484 1458 Rdo.
1512 1412 1565 1457 P.
1594 1421 1784 1458 rettore
1818 1412 1864 1457 in

232 1502 374 1532 nome
409 1487 468 1533 de
503 1488 550 1533 la
585 1488 868 1533 santissima
903 1488 1113 1546 Trinita,
1141 1498 1189 1535 et
1213 1492 1319 1534 cosi
1341 1490 1465 1535 hora
1489 1506 1577 1546 per
1602 1490 1679 1535 doi
1698 1500 1745 1535 et
1770 1491 1865 1535 alle

233 1565 393 1609 uoltre
418 1573 496 1610 tre
521 1565 580 1609 de
605 1565 673 1622 gli
697 1566 852 1611 nostri
879 1566 924 1611 ui
948 1566 987 1611 si
1013 1566 1214 1612 attende
1248 1582 1340 1612 con
1375 1567 1537 1623 quella
1561 1582 1686 1613 cura
1711 1568 1801 1613 che
1826 1567 1866 1613 si

236 1644 333 1698 pub
359 1642 642 1699 maggiore,
670 1642 716 1687 di
741 1642 830 1688 che
855 1643 939 1700 gia
973 1659 1026 1688 se
1060 1659 1119 1689 ne
1154 1654 1292 1689 sente
1317 1645 1445 1689 bono
1470 1644 1625 1689 odore
1653 1651 1685 1690 ³.
1713 1644 1869 1690 Tutto

236 1735 266 1764 a
290 1719 452 1776 laude,
480 1719 639 1765 honor
663 1730 709 1765 et
734 1721 897 1777 gloria
923 1720 1106 1767 d'lddio
1131 1721 1396 1767 benedetto
1430 1730 1601 1767 nostro
1633 1720 1864 1778 Signore.

241 1796 448 1852 [Preces
468 1797 737 1855 postuma]

325 1874 388 1919 Di
412 1875 603 1920 Loreto
628 1891 657 1920 a
682 1876 713 1921 li
738 1875 839 1920 XV
864 1876 909 1920 di
936 1876 1144 1934 Maggio
1168 1877 1233 1921 M.
1262 1876 1323 1922 D.
1352 1876 1536 1922 LVIII.

326 1952 422 1998 Per
447 1954 793 1999 commissione
818 1954 895 1999 del
919 1970 1025 2000 nro.
1053 1954 1112 2000 R.
1149 1954 1199 2000 P.
1229 1963 1434 2011 rettore‚
1462 1955 1508 2000 di
1533 1955 1599 2000 V.
1628 1954 1687 2000 R.
1717 1955 1769 2001 P.
1797 1955 1864 2001 in-

235 2030 402 2087 degno
428 2030 610 2088 figliolo
636 2040 684 2077 et
708 2047 856 2077 seruo
881 2032 927 2077 in
952 2030 1108 2077 Giesu
1133 2031 1317 2087 Cristo,

1187 2133 1475 2179 RAFAELLO
1509 2133 1679 2179 RIERA
1713 2135 1745 2180 2.

283 2294 299 2314 ὃ
344 2287 612 2334 Exemplum
630 2290 821 2325 latinzmz
842 2290 922 2326 ait:
944 2288 1118 2325 «Attulit
1139 2301 1187 2325 ea
1207 2301 1273 2325 res
1295 2289 1356 2334 [id
1376 2292 1437 2326 est
1456 2299 1562 2326 cura
1583 2290 1871 2336 eleemosyna-

238 2358 336 2384 rum
357 2350 517 2385 nostris
536 2347 785 2395 commissa]
805 2350 942 2385 multis
962 2363 1154 2396 magnam
1173 2349 1491 2386 consolationem
1511 2353 1551 2386 61
1570 2349 1684 2386 nobis
1703 2350 1871 2386 multam

236 2408 419 2444 merendi
439 2409 779 2446 commoditatem.
801 2409 892 2446 Non
920 2411 1052 2446 solum
1080 2409 1188 2446 enim
1215 2409 1446 2456 peregrinis
1473 2409 1652 2456 quotidie
1679 2409 1758 2446 huc
1784 2422 1872 2446 con·
1904 2431 1907 2434 <

236 2467 453 2505 fluentibus
473 2469 615 2505 maiori
635 2469 834 2506 charitate
854 2482 900 2506 ac
919 2469 1168 2506 liberalitate
1188 2469 1345 2514 satisfit,
1368 2470 1438 2506 sed
1467 2469 1589 2506 etiam
1617 2469 1755 2506 multis
1783 2469 1872 2506 aliis
1903 2508 1905 2511 ,

237 2528 304 2573 qui
324 2541 394 2574 pro
412 2528 619 2565 derelictis
637 2529 906 2575 habebantur3
925 2529 1110 2566 omnibus
1125 2534 1263 2566 autem
1279 2542 1360 2566 una
1375 2542 1466 2566 cum
1481 2529 1580 2566 cibis
1596 2529 1873 2576 corporalibus

238 2587 359 2624 etiam
378 2589 599 2635 spiritualis
628 2590 735 2626 vitae
763 2589 960 2626 alimenta
986 2590 1165 2637 quotidie
1195 2590 1450 2626 exhibentur.
1486 2589 1711 2636 Religiosis
1736 2594 1872 2626 autem

237 2648 422 2692 personis
441 2649 674 2695 parauimus
692 2650 960 2687 diuersorium
980 2650 1020 2686 in
1039 2662 1117 2696 quo
1145 2650 1360 2687 humanius
1387 2649 1540 2696 possint
1567 2648 1748 2694 tractari;
1777 2649 1872 2685 iam-

238 2720 315 2753 que
335 2709 611 2746 sanctissimus
630 2710 726 2746 odor
746 2711 889 2747 horum
909 2722 1076 2757 operum
1097 2722 1169 2755 per
1187 2710 1342 2746 uicinas
1358 2709 1479 2746 vrbes
1493 2721 1537 2746 se
1552 2708 1697 2746 effudit
1712 2708 1871 2745 crescit-

239 2778 316 2812 que
338 2767 377 2802 in
396 2768 480 2804 dies
500 2769 632 2816 gloria
652 2774 691 2805 et
711 2770 938 2817 expectatio
958 2769 1089 2806 laudis
1108 2769 1228 2818 hujus
1246 2769 1491 2806 sanctissimi
1511 2768 1588 2805 loci
1604 2773 1644 2805 et
1659 2767 1873 2805 Societatis
1890 2768 1903 2795 ἑ

239 2831 472 2864 nostrae...»

289 2984 299 3003 ¹
353 2959 595 3031 Rodulphus
614 2984 711 3022 Pius
730 2985 778 3021 de
799 2984 942 3031 Carpi.

291 3043 304 3062 ²
356 3043 465 3080 Vide
484 3045 682 3091 superius,
704 3058 799 3092 pag.
820 3045 903 3090 400,
924 3046 1059 3081 annot.
1083 3044 1114 3081 1.
