1900 3380
513 308 901 347 128.—V1N00130NA
929 310 951 347 2
972 311 1177 357 JANUARII
1208 313 1298 350 1558
1585 314 1654 352 483

69 413 145 449 tas
169 403 350 449 habeat
373 405 638 462 collegium
664 406 708 451 in
734 407 971 453 comitatu
995 408 1263 465 goriziensi
1289 409 1383 466 (cui
1409 425 1536 455 nunc
1560 428 1589 456 a
1625 427 1698 457 re-

68 480 151 537 gia
175 480 434 527 maiestate
459 482 763 540 praeficitur)
790 485 834 529 in
860 485 1038 542 oppido
1064 483 1316 531 Gradisca
1343 488 1372 543 ¹,
1407 488 1486 533 ubi
1521 488 1582 533 ad
1618 504 1698 534 no-

68 565 197 602 stros
220 557 424 603 alendos
448 558 578 604 forte
597 575 694 605 non
721 561 948 606 deessent
972 562 1118 618 bona,
1147 578 1273 618 quae
1294 564 1420 609 citra
1440 564 1698 611 difficulta-

67 644 163 679 tem
187 643 234 679 et
257 635 545 692 cuiusquam
568 636 796 682 iniuriam
822 638 1003 683 nostris
1029 638 1270 695 applicari
1296 650 1513 697 possent.

124 711 165 757 7.
232 711 312 756 Ad
346 712 470 759 haec
504 714 816 770 quorundam
850 715 1125 760 amicorum
1156 732 1282 773 erga
1306 733 1395 763 nos
1421 718 1550 775 pium
1575 719 1695 764 afle-

66 797 195 834 ctum
220 804 315 835 non
340 806 603 847 possumus
626 807 721 837 non
746 793 1116 850 commendare,
1139 809 1283 850 quem
1303 795 1567 841 ostendunt
1586 811 1696 852 par-

65 866 150 912 tim
174 865 220 911 in
244 867 567 924 suscipiendis
591 868 637 914 in
669 870 888 927 hospitio?
909 870 1067 916 amice
1103 870 1344 917 fratribus
1378 873 1559 918 nostris
1585 872 1621 929 a,
1651 874 1695 918 in

63 944 337 990 tractandis
361 945 542 991 eisdem
568 947 797 1005 benigne,
834 947 1014 1004 partim
1049 948 1095 993 in
1129 948 1454 994 monstranda
1488 948 1696 996 fideliter

0 1016 1 1066 ἶ
65 1021 159 1078 via,
187 1037 247 1067 ne
271 1038 301 1067 a
325 1038 445 1068 uero
465 1023 666 1069 tramite
691 1024 1072 1082 deuientfilzlm,
1093 1026 1188 1070 Sed
1203 1025 1221 1051 ¹³
1241 1026 1527 1072 discrimina
1546 1028 1694 1072 latro-

63 1114 176 1143 num
199 1099 584 1156 subterfugiant.
623 1101 722 1146 Alii
757 1102 967 1147 libenter
1000 1103 1266 1148 admodum
1304 1104 1486 1160 templo
1522 1114 1694 1150 nostro

61 1176 311 1233 suppetias
335 1176 516 1231 ferunt,
543 1178 582 1223 si
601 1178 695 1224 hac
714 1179 773 1224 de
792 1194 947 1225 causa
967 1180 1134 1225 auxilii
1155 1180 1268 1238 quid
1288 1182 1351 1226 ab
1371 1181 1440 1226 eis
1461 1183 1687 1238 petimus.

61 1252 256 1299 Ornant
279 1255 477 1312 altaria,
504 1255 816 1313 elargiuntur
840 1257 1092 1313 pecunias,
1120 1258 1298 1303 aulaea
1319 1258 1520 1313 donant,
1547 1269 1595 1305 et
1618 1259 1687 1305 fa-

59 1332 176 1378 ciles
198 1348 253 1378 se
276 1332 497 1379 offerunt
520 1334 583 1379 ad
605 1335 998 1381 succurrendum
1022 1336 1266 1382 ecclesiae
1291 1337 1686 1383 necessitatibus.

115 1409 157 1455 8.
225 1408 521 1456 Scholarum
565 1421 852 1457 nostrarum
891 1413 1130 1459 lectiones
1170 1413 1373 1460 visitant
1411 1414 1552 1471 pueri
1591 1414 1685 1460 fre-

58 1496 277 1544 quenteS‚
304 1496 352 1533 et
375 1488 465 1534 nisi
491 1504 579 1546 per
602 1489 811 1546 primam
836 1491 1151 1536 occasionem
1176 1506 1308 1537 noua
1341 1491 1567 1538 aedificia
1602 1494 1684 1538 ab-

57 1565 330 1622 soluantur,
353 1566 490 1611 locus
514 1566 658 1623 plane
682 1567 824 1612 huius
842 1568 1040 1624 collegii
1064 1583 1247 1625 capere
1271 1585 1443 1615 omnes
1462 1585 1559 1615 non
1583 1582 1687 1627 pot-

57 1641 165 1687 erit.
192 1642 327 1688 Bene
351 1642 564 1701 student,
597 1643 859 1701 proficiunt
888 1654 936 1691 et
969 1645 1015 1691 in
1047 1646 1231 1702 pietate
1264 1655 1313 1691 et
1345 1646 1391 1692 in
1427 1646 1685 1693 literarum

56 1718 382 1776 ingenuarum
420 1720 644 1780 scientia,
687 1732 887 1768 nostras
925 1722 1287 1769 admonitiones
1327 1739 1489 1781 aequo
1524 1725 1686 1771 animo

55 1796 322 1854 suscipiunt
345 1807 394 1843 et
417 1798 657 1856 hilariter,
692 1799 974 1856 morigeros
1009 1815 1061 1846 se
1095 1800 1329 1847 exhibent
1361 1801 1408 1846 in
1440 1802 1684 1860 omnibus,

54 1873 120 1920 ita
144 1883 195 1920 ut
217 1875 430 1921 aliarum
465 1875 749 1922 scholarum
785 1878 1007 1923 asseclas
1040 1879 1298 1936 modestia,
1337 1879 1592 1936 diligentia
1626 1896 1686 1926 ac

54 1952 296 2008 probitate
320 1953 469 2011 longe
493 1954 694 2012 lateque
716 1956 1010 2012 praelucere
1035 1956 1316 2003 videantur.
1351 1957 1485 2003 Idem
1519 1958 1684 2004 dicere

52 2043 310 2085 possumus
334 2030 393 2076 de
416 2031 599 2077 nostris
623 2031 1121 2101 conuictoribushqui
1154 2049 1275 2080 sane
1309 2035 1504 2092 optimis
1540 2036 1684 2081 mori-

27 2144 29 2147 .
53 2105 141 2152 bus
164 2116 212 2153 et
236 2107 421 2165 pietate
445 2109 609 2155 ornati
633 2118 760 2156 sunt.
788 2110 1154 2168 Quamplurimi
1189 2113 1359 2169 magni
1393 2113 1604 2159 nominis
1637 2118 1686 2159 et

52 2182 595 2242 bonaefidez‘homines
618 2202 736 2233 suos
760 2187 885 2233 filios
908 2189 1155 2234 conuictui
1180 2199 1352 2235 nostro
1377 2190 1578 2236 tradere
1601 2206 1682 2236 cu-

51 2260 198 2316 piunt.
226 2262 440 2319 Quidam
463 2265 758 2321 praeclarus
782 2264 1019 2311 Poloniae
1044 2266 1229 2313 nobilis
1252 2283 1418 2313 comes
1451 2268 1681 2313 nuncium

50 2339 111 2383 ad
133 2355 221 2385 nos
245 2341 373 2386 misit
396 2356 508 2387 cum
534 2341 706 2400 literis,
733 2352 963 2388 amanter
988 2359 1176 2401 rogans
1200 2354 1252 2390 ut
1277 2360 1393 2390 suos
1413 2344 1537 2390 filios
1557 2346 1678 2391 reci-

49 2429 292 2476 peremus3
320 2428 525 2476 propter
543 2419 637 2465 loci
661 2420 946 2477 angustiam
966 2422 1215 2479 repulsam
1237 2432 1311 2467 est
1329 2436 1522 2478 passus3
1544 2438 1678 2480 spem

49 2500 211 2540 tamen
250 2496 473 2542 dedimus
512 2497 778 2556 aliquando
816 2498 1039 2545 futurum
1079 2508 1130 2544 ut
1169 2500 1373 2556 petitum
1414 2501 1676 2548 obtineret.

50 2569 194 2617 Vnde
214 2573 451 2629 colligere
475 2590 736 2631 possumus
761 2576 954 2622 animos
973 2576 1276 2634 mu[l]torum
1297 2593 1422 2634 erga
1447 2593 1535 2623 nos
1556 2579 1679 2624 bene

48 2635 154 2693 esse
172 2654 464 2707 propensos
489 2658 523 2709 ⁰,
550 2661 599 2697 et
622 2653 943 2698 humanitatis
967 2654 1111 2710 signa
1137 2655 1453 2700 ostenderent
1486 2655 1679 2701 maiora

47 2723 85 2769 si
107 2730 318 2783 propter
339 2727 357 2754 ‘¹
384 2729 634 2774 hominum
659 2731 968 2787 quorundam
995 2731 1399 2776 maleuolcntiam
1426 2733 1679 2778 aztcz'erent

91 2904 110 2923 a
151 2910 203 2943 et.
257 2907 322 2935 —b
355 2913 408 2946 et.
463 2915 525 2936 ——0
557 2908 739 2946 affectos.
796 2909 860 2937 —d
905 2923 990 2958 per.

91 3071 100 3090 ¹
150 3070 347 3109 Gradisca
366 3077 406 3109 et
425 3072 590 3110 Gorizia
609 3074 755 3120 oppida
774 3074 814 3110 in
834 3074 979 3111 finibus
1003 3081 1241 3112 venetorum
1262 3080 1301 3112 et
1320 3089 1548 3124 carnorum;
1577 3079 1675 3116 Ter-

43 3135 155 3176 geste
176 3131 366 3177 <Trieste)
385 3146 474 3179 opp.
497 3134 537 3169 in
557 3133 732 3170 Histria.
