1909 3328
239 256 309 294 808
709 257 787 294 LIT
795 267 931 293 [ERAE
958 256 1317 302 QUADmMEsrREs

193 370 304 399 nem
328 369 496 410 saepe,
522 353 756 410 implorat
782 352 967 398 Christi
991 352 1324 409 clementiam,
1354 352 1581 398 declarat
1599 353 1833 398 nonnulla

194 431 344 477 etiam
379 430 478 476 alia
513 445 642 487 quae
676 431 884 475 celarat.
922 428 1232 486 Gaudemus,
1269 439 1317 475 et
1350 445 1410 475 ne
1445 428 1561 475 ficta
1595 429 1690 475 sint
1729 429 1830 486 illa,

194 523 397 554 oramus
422 507 600 553 Deum.
628 508 773 553 Alias
797 508 945 553 etiam
970 507 1148 553 lamias
1167 507 1214 552 in
1233 523 1443 553 carcere
1461 523 1630 553 sumus
1648 507 1831 552 allocu—

192 586 226 631 ti
266 597 313 631 et
352 586 415 631 ad
449 585 803 642 poenitentiam
837 585 1039 642 hortati,
1077 601 1200 642 quas
1234 585 1506 642 lacrymari
1540 584 1750 630 uidimus
1784 596 1832 630 et

193 663 291 708 alia
325 662 469 719 signa
508 663 822 708 contritionis
860 663 1028 720 edere;
1062 663 1356 709 daemonem
1386 662 1594 708 uocibus
1628 678 1832 708 execra-

193 739 232 784 ri
258 748 306 785 et
331 738 585 785 Christum
611 740 862 786 dominum
887 739 1129 785 confiteri.

249 817 293 862 8.
363 816 636 863 Caeterum
662 817 960 875 vrgentibus
983 818 1030 863 in
1055 818 1158 864 dies
1182 818 1344 875 magis
1368 833 1429 863 ac
1447 817 1609 874 magis
1627 817 1834 863 aestiuis

192 895 461 951 caloribus,
488 904 601 940 orta
625 894 872 951 canicula,
899 895 1064 952 coepit
1088 895 1358 941 cardinalis
1381 903 1553 941 noster
1580 895 1714 940 ilium
1749 895 1830 940 do-

193 973 298 1018 lore
338 972 514 1018 uexari
549 982 597 1018 et
631 972 855 1019 febribus
891 988 1260 1031 nonnunquam;
1299 988 1509 1030 cumque
1543 988 1668 1031 opus
1701 983 1832 1018 esset

191 1050 237 1095 in
273 1050 529 1096 ciuitatem
564 1051 767 1105 reuerti,
806 1051 1007 1097 Patrem
1043 1049 1295 1109 Gartiam,
1323 1052 1403 1108 qui
1428 1067 1621 1097 mecum
1645 1051 1830 1108 suerat,

192 1145 304 1174 cum
325 1129 518 1174 duobus
543 1129 810 1175 uisitationi
834 1129 1106 1186 praefectis
1129 1129 1192 1174 ad
1217 1140 1453 1175 montana
1472 1129 1603 1175 misit
1623 1128 1832 1174 vlterius

198 1218 244 1251 vt
269 1207 331 1252 ad
367 1222 506 1252 mare
542 1223 696 1263 usque
732 1208 1051 1264 peruaderet,
1091 1216 1139 1253 et
1179 1207 1407 1253 doctrina
1446 1207 1718 1253 christiana
1753 1223 1830 1252 ru-

192 1283 359 1329 diores
393 1285 660 1330 instrueret
694 1285 918 1341 populos.
956 1284 1066 1341 Ipse
1100 1301 1223 1331 uero
1255 1284 1501 1342 dispositis
1535 1286 1686 1330 rebus
1720 1300 1830 1330 cum

192 1361 345 1406 Patre
390 1360 623 1418 Gaspare
668 1361 954 1418 regreditur
1003 1362 1242 1418 paulatim
1292 1362 1508 1408 domum.
1562 1361 1832 1407 Constituit

193 1447 360 1484 autem
386 1438 547 1484 obiter
571 1438 826 1489 ecclesias.
855 1454 979 1495 quas
999 1438 1045 1483 in
1070 1439 1245 1484 itinere
1268 1439 1494 1497 haberet,
1523 1438 1702 1495 visere,
1736 1439 1830 1484 cle-

194 1514 325 1561 ricos
350 1515 609 1561 exhortari
635 1525 682 1560 et
706 1515 1016 1570 examinare,
1045 1532 1122 1561 me
1152 1526 1200 1562 et
1233 1532 1343 1561 cum
1382 1517 1571 1562 vicario
1605 1516 1829 1573 generali

193 1610 300 1650 suo,
328 1609 472 1650 quem
494 1594 648 1651 uulgo
674 1593 988 1650 prouisorem
1014 1604 1213 1653 uocant,
1241 1605 1290 1640 et
1314 1595 1529 1651 quodam
1564 1594 1661 1639 alio
1688 1610 1830 1651 prae-

192 1672 343 1728 fecto,
370 1671 468 1716 alia
494 1671 575 1716 uia
599 1671 798 1728 Burgos
823 1671 969 1729 misit,
998 1681 1050 1717 vt
1075 1673 1251 1718 eodem
1286 1674 1431 1718 modo
1466 1688 1589 1729 quas
1624 1673 1830 1718 habere-

195 1764 302 1794 mus
346 1749 521 1794 obuias
560 1749 800 1794 ecclesias
839 1750 887 1795 in
923 1750 1115 1807 itinere,
1158 1750 1450 1795 uiseremus.
1500 1748 1831 1794 Conuocabat

193 1826 376 1882 passim
403 1826 657 1883 generalis
682 1827 758 1872 ille
783 1827 1002 1873 uicarius
1026 1828 1261 1885 episcopi,
1288 1843 1475 1884 magna
1498 1828 1752 1884 grauitate
1784 1836 1832 1873 et

194 1903 447 1960 aequitate
468 1902 560 1959 uir,
583 1919 645 1948 ex
665 1903 871 1961 singulis
890 1904 1202 1950 dioecesibus
1222 1905 1448 1961 elericos;
1469 1904 1833 1950 conueniebant

195 1991 363 2027 autem
388 1981 451 2026 ad
476 1983 781 2038 generalem,
811 1998 959 2039 quam
986 1992 1184 2039 uocant,
1214 1982 1545 2028 uisitationem
1566 1981 1831 2038 aliquando

195 2058 419 2115 triginta,
463 2058 730 2115 aliquando
766 2059 1121 2117 quadraginta,
1158 2075 1511 2117 nonnunquam
1548 2059 1608 2104 60
1646 2058 1829 2116 clerici,

195 2136 275 2194 qui
300 2136 533 2186 omnium,
561 2152 660 2192 qua
684 2138 1170 2195 transcurrebamus,
1198 2153 1445 2195 pagorum
1481 2153 1655 2183 curam
1689 2152 1830 2193 gere-

195 2215 329 2259 bant.
357 2212 505 2269 Quod
529 2222 697 2259 autern
723 2214 833 2259 mihi
859 2230 889 2259 a
913 2214 1059 2260 Rmo.
1097 2215 1339 2260 cardinali
1373 2214 1646 2273 injunctum
1682 2223 1813 2259 esset

195 2290 407 2336 clericos
432 2291 706 2348 exhortari,
734 2291 970 2337 sedebam
994 2293 1086 2338 illis
1106 2293 1561 2350 circumstantibus,
1582 2292 1832 2349 fungebar

197 2384 420 2426 munere,
447 2368 623 2414 deinde
646 2369 997 2414 examinabam
1022 2370 1248 2416 clericos.
1287 2370 1491 2428 Quanta
1525 2385 1648 2415 uero
1683 2370 1830 2427 impe-

198 2445 311 2491 ritia
336 2445 566 2490 laborent
590 2446 744 2502 multi,
772 2461 896 2502 quos
920 2446 1003 2491 uix
1028 2448 1214 2505 legere,
1241 2447 1324 2492 uix
1356 2463 1484 2504 quae
1518 2447 1731 2504 legerint
1763 2447 1828 2491 in·

195 2523 424 2579 telligere
463 2522 914 2580 deprehendebam,
957 2523 1123 2570 dicere
1161 2541 1258 2570 non
1298 2526 1554 2582 morabor;
1597 2524 1830 2570 breuitati

196 2600 324 2645 enim
348 2599 598 2646 studuisse
621 2599 804 2658 fateor,
831 2610 880 2646 et
903 2616 1254 2658 nonnunquam
1278 2602 1429 2647 etiam
1451 2617 1644 2647 summa
1663 2616 1830 2646 rerum

195 2677 361 2733 capita
406 2677 776 2733 perstrinxisse.
823 2677 947 2723 Illud
987 2694 1083 2723 non
1123 2679 1426 2735 praeteribo:
1464 2679 1605 2725 nobis
1649 2679 1712 2724 ad
1754 2694 1828 2724 sa-

196 2763 568 2799 cramentorum
593 2753 830 2812 frequens
854 2755 1068 2801 studium
1093 2772 1411 2813 summopere
1430 2756 1828 2813 adhortantibus,

196 2830 504 2876 cardinalem
528 2840 754 2876 nostrum
778 2833 1068 2878 societatem
1093 2833 1363 2879 instituisse
1398 2850 1545 2891 quam
1575 2834 1636 2879 de
1664 2834 1829 2890 poeni-

196 2907 351 2952 tentia
375 2908 697 2965 nuncupauit3
725 2909 934 2965 singulis
956 2909 1003 2955 in
1028 2925 1089 2955 ea
1117 2909 1361 2956 fratribus
1392 2920 1571 2967 quater
1604 2909 1828 2956 confiteri

196 2984 457 3038 quotannis
481 2985 859 3041 praescribitur,
886 2995 1062 3032 taxata
1086 2986 1289 3043 insuper
1312 2988 1499 3033 mulcta
1522 2987 1587 3033 ab
1616 2987 1687 3033 eis
1720 3002 1829 3044 per-

196 3060 452 3118 soluenda,
492 3061 573 3118 qui
607 3062 670 3107 ab
705 3061 869 3108 officio
904 3063 1211 3109 deflexerint.
1246 3063 1421 3109 Mutua
1445 3063 1535 3110 sibi
1569 3071 1829 3121 praestant
