1900 3380
542 293 863 338 lOL—Cotoxm
892 295 914 328 ‘A
941 292 1148 329 Ocronffls
1179 293 1267 329 1337
1603 294 1672 329 393

87 391 160 436 bri
194 390 330 435 Deus
355 406 441 446 per
465 405 583 434 suos
608 390 729 434 uiles
755 389 1006 434 ministros
1042 389 1085 433 in
1120 388 1215 434 hoc
1250 389 1413 434 uineto
1448 389 1715 434 coloniensi

85 467 283 525 operari
318 467 552 523 dignatus
586 476 677 522 est,
716 466 935 512 breuiter
969 466 1031 511 ad
1065 475 1113 512 te
1147 467 1541 523 perscribamus3
1580 476 1715 524 opta<

87 561 189 590 rem
213 544 378 602 utique
403 544 644 589 maiorem
678 553 901 590 nostram
928 544 1078 589 [uisse
1104 543 1425 600 diligentiam.
1454 553 1501 589 ct
1532 544 1716 601 gratio-

88 638 165 667 res
199 638 259 667 ac
294 622 601 679 copiosiores
634 622 828 668 fructus
862 622 915 667 Ρ.
944 622 1002 666 T.
1032 621 1349 667 offerremus.
1379 621 1622 666 Dabimus
1646 631 1715 666 ta-

87 716 195 745 men
235 710 473 755 quantum
514 715 796 756 possumus,
840 700 1037 756 quando
1078 709 1313 756 quantum
1357 700 1583 744 uolumus
1623 716 1717 744 non

84 777 213 823 licet.

171 854 390 899 Aduenit
421 854 619 900 tandem
644 854 801 912 pridie
825 855 932 900 idus
956 853 1265 911 Septembris
1300 855 1379 899 diu
1416 855 1717 911 multumque

83 942 376 989 expectatus
403 932 559 978 Dnus.
587 932 884 978 Leonardus
910 935 921 957 ¹
949 949 1058 978 cum
1083 933 1143 978 R,
1174 932 1225 978 P.
1254 932 1491 978 Evrardo
1524 933 1716 977 Marcu-

82 1009 238 1065 riano,
266 1010 345 1066 qui
375 1010 542 1066 paucis
578 1010 748 1056 diebus
783 1011 913 1067 apud
948 1026 1037 1055 nos
1071 1023 1427 1067 commoratus,
1456 1019 1596 1055 recta
1623 1010 1715 1054 Lo-

84 1087 280 1133 uanium
307 1087 561 1144 profectus
586 1098 676 1133 est.
705 1088 819 1133 Fuit
843 1089 1038 1145 quidem
1064 1088 1221 1134 Dnus.
1248 1088 1545 1134 Leonardus
1569 1088 1714 1133 adue-

83 1165 219 1211 niens
254 1181 349 1210 non
383 1165 506 1210 satis
529 1165 668 1211 firma
695 1166 993 1223 ualetudine,
1022 1166 1107 1212 sed
1139 1182 1399 1223 speramus
1423 1166 1469 1211 in
1495 1166 1595 1210 dies
1621 1181 1715 1209 me-

83 1243 222 1288 liora.
253 1242 363 1287 Non
398 1243 526 1288 enim
561 1243 831 1300 denegabit
861 1244 925 1290 illi
959 1241 1112 1289 robur
1146 1255 1193 1289 et
1228 1244 1361 1290 uires
1396 1244 1550 1297 Deus,
1579 1244 1716 1289 cuius

81 1336 234 1377 opera
258 1330 519 1377 tantopere
543 1321 706 1367 adhuc
728 1337 852 1379 opus
876 1322 1026 1368 habet
1055 1322 1338 1380 Agrippina
1364 1321 1588 1368 Colonia.
1618 1321 1715 1366 Ha-

82 1398 222 1444 beret
272 1398 419 1444 ctiam
465 1414 589 1455 opus
626 1399 692 1444 M.
740 1399 1057 1445 Theodorico
1110 1399 1601 1453 Amsterodamensi‚
1649 1399 1714 1444 M.

84 1476 399 1522 Theodorico
440 1475 659 1534 Canisio,
697 1479 761 1523 M.
801 1478 1044 1523 Balduino
1084 1487 1132 1524 et
1170 1478 1386 1524 caeteris
1421 1480 1452 1523 ².
1491 1476 1590 1523 Sed
1629 1478 1718 1522 hos

82 1553 270 1599 frustra
294 1554 534 1600 hactenus
565 1556 958 1612 expectauimus.
989 1555 1252 1602 Credimus
1277 1566 1441 1602 tamen
1466 1572 1551 1601 eos
1577 1556 1622 1601 in
1648 1556 1716 1601 iti-

81 1646 200 1676 nere
233 1631 330 1676 iam
366 1645 491 1689 esse3
530 1632 659 1688 quod
693 1633 739 1677 ni
774 1633 851 1689 sit,
890 1634 1070 1679 obnixe.
1103 1649 1345 1691 rogamus
1378 1633 1439 1678 R.
1480 1634 1530 1678 P.
1569 1633 1626 1678 T.
1667 1643 1718 1678 ut

81 1724 209 1754 nunc
232 1709 515 1766 expectanti
542 1708 784 1756 Coloniae
816 1710 1042 1756 misereri
1068 1712 1202 1767 uelit,
1230 1721 1278 1756 et
1303 1726 1449 1768 quam
1484 1710 1717 1756 citissime

83 1786 296 1832 mittere.
1216 1779 1221 1785 x

142 1862 184 1909 2.
252 1863 495 1920 Quamuis
529 1865 674 1921 pauci
709 1865 790 1922 qui
825 1865 1038 1911 doceant
1062 1881 1248 1923 sumus,
1276 1882 1527 1923 nunquam
1553 1875 1715 1912 tamen

83 1940 321 1986 hactenus
356 1950 562 1998 coeptas
596 1942 832 1988 lectiones
858 1944 1127 1989 omisimus.
1157 1944 1222 1989 M.
1251 1944 1498 1989 Henricus
1532 1943 1716 2000 Diony-

82 2018 197 2071 sius,
236 2019 301 2064 M.
340 2019 643 2065 Franciscus
679 2019 922 2066 Costerus
957 2032 1004 2066 et
1039 2037 1153 2079 ego,
1192 2022 1432 2067 absolutis
1467 2021 1552 2078 eis,
1590 2037 1718 2078 quae

82 2096 241 2152 prima
265 2096 513 2152 promotio
549 2097 834 2155 theologica
864 2099 1168 2155 requirebat,
1197 2099 1435 2156 proximis
1460 2099 1631 2145 diebus
1655 2098 1717 2144 ad

83 2174 293 2219 alteram
338 2183 386 2219 et
425 2174 487 2220 ad
536 2175 833 2232 Magistrum
880 2176 1253 2223 Sententiarum
1291 2178 1493 2223 admissi
1532 2193 1714 2224 sumus,

83 2250 237 2297 Dnus.
276 2251 522 2298 Costerus
561 2253 659 2298 iam
694 2263 861 2299 actum
899 2256 1173 2300 secundum
1209 2256 1500 2311 celebrauit,
1538 2264 1586 2300 et
1619 2271 1717 2301 una

82 2343 192 2373 cum
219 2329 427 2385 epistola
460 2330 620 2387 prima
654 2331 717 2376 D.
754 2331 970 2389 Ioannis,
1007 2333 1308 2389 Magistrum
1343 2331 1717 2379 Sententiarum

83 2406 274 2461 publice
308 2406 445 2464 legit.
485 2407 550 2452 M.
587 2407 837 2454 Henricus
872 2418 921 2454 et
955 2425 1050 2467 ego
1082 2411 1237 2466 breui,
1266 2411 1460 2456 uolente
1486 2410 1714 2467 Domino,

84 2492 251 2528 actum
276 2484 502 2529 eumdem
527 2485 832 2532 celebraturi
856 2503 1040 2532 sumus.

139 2560 181 2606 3.
248 2560 428 2607 Visum
453 2563 624 2608 amicis
648 2565 832 2610 nostris
855 2564 962 2622 fuit⁷
994 2574 1045 2611 vt
1069 2566 1345 2611 huiusmodi
1381 2566 1717 2623 promotiones

83 2638 463 2697 susciperemus,
491 2649 540 2685 et
565 2641 760 2697 quidem
785 2658 881 2687 non
906 2652 1111 2701 temere;
1142 2644 1321 2689 vberes
1352 2643 1533 2688 etenim
1557 2659 1621 2689 ex
1644 2644 1717 2690 his

83 2716 474 2771 promotionibus
509 2719 736 2764 metimus
772 2720 986 2776 quotidie
1017 2720 1225 2767 fructus.
1263 2721 1378 2766 Sine
1413 2721 1485 2767 his
1519 2722 1715 2778 quidem

83 2793 274 2848 publice
298 2794 602 2852 theologiam
628 2797 849 2853 profiteri
884 2799 1081 2844 minime
1116 2814 1408 2844 concessum
1434 2799 1541 2845 fuit:
1571 2800 1712 2857 profi-

130 2936 140 2955 ¹
191 2935 237 2973 P.
258 2936 500 2974 Leonardus
519 2938 682 2984 Kessel,
703 2941 867 2987 collegii
886 2946 1032 2978 rector.

129 2994 142 3014 ²
191 2994 417 3033 Balduinus
436 2997 486 3034 ab
505 2997 673 3045 Angelo
694 3001 805 3037 venit
825 2999 1037 3037 Coloniam
1059 3000 1180 3047 paulo
1200 3006 1288 3047 post
1309 3014 1399 3038 cum
1428 3003 1598 3040 Andrea
1619 3003 1716 3041 ssoc-

83 3054 199 3098 catio,
220 3054 344 3101 frisio,
366 3061 408 3093 ut
427 3057 574 3094 dicitur
593 3058 762 3096 inferius
781 3060 822 3096 in
843 3061 958 3107 epist.
977 3061 1055 3097 dici
1077 3060 1120 3097 19
1138 3060 1396 3100 Novembris.
1417 3062 1535 3108 Quod
1554 3064 1603 3101 ad
1618 3064 1716 3101 duos

83 3112 353 3153 Theodoricos
372 3116 530 3161 attinet.
554 3118 646 3155 vide
666 3131 802 3167 supra,
825 3133 917 3167 pag.
940 3119 1023 3165 297,
1045 3125 1180 3158 annot.
1201 3121 1234 3157 3.
