1900 3380
457 283 800 320 207.-—PAN0RMO
830 284 877 319 25
903 282 1110 320 Ocmssffls
1139 282 1230 318 1558
1547 279 1617 315 847

40 389 69 434 li
94 393 112 414 ³
135 395 275 433 tanta
294 386 537 443 religione
561 395 609 431 et
634 386 816 443 pietate
841 385 950 442 uiri,
978 400 1134 441 eoque
1159 384 1435 429 animarum
1462 382 1566 427 zelo
1592 387 1668 426 r'a-

39 465 252 524 piuntur,
280 463 392 508 ut'si
417 478 539 519 quos
563 463 696 508 letali
722 471 929 519 peccato
955 461 1165 507 infectos
1199 460 1380 514 norint,
1418 475 1504 504 eos
1542 458 1669 504 citis-

40 542 159 588 sime
197 540 395 597 adeant,
438 540 753 590 admoneant,
796 540 1072 595 hortentur;
1115 547 1382 596 precentur
1416 537 1582 593 etiam,
1620 545 1672 581 ut

47 618 219 664 relicto
243 627 452 674 peccato
477 617 522 662 in
547 617 677 662 omni
702 617 966 663 sanctitate
1000 616 1110 661 Deo
1144 615 1432 669 inseruiant3
1471 614 1600 670 quod
1634 614 1671 658 si

42 694 240 741 efficere
264 695 353 752 ipsi
378 711 472 740 non
494 695 677 751 ualent,
700 695 911 750 aliquem
932 710 992 739 ex
1014 693 1195 738 nostris
1214 701 1496 748 accersunt;
1525 701 1673 747 atque

42 772 86 818 id
110 787 296 828 magna
320 787 430 817 cum
462 773 738 817 animarum
765 771 911 827 fruge
936 770 1221 826 contigisse,
1259 784 1427 814 sumus
1462 768 1670 825 experti3

41 850 175 896 multi
210 850 337 895 enim
371 849 674 895 concubinas
709 849 997 905 quibuscum
1034 848 1214 892 multos
1248 862 1406 891 annos
1445 854 1671 903 egerant,

41 927 266 974 domibus
290 928 490 984 pellunt;
513 943 608 973 non
627 927 772 984 pauci
792 926 956 971 debita
980 926 1057 971 uel
1083 926 1250 971 ablata
1270 925 1479 970 dominis
1499 924 1674 969 rescri-

42 1005 175 1061 bunt;
218 1005 470 1061 multaque
505 1003 841 1050 huiuscemodi
877 1002 1011 1058 fiunt,
1049 1002 1224 1059 quibus
1258 1002 1452 1047 animae
1490 1001 1677 1048 Christi

42 1083 284 1139 sanguine
309 1083 598 1139 redemptae
623 1098 652 1128 a
675 1081 694 1108 b
718 1081 901 1126 misera
918 1081 1172 1125 daemonis
1197 1080 1453 1135 seruitute,
1475 1079 1677 1124 fauente

46 1160 171 1206 illius
196 1160 361 1205 diuina
383 1160 567 1216 gratia,
595 1160 890 1204 liberantur.

101 1238 142 1284 3.
210 1238 391 1296 Itaque
416 1238 587 1296 facile
611 1238 860 1296 futurum
898 1241 1179 1292 speramus
1219 1239 1274 1281 nt
1312 1235 1483 1280 diuini
1516 1234 1674 1287 uerbi,

44 1316 180 1374 quod
202 1330 430 1361 uacuum
454 1329 723 1373 nunquam
744 1314 890 1370 redit,
919 1314 1107 1358 uirtute
1131 1313 1301 1358 maior
1323 1312 1480 1357 lulius
1494 1312 1682 1368 populi

42 1399 188 1451 pars,
211 1393 473 1450 prementi
496 1393 742 1438 uitiorum
772 1394 897 1449 ingo
931 1391 1155 1447 subdita,
1193 1390 1265 1435 ad
1297 1403 1479 1434 ueram
1514 1389 1684 1434 diuini

47 1471 274 1529 obsequii
295 1471 581 1516 libertatem
603 1470 672 1515 sit
688 1469 961 1514 trahenda.
987 1468 1025 1513 C
1028 1469 1147 1513 nius
1165 1467 1373 1525 quidem
1394 1467 1470 1511 Vei
1486 1466 1682 1511 indicia

47 1550 190 1595 clara
213 1553 336 1594 Sunt
359 1548 513 1605 edita,
541 1551 589 1592 et
610 1563 766 1604 nuper
786 1546 1001 1603 quidam,
1029 1545 1168 1591 cuius
1193 1545 1358 1591 animo
1378 1559 1531 1601 usque
1557 1543 1681 1589 adeo

47 1638 248 1673 tenaces
267 1626 462 1672 radices
481 1626 670 1671 iecerat
689 1640 786 1682 quo
806 1625 851 1670 in
871 1625 1096 1670 nonullos
1113 1623 1480 1669 exardescebat
1499 1622 1680 1679 odium,

49 1713 101 1750 ut
122 1705 256 1750 nulla
279 1704 448 1750 habita
473 1703 773 1749 christianae
804 1702 999 1760 pietatis
1033 1701 1284 1758 diuinique
1318 1700 1571 1757 praecepti
1607 1715 1682 1744 ra-

13 1771 16 1773 *
50 1782 180 1828 tione
201 1789 232 1840 ⁰,
260 1798 289 1827 a
317 1781 526 1827 salutari
561 1779 884 1826 confessionis
918 1788 1237 1825 sacramento
1272 1778 1463 1823 nedum
1498 1792 1529 1822 a
1567 1791 1683 1822 scm-

50 1860 275 1906 ctz'ssz'mo
301 1859 667 1904 m'taenostrae
696 1858 904 1914 uiatico,
937 1857 1196 1902 duodecim
1228 1871 1386 1901 annos
1419 1856 1599 1900 misere
1631 1870 1685 1899 se

51 1937 345 1983 continuerit
369 1946 418 1982 et
440 1945 695 1992 tamquam
715 1935 896 1981 diaboli
916 1934 1181 1980 uilissimus
1199 1949 1377 1979 seruus
1395 1948 1482 1990 per
1501 1932 1547 1977 id
1566 1941 1684 1978 tem-

51 2030 139 2071 pus
164 2014 345 2059 uixerit
368 2012 718 2069 infelic‘issime3
753 2013 961 2058 ducente
995 2011 1183 2068 Spiritu
1218 2009 1405 2056 Sancto
1441 2009 1684 2067 quendam

53 2107 114 2138 ex
138 2092 371 2138 Patribus
394 2091 575 2136 nostris
600 2090 735 2145 adiit,
770 2090 1032 2146 diuinoque
1067 2104 1241 2135 amore
1266 2088 1336 2133 sic
1371 2096 1574 2144 repente
1608 2102 1686 2132 co-

55 2179 215 2216 motus
239 2180 328 2227 est,
366 2179 419 2215 ut
452 2185 548 2214 non
583 2168 746 2214 odium
780 2176 972 2213 tantum
1006 2167 1246 2213 abiiceret
1280 2182 1342 2212 ex
1377 2166 1559 2222 animo,
1600 2164 1687 2210 sed

55 2247 329 2305 praeterita
353 2247 502 2292 etiam
527 2256 752 2303 tempora
776 2245 996 2303 defleret,
1024 2245 1200 2302 quibus
1236 2243 1544 2289 miserrimus
1578 2258 1686 2299 pec-

56 2334 198 2371 cator
222 2324 393 2370 mortis
415 2324 663 2380 particeps
683 2322 845 2369 factus
864 2323 1017 2368 uitam
1037 2322 1179 2379 parui
1198 2322 1391 2367 faceret
1410 2330 1684 2375 aeternam,

57 2418 116 2448 ac
140 2402 348 2447 uulnera
372 2402 536 2447 onmia
560 2401 769 2458 aperuit3
793 2416 1003 2458 cumque
1028 2399 1312 2457 praesentia
1338 2397 1556 2443 remedia
1581 2412 1687 2443 sus-

57 2480 285 2537 cepisset,
310 2479 486 2536 fugato
511 2479 681 2524 mortis
704 2479 882 2524 timore
907 2478 969 2524 ad
996 2478 1167 2534 regale
1202 2476 1482 2522 conuiuium
1522 2490 1688 2521 acces-

24 2605 28 2610 ,
61 2558 137 2611 sit,
164 2557 369 2613 ciboque
394 2555 590 2601 uiuifico
615 2555 850 2613 refectus,
878 2565 926 2601 et
951 2554 1136 2600 Christi
1164 2553 1319 2598 fidelis
1350 2552 1539 2598 amicus
1564 2551 1687 2597 refe-

60 2645 168 2681 ctus
191 2644 281 2681 est.

119 2713 162 2758 4.
229 2711 357 2768 Quid
382 2727 504 2758 uero
529 2711 589 2757 de
612 2710 703 2768 piis
727 2711 1016 2768 quibusdam
1042 2709 1288 2766 foeminis,
1316 2724 1443 2765 quae
1467 2716 1689 2754 nostrum

62 2791 295 2846 templum
318 2788 608 2845 frequenter
626 2789 823 2843 adeunt,
847 2787 1129 2833 dicendum?
1152 2787 1231 2832 An
1256 2802 1352 2831 non
1378 2786 1423 2831 in
1447 2785 1520 2831 his
1544 2786 1691 2831 etiam

65 2867 157 2913 Dei
181 2866 342 2924 gloria
365 2866 384 2893 <¹
403 2866 618 2912 maxime
643 2866 853 2911 relucet?
890 2865 1052 2910 Mundi
1088 2864 1276 2921 pompis
1309 2874 1355 2909 et
1390 2862 1692 2908 uanitatibus

102 3059 119 3080 a
139 3053 321 3089 nonnulli
342 3064 391 3088 ex
410 3051 469 3088 his
488 3051 555 3098 qui
574 3051 612 3087 in
635 3051 808 3088 ecclesia
839 3055 975 3087 nostra
1007 3048 1150 3086 crebro
1171 3054 1402 3085 versantur.
1459 3049 1523 3076 ——b
1558 3048 1594 3085 fa
1616 3058 1692 3086 ms.

69 3120 130 3140 -c
156 3112 293 3150 Prius
310 3112 523 3148 rationem.
576 3111 642 3138 *d
663 3112 805 3148 Prius
824 3111 1010 3157 gloriam,
