1950 3348
317 206 388 243 328
784 207 1005 243 LITTERAE
1032 206 1386 251 QUADRIMESTRES

272 302 385 347 dum
421 311 469 346 et
503 302 606 359 ipse
641 312 949 359 aegrotaret,
986 314 1032 347 et
1066 302 1195 346 forte
1226 300 1408 357 aliquid
1439 301 1762 346 meditaretur
1788 303 1823 357 a,
1850 310 1903 347 ut

272 378 494 434 aegrotis
518 379 608 435 piis
633 395 723 424 usu
747 380 896 436 uenit,
927 380 1051 424 inter
1073 378 1407 423 meditandum
1434 377 1552 422 uidit
1575 377 1725 422 filium
1759 393 1900 422 suum

271 464 411 500 tanta
435 471 545 500 cum
571 456 758 501 laetitia
785 456 828 500 in
856 457 1048 501 coelum
1080 455 1199 510 tolli,
1239 464 1289 499 ut
1323 469 1517 499 summo
1553 469 1747 511 quoque
1781 469 1900 510 gau-

271 532 349 576 dio
389 532 492 588 ipse
526 542 669 588 pater
705 531 1009 586 afficeretur,
1048 547 1159 576 nam
1195 531 1401 576 simulac
1435 531 1794 587 contemplatus
1828 539 1902 575 est

269 607 420 653 filium
460 617 599 653 tanta
638 608 906 654 foelicitate
945 610 1249 654 exultantem
1291 608 1353 652 ad
1392 607 1551 652 Deum
1591 607 1729 661 ferri,
1772 607 1901 652 omni

269 685 524 741 uoluptate
550 700 609 729 ac
633 685 887 729 dulcedine
912 685 1141 741 perfusus
1166 696 1254 740 est,
1284 684 1413 739 quod
1436 699 1546 728 cum
1578 684 1680 739 ipse
1713 683 1899 739 cogita-

271 772 345 806 ret
369 762 672 817 sentiretque
707 776 760 806 se
794 777 854 806 ea
888 762 1076 807 laetitia
1112 761 1350 807 recreari,
1389 760 1733 805 admirabatur
1766 759 1897 817 quid-

270 853 384 882 nam
418 837 563 890 foret;
602 849 750 893 atque
785 853 901 883 ecce
936 838 1106 894 paucis
1139 847 1250 893 post
1284 837 1453 882 diebus
1488 837 1694 881 nuncius
1719 837 1905 881 allatus-

269 924 341 958 est
365 913 515 959 filium
540 929 566 958 e
591 913 738 959 terris
763 930 870 959 esse
900 915 1164 960 sublatum.
1203 913 1329 958 Tum
1365 913 1527 958 subito
1562 912 1627 957 illi
1660 913 1818 957 uisum
1852 912 1898 957 in

268 1000 483 1036 mentem
518 991 666 1042 uenit,
704 1000 752 1036 et
786 993 1012 1047 quamuis
1046 1006 1230 1047 magno
1265 990 1453 1036 affectu
1477 989 1627 1035 filium
1653 990 1901 1046 diligeret,
1943 1028 1949 1033 f

267 1068 445 1112 nuncio
469 1078 631 1113 tamen
658 1069 873 1113 laetatus
897 1079 971 1113 est
995 1079 1153 1124 pater,
1192 1083 1253 1112 ac
1289 1068 1449 1112 Deum
1484 1067 1789 1123 collaudans,
1817 1081 1896 1111 no-

267 1145 340 1190 bis
380 1145 544 1189 retulit
584 1147 612 1189 ¹.
652 1144 775 1189 Illud
809 1154 883 1190 est
915 1154 1081 1190 autem
1117 1145 1246 1201 quod
1283 1144 1443 1199 magis
1476 1144 1729 1196 miremur,
1768 1144 1897 1199 quod

267 1223 440 1267 eodem
466 1222 620 1267 ferme
645 1223 790 1267 modo
815 1222 862 1267 et
886 1223 1093 1267 honesta
1117 1222 1349 1273 foemina,
1377 1221 1532 1277 patris
1555 1236 1716 1277 soror,
1744 1221 1896 1266 amita
1947 1219 1950 1223 ’

267 1299 522 1343 morientis
549 1298 643 1352 lilii,
671 1310 719 1343 et
743 1299 849 1355 ipsa
875 1299 992 1344 uidit
1016 1296 1562 1355 nepotem'Fermriam
1589 1297 1893 1354 redeuntem,

267 1384 315 1421 et
337 1385 571 1432 tanquam
600 1392 725 1429 eum,
754 1376 834 1432 qui
859 1386 988 1421 esset
1013 1377 1413 1426 concionaturus,
1452 1391 1510 1419 eo
1546 1375 1714 1419 habitu
1749 1385 1895 1430 atque

268 1454 449 1498 uestitu
489 1469 584 1509 quo
620 1452 805 1498 fratres
839 1452 1104 1498 Societatis
1140 1453 1337 1505 utimur,
1365 1462 1504 1497 tanta
1525 1452 1624 1497 oris
1647 1467 1706 1497 ac
1732 1453 1900 1497 uultus

266 1530 514 1586 probitate
565 1545 623 1575 ac
672 1530 932 1585 modestia,
987 1539 1037 1574 ut
1091 1539 1307 1584 augusta
1356 1529 1460 1574 eius
1508 1529 1663 1574 facies
1713 1529 1899 1585 pietate

265 1607 477 1663 quadam
516 1607 733 1651 animum
775 1607 837 1651 illi
877 1607 1202 1657 demulceret,
1250 1615 1555 1662 cogeretque
1595 1617 1644 1650 ut
1684 1606 1893 1650 admira·
1931 1595 1935 1601 ¹

267 1694 406 1729 retur
445 1684 608 1729 subito
633 1694 820 1729 tantam
846 1684 892 1728 in
917 1685 1112 1729 homine
1152 1684 1494 1738 mutationem,
1531 1698 1679 1738 quam
1720 1683 1763 1727 in
1804 1681 1922 1736 So-v

267 1761 464 1816 cietate,
507 1761 670 1817 quoad
710 1777 873 1806 mores
914 1761 1138 1817 pertinet⁷
1181 1760 1426 1805 induerat.
1465 1760 1574 1804 Hoc
1611 1759 1765 1804 uisum
1791 1758 1891 1804 foe-

268 1838 429 1883 minae
453 1838 518 1882 illi
543 1837 768 1894 uigilanti
793 1853 950 1894 aeque
975 1837 1221 1882 obiectum
1256 1846 1345 1881 est.
1385 1836 1528 1893 Quae
1564 1836 1691 1893 quod
1726 1836 1889 1892 templi

268 1914 425 1958 nostri
465 1914 888 1970 confessionisque
927 1913 1148 1958 studiosa
1188 1924 1276 1966 est,
1322 1913 1479 1957 uisum
1521 1928 1661 1957 suum
1702 1913 1763 1957 ad
1803 1928 1895 1957 nos

265 1991 452 2036 detulit.
1919 1995 1921 1998 ⁴

321 2067 361 2112 7.
432 2067 711 2124 Collegium
762 2078 982 2113 nostrum
1036 2078 1171 2113 recte
1222 2069 1371 2119 ualet,
1420 2061 1620 2111 Christo
1665 2067 1890 2120 authore,
1948 2083 1950 2087 ’

261 2145 446 2190 fratres
485 2145 747 2201 proficiunt
784 2146 831 2190 in
872 2146 1042 2191 litteris
1083 2161 1240 2201 acque
1274 2160 1334 2189 ac
1370 2145 1415 2189 in
1450 2144 1640 2200 spiritu,
1678 2143 1894 2201 prompti

262 2238 430 2267 omnes
455 2223 514 2267 ad
537 2223 744 2278 quoduis
764 2238 955 2268 munus

352 2299 691 2344 Externorum
715 2300 1064 2355 discipulorum
1090 2300 1215 2344 idem
1248 2313 1503 2355 numerus,
1542 2299 1750 2344 libenter
1775 2313 1884 2344 con-

261 2376 460 2422 fitentur
495 2386 541 2422 et
575 2377 850 2422 ante-diem
887 2377 1216 2434 prestitutam,
1253 2377 1299 2421 in
1336 2376 1498 2422 multis
1532 2386 1626 2421 non
1662 2391 1782 2432 opus
1816 2384 1889 2422 est

260 2454 518 2498 monitore.
548 2453 697 2498 Aucti
723 2453 818 2498 iam
842 2469 1011 2498 sumus
1038 2470 1132 2498 uno
1157 2453 1329 2506 fratre,
1354 2453 1432 2510 qui
1458 2452 1774 2498 ferrariensis
1793 2462 1880 2510 est,

260 2540 402 2585 aptus
437 2530 499 2575 ad
533 2530 741 2586 litteras,
779 2531 1010 2576 obediens
1045 2540 1092 2575 et
1128 2532 1286 2576 bonae
1320 2531 1438 2586 spei.
1478 2530 1588 2575 Deo
1624 2531 1746 2575 laus.
1782 2518 1899 2586 Neci

305 2743 324 2762 a
376 2744 594 2780 meditares
615 2754 693 2780 ms.
1883 2764 1895 2791 ς

305 2940 313 2958 ¹
367 2937 429 2975 Cf.
454 2939 502 2975 de
524 2946 650 2976 morte
671 2941 788 2989 hujus
806 2940 941 2977 fratris
961 2940 1115 2977 Lainiz'
1132 2940 1342 2985 Monam,
1364 2939 1413 2984 II,
1440 2940 1521 2984 315;
1553 2945 1592 2976 et
1620 2935 1890 2984 SACCHINUM‚,'

255 2997 371 3035 Hz‘st.
394 2998 484 3035 Soc.
499 2998 625 3045 Jesn,
647 3005 748 3046 part.
770 2999 818 3045 II,
839 2999 908 3037 lib.
930 2999 962 3040 Ι,
983 3012 1049 3035 nn.
1074 2998 1239 3037 125-126.
1871 3006 1874 3013 ’

1875 3051 1890 3086 ’ἰ
