1971 3369
325 180 397 217 ‘200
797 182 1015 219 LITTERAE
1043 182 1399 228 QUADRmffis'i-RES

277 276 356 332 qui
381 276 441 321 de
466 276 664 321 casibus
691 277 1025 323 conscientiae
1056 278 1387 334 disputarunt,
1415 279 1637 323 breuiter
1661 279 1907 324 collauda-

275 353 352 408 tis,
382 352 582 397 domum
607 368 675 405 se,
703 353 877 398 iisdem
903 354 1009 400 fere
1034 355 1261 399 omnibus
1296 354 1666 407 comitantibus,
1704 356 1905 411 recepit.

275 428 364 474 lllo
389 445 511 474 vero
536 429 613 474 die
637 428 768 474 torte
795 430 990 486 oblitus,
1017 431 1063 475 in
1088 431 1241 476 choro
1268 431 1433 487 templi
1459 431 1614 476 nostri
1651 432 1730 476 ubi
1764 448 1909 477 mane

279 521 453 562 preces
477 506 673 550 orarias
697 506 1009 564 adhibuerat,
1037 508 1258 553 saculum
1296 507 1508 563 reliquit,
1545 507 1592 551 in
1627 524 1723 564 quo
1758 508 1909 553 libros

276 583 448 639 quibus
474 584 723 639 utebatur,
750 582 964 629 ferebat.
992 584 1045 629 In
1071 599 1129 629 eo
1154 584 1308 640 igitur
1333 599 1362 628 a
1386 585 1569 629 nostris
1603 585 1906 630 breuiarium

276 659 423 715 ipsius
462 659 714 704 inuentum
752 668 844 711 est,
886 670 1035 705 vetus
1074 676 1195 705 sane
1235 670 1284 705 et
1327 660 1524 716 humile,
1571 660 1766 716 quicum
1811 677 1908 706 una

275 735 602 792 Contemptus
642 736 806 781 mundi
850 746 978 785 erat,
1021 737 1214 793 duoque
1255 738 1336 782 alii
1376 737 1651 782 huiusmodi
1697 738 1806 782 libri
1850 738 1909 782 de

273 814 508 870 precandi
534 813 727 858 ratione
752 814 1033 870 conscripti.
1064 814 1173 860 Hoc
1196 814 1371 870 scripsi
1396 815 1627 871 quoniam
1652 814 1791 859 nobis
1811 815 1901 859 sin-

273 891 461 947 gularis
516 890 776 935 cuiusdam
834 891 1031 936 uirtutis
1081 891 1275 947 signum
1328 892 1486 936 visum
1537 900 1625 936 est.
1680 890 1909 936 Christus

272 966 388 1023 Opt.
416 967 480 1011 M.
509 982 594 1011 eas
617 967 681 1011 illi
707 967 917 1012 uirtutes
941 968 1144 1023 tribuat,
1173 968 1347 1024 quibus
1372 977 1420 1013 et
1455 968 1659 1024 principi
1694 967 1758 1012 illi
1796 968 1904 1013 Deo

271 1044 585 1100 gratissimus
609 1044 684 1097 sit,
713 1052 761 1089 et
785 1045 1000 1089 omnium
1025 1045 1214 1089 animos
1248 1044 1310 1089 ad
1345 1044 1541 1089 uirtutis
1576 1059 1798 1089 amorem
1833 1044 1899 1089 in—

272 1121 503 1166 flammet.
532 1120 576 1165 Is
602 1130 769 1166 autem
794 1137 923 1166 nunc
952 1121 1123 1166 Ebora
1148 1123 1305 1177 abest,
1344 1131 1418 1166 est
1453 1121 1579 1166 enim
1604 1137 1633 1166 a
1656 1136 1793 1177 rege,
1831 1138 1906 1166 so-

273 1213 486 1254 roreque
510 1198 801 1249 accersitus;
832 1199 917 1243 sed
948 1208 1115 1244 tamen
1152 1199 1425 1255 discedens,
1465 1214 1517 1243 se
1551 1199 1646 1243 huc
1679 1214 1905 1244 reuersu-

272 1290 375 1319 rum
402 1276 464 1320 ad
484 1274 591 1320 Cal.
620 1274 858 1320 Octobris
881 1275 1193 1333 significauit.
1223 1276 1364 1321 Haec
1399 1276 1457 1320 de
1492 1275 1763 1331 cardinalis
1796 1276 1901 1320 exi-

271 1353 378 1397 mia
402 1353 455 1397 in
479 1366 573 1397 7208
596 1352 902 1397 liberalitate
936 1367 996 1397 ac
1030 1353 1401 1397 ln’neltolentia.
1439 1352 1581 1397 Nunc
1615 1353 1675 1396 ad
1711 1352 1904 1408 reliqua

274 1429 547 1474 veniamus.

327 1507 369 1551 5.
437 1506 554 1551 Dux
589 1507 900 1562 Bragantiae
926 1508 937 1530 ¹
965 1506 1304 1563 superioribus
1330 1506 1500 1551 diebus
1525 1518 1724 1551 nostras
1756 1506 1897 1551 scho-

273 1584 345 1629 las
369 1584 548 1638 inuisit‚
576 1584 897 1640 singulasque
922 1599 1238 1639 percurrens,
1266 1584 1310 1628 in
1347 1584 1592 1628 nonnullis
1626 1583 1900 1640 aliquantu-

269 1661 367 1706 lum
387 1661 586 1716 assedit,
601 1672 648 1705 et
667 1670 1023 1717 praeceptores
1042 1669 1347 1716 exponentes
1366 1660 1568 1717 audiuit3
1592 1669 1741 1717 atque
1761 1675 1902 1717 egre—

269 1737 427 1793 diens,
476 1753 561 1782 eos
605 1737 966 1782 humanissimis
1010 1737 1177 1783 uerbis
1222 1737 1540 1794 collaudauit3
1589 1738 1904 1794 magistrum

267 1816 424 1860 etiam
445 1816 651 1871 priliiae
676 1815 857 1860 classis
893 1815 1106 1872 rogauit
1127 1815 1277 1860 cuias
1300 1819 1447 1871 esset,
1475 1815 1563 1859 ‘abi
1594 1813 1904 1860 Societatem
1939 1876 1949 1881 -

268 1897 402 1938 esset
424 1893 714 1950 ingressu&
742 1897 862 1949 quot
894 1893 1002 1937 iam
1036 1896 1207 1937 essent
1239 1892 1302 1937 ab
1336 1893 1448 1937 eius
1482 1893 1727 1949 ingressa
1753 1892 1896 1948 anni,

268 1970 476 2026 aliaque
496 1970 747 2014 nonnulla
765 1970 981 2027 generis
1004 1970 1235 2014 eiusdem
1245 1969 1599 2027 familiariter
1617 1968 1900 2013 admodum

267 2050 316 2091 et
343 2046 756 2102 perhumaniter.
796 2046 988 2091 Deinde
1022 2047 1067 2092 in
1103 2062 1213 2091 eam
1249 2061 1301 2091 se
1336 2046 1561 2091 scholam
1596 2045 1817 2098 contulit,
1854 2045 1901 2090 in

268 2138 365 2180 qua
404 2123 738 2168 conscientiae
774 2138 922 2168 casus
955 2124 1351 2180 exponebantur;
1395 2132 1506 2168 erat
1546 2123 1675 2168 enim
1713 2131 1815 2167 tum
1853 2121 1907 2166 in,

266 2199 493 2245 manibus
532 2199 774 2255 quaedam
812 2200 870 2245 de
904 2199 1221 2245 matrimonio
1261 2200 1501 2257 quaestio,
1539 2215 1688 2256 quam
1720 2198 1800 2244 ille
1836 2198 1899 2244 ad

266 2275 410 2321 finem
456 2291 611 2332 vsque
656 2276 983 2321 attentissime
1028 2277 1249 2333 audiens,
1293 2286 1534 2322 accurate
1578 2291 1660 2321 res
1704 2275 1894 2332 (inquit)

266 2363 381 2398 acta
404 2368 465 2398 ac
489 2361 709 2398 tractata
733 2362 821 2409 est,
845 2369 942 2410 qua
966 2369 1062 2410 ego
1086 2354 1179 2398 hoc
1202 2363 1426 2409 tempore
1451 2353 1693 2409 aptiorem
1711 2352 1894 2396 nullam
1935 2386 1937 2394 .

265 2429 440 2475 audire
474 2438 718 2488 poteram,
746 2430 1005 2487 magisque
1039 2430 1152 2475 mihi
1187 2430 1541 2486 necessariam,
1582 2429 1813 2485 quoniam
1846 2428 1932 2473 in‘f

263 2506 467 2564 negotio
502 2506 717 2563 quodam
751 2507 971 2552 eiusdem
1005 2507 1204 2564 generis
1238 2523 1432 2564 versor,
1460 2515 1508 2552 et
1543 2517 1680 2552 certe
1704 2515 1755 2551 ut
1779 2505 1891 2551 mihi

265 2584 455 2641 videor,
499 2584 619 2629 satis
659 2599 927 2641 persuasus
966 2584 1183 2630 discedo.
1226 2584 1316 2630 His
1354 2584 1508 2641 igitur
1545 2583 1939 2637 humanissime-:3

264 2661 424 2717 dictis,
452 2676 478 2705 e
509 2661 680 2706 schola
714 2661 900 2718 exiens,
928 2662 1103 2706 eadem
1136 2677 1248 2706 cum
1285 2661 1546 2706 comitibus
1580 2660 1897 2717 colloqueba-

261 2748 358 2794 tur,
381 2738 534 2782 multa
558 2738 617 2783 de
641 2747 813 2783 nostro
836 2738 884 2783 in
908 2738 1180 2783 erudienda
1203 2738 1459 2784 iuuentute
1483 2737 1646 2782 studio
1671 2751 1731 2782 ac
1754 2737 1889 2782 labo-

264 2830 334 2871 re,
361 2815 516 2860 multa
541 2815 600 2860 de
624 2815 870 2871 gymnasii
903 2814 1071 2860 fructu
1105 2815 1416 2873 utilitateque
1439 2814 1575 2860 dixit.
1603 2814 1764 2873 Deum
1795 2828 1906 2859 om*

309 2982 319 3000 ¹
371 2980 637 3023 Theodosius,
659 2980 700 3017 V
719 2980 800 3017 dux
814 2980 1069 3028 Brigantiae.
