1966 3540
790 309 865 334 PRA
874 308 1025 334 EFATlO
1597 313 1664 338 XIX

234 391 438 436 H.--DE
476 406 924 444 QUADRIMESTRIUM
948 407 1272 439 LiTTERARUM
1307 409 1569 440 ΗΤΠΠΑΤΕ

173 475 285 533 Jam
331 476 496 531 aliqua
541 476 601 521 de
646 477 1095 533 Quadrimestrium
1147 478 1453 523 Litterarum
1505 479 1713 525 utilitate

31 540 33 542 Ι
87 551 388 610 subjicimus.
419 552 496 598 Ex
520 554 575 598 iis
602 570 725 610 quae
750 554 809 598 de
834 554 1050 599 adhibito
1074 556 1138 599 ab
1172 556 1397 601 omnibus
1432 565 1711 602 nostrarum

87 630 401 675 historiarum
429 631 753 687 scriptoribus
778 631 870 676 hoc
900 631 1308 677 documentorum
1343 648 1529 690 genere
1563 650 1714 690 supra

86 707 312 757 diximus,
339 705 448 764 jure
472 708 647 753 merito
672 707 958 753 conficimus
983 724 1077 753 non
1113 709 1346 766 exiguam
1380 726 1489 755 esse
1523 711 1714 759 illorum

87 785 146 828 ad
174 784 428 829 historiam
454 784 731 829 utilitatem.

175 860 284 906 Huc
310 861 501 907 accedit
525 862 653 917 quod
679 861 761 906 vix
788 861 884 906 ulla
905 878 1000 918 res,
1030 862 1075 907 in
1100 879 1197 920 qua
1230 861 1495 909 Societatis
1530 864 1713 909 alumni

87 954 290 994 operam
316 954 455 983 suam
479 939 785 991 collocarint,
819 955 908 995 pro
943 940 1183 996 dignitate
1218 941 1427 985 tractari
1463 942 1564 987 sine
1600 958 1713 998 qua-

86 1015 420 1061 drimestrium
445 1015 629 1060 auxilio
653 1025 830 1072 potest.
858 1015 1302 1062 Sacramentorum
1338 1018 1382 1062 in
1407 1019 1600 1074 templis
1635 1035 1714 1063 no*

86 1093 198 1137 stris
224 1093 519 1149 frequentia3
548 1093 894 1138 exercitiorum
922 1094 1136 1149 traditio;
1164 1078 1490 1151 collegiorum
1524 1105 1714 1142 nostro-

87 1186 194 1214 rum
219 1170 472 1226 institutio,
507 1186 779 1227 progresus
814 1180 862 1216 et
896 1171 1167 1229 disciplina,
1205 1173 1515 1217 alumnorum
1549 1189 1715 1219 nume-

86 1262 170 1292 rus
194 1256 241 1292 et
266 1247 668 1305 exe1·citationeS‚
696 1248 1053 1305 magistrorum
1079 1249 1293 1303 nomina,
1326 1250 1424 1295 alia
1459 1251 1611 1317 multa
1646 1251 1714 1297 lit-

85 1325 204 1370 teris
235 1325 673 1381 quadrimestribus
709 1325 1020 1371 illustrantur
1054 1328 1084 1372 ¹.
1124 1327 1401 1372 Marianam
1435 1343 1715 1395 congrega-

85 1401 267 1447 tionem
293 1402 558 1458 quamdam
583 1400 791 1448 Genuae
814 1401 915 1460 jam
939 1419 1069 1448 anno
1098 1403 1208 1449 1557
1232 1403 1457 1450 floruisse
1488 1405 1715 1451 novimus

85 1495 148 1524 ex
190 1478 364 1524 litteris
400 1480 647 1525 mensibus
685 1479 819 1538 Majo
854 1489 902 1526 et
934 1480 1079 1540 Junio
1120 1479 1341 1538 ejusdem
1387 1481 1499 1527 anni
1538 1482 1714 1528 ibidem

87 1556 226 1601 datis.
256 1557 468 1602 Tirones
507 1568 703 1602 nostros
738 1558 1224 1614 peregrinationibus
1249 1559 1486 1604 obeundis
1510 1575 1712 1605 nosoco-

84 1634 288 1691 miisque
340 1634 715 1691 frequentandis
765 1636 990 1680 exerceri
1040 1633 1303 1682 Granatae
1352 1637 1558 1682 solitos
1604 1653 1712 1683 esse

84 1727 173 1756 nos
200 1711 344 1757 docet
365 1711 604 1757 Alfonsus
629 1711 754 1757 Ruiz
778 1713 809 1769 2,
836 1712 1041 1769 insignis
1074 1702 1250 1770 postea
1283 1713 1584 1760 novitiorum
1617 1707 1714 1760 Rb-

86 1805 194 1834 mae
246 1789 502 1845 magister.
551 1789 923 1846 Philosophicas
967 1790 1345 1848 disputationes,
1394 1801 1715 1838 externorum

86 1867 233 1913 etiam
259 1882 505 1912 concursu
539 1876 587 1912 et
621 1868 931 1924 argumentis
971 1869 1177 1926 nobiles,
1213 1869 1484 1916 eborenses
1518 1870 1714 1916 litterae

85 1945 310 2002 aliaeque
349 1961 444 1990 non
485 1961 677 2002 paucae
716 1946 1015 1992 describunt.
1056 1946 1346 1993 Certamina
1385 1947 1629 1993 litteraria
1667 1957 1715 1993 et

86 2023 419 2079 praemiorum
443 2022 760 2079 largitionem
781 2023 1059 2080 Olissipone
1077 2024 1246 2070 habita
1265 2024 1487 2070 Didacus
1503 2026 1562 2071 de
1577 2025 1715 2071 Bair-

85 2116 167 2145 ros
190 2100 410 2158 depingit
434 2101 463 2145 3.

174 2175 428 2234 Singulari
453 2177 707 2234 voluptate
731 2194 792 2224 ac
815 2178 1060 2224 desiderio
1085 2179 1298 2236 quodam
1323 2179 1583 2246 afficimur,
1605 2195 1714 2225 cum

87 2254 402 2300 convictuum
438 2264 726 2300 nostrorum
761 2256 1053 2302 coloniensis
1087 2266 1134 2302 et
1166 2257 1448 2303 viennensis
1472 2257 1715 2314 origimen

87 2331 408 2389 ordinemque
433 2333 830 2390 contemplamur
853 2334 884 2378 4.
913 2332 1154 2379 Reficitur
1178 2334 1370 2380 animus
1395 2334 1716 2380 considerans

87 2420 321 2465 quantam
345 2408 562 2467 majores
596 2410 751 2456 nostri
786 2410 833 2455 in
868 2410 1147 2457 erudiendis
1182 2411 1454 2458 christiana
1488 2412 1715 2458 doctrina

87 2485 484 2532 christifidelibus
514 2487 803 2533 industriam
844 2489 1174 2547 reposuerint;
1212 2505 1308 2546 quo
1343 2489 1503 2535 studio
1538 2505 1712 2547 aegro-

85 2564 160 2622 tis,
200 2564 496 2621 praesertim
531 2565 771 2610 saevienti
803 2565 1096 2622 pestilentia,
1133 2567 1486 2624 consuluerint;
1524 2567 1713 2625 quoties

86 2657 285 2687 reorum
309 2657 516 2691 carcere
554 2642 870 2688 detentorum
893 2659 989 2688 non
1010 2643 1156 2689 modo
1176 2644 1367 2700 animis,
1389 2643 1475 2689 sed
1493 2645 1707 2702 corpori·

86 2705 182 2766 bus
201 2719 350 2765 etiam
376 2735 518 2777 opem
542 2721 761 2767 tulerint.

135 2829 143 2847 ¹
195 2827 260 2864 De
280 2827 341 2864 his
359 2828 481 2865 rebus
500 2833 627 2874 agunt
647 2828 842 2875 epistolae
862 2829 981 2878 hujus
1001 2829 1215 2865 voluminis
1241 2828 1307 2864 vix
1334 2841 1415 2865 non·
1439 2841 1591 2866 omnes.
1620 2829 1715 2867 Ideo

85 2887 396 2934 supersedemus
427 2888 615 2934 exempla
645 2888 837 2925 indicare.
868 2887 1091 2926 Caeterum
1128 2887 1357 2924 uberiorem
1390 2901 1563 2926 messem
1594 2889 1715 2926 index

86 2959 222 2984 rerum
241 2946 458 2984 exhibebit.

133 3006 147 3026 ²
196 3006 304 3043 Vide
325 3007 537 3054 epistolam
555 3007 613 3045 87.

133 3066 147 3086 ³
197 3065 306 3102 Vide
326 3066 538 3113 epistolam
556 3065 613 3104 69.

135 3125 149 3144 4
203 3124 308 3162 Vide
328 3125 521 3172 epistolas
539 3125 598 3172 39,
620 3125 678 3172 43,
698 3125 757 3171 58,
777 3126 836 3169 73,
856 3125 914 3168 81,
935 3125 993 3169 85,
1017 3125 1095 3169 110,
1117 3130 1191 3162 etc.
