1950 3348
237 299 308 336 38ss
706 301 924 339 LITTERAE
952 302 1311 348 QUADRIMESTRES

192 399 384 455 optime
406 412 786 457 sztccessurmn
810 414 932 445 vam
959 414 1168 444 ammas
1193 413 1292 444 non
1318 399 1473 445 deest,
1501 400 1585 445 4ιί
1594 401 1826 458 glomam

193 476 295 521 Del
332 480 380 521 et
414 476 648 533 prorz'mi
677 477 899 522 salutem
934 477 1111 522 <mmm
1145 476 1268 520 lune
1288 476 1446 532 fimet.
1489 477 1670 522 Amen.
1695 477 1824 543 Pra-

192 570 307 611 gae,
334 553 472 599 exS.
501 553 774 612 Clemente,
802 554 1109 611 Septembris
1134 553 1202 599 20.

287 632 350 677 V
378 632 439 677 R.
467 632 520 678 P.
547 647 724 677 semus
748 632 793 677 in
819 632 882 677 X
891 632 910 653 ⁰

1041 721 1325 767 VRSMARUS
1360 720 1643 767 GossONIUs
1676 724 1706 768 ¹.

282 799 575 856 Inscriptio.
602 804 628 852 †
660 798 769 844 R.d⁰
802 799 848 844 in
886 798 1038 844 Chro.
1077 798 1214 843 Patri
1251 797 1344 844 M.⁰
1378 798 1570 858 Jacobo
1607 799 1826 856 Laynez,

194 877 418 933 generali
443 876 635 921 vicario
660 875 928 921 Societatis
946 875 1080 933 jesu.
1108 876 1316 920 Romae.
1341 875 1765 931 Quaclrimestres,

285 953 464 998 flffanet
486 954 749 1011 z‘ntegrmn
773 953 1024 1010 szgv'llmn.
1323 948 1326 952 ’

286 1031 405 1076 Alia
429 1045 607 1076 mann.
640 1030 766 1076 1557.

285 1109 506 1154 Polanci
527 1123 707 1154 numu.
738 1108 946 1154 Emend.

981 1292 1054 1343 97

370 1400 683 1437 Praecedentis
702 1400 910 1445 epistolae
927 1402 1231 1436 summam‘mn
1252 1400 1611 1446 Romaefaclmn
1632 1400 1657 1437 ².

285 1501 312 1549 †
347 1496 426 1542 Ex
449 1496 626 1542 litteris
651 1495 864 1541 rectoris
888 1495 1089 1551 Pragae
1113 1495 1170 1541 2Ο
1193 1493 1505 1552 Septembris
1534 1496 1661 1542 1557.

286 1573 522 1619 Hussitae
546 1573 836 1619 sacerdotes
859 1588 949 1618 nos
974 1573 1019 1618 in
1044 1573 1144 1618 suis
1164 1572 1369 1629 publicis
1389 1574 1448 1619 ad
1471 1573 1705 1630 populum
1723 1589 1834 1618 con-

197 1651 418 1697 cionibus
459 1650 666 1707 egregie
699 1659 935 1705 tractant,
974 1666 1085 1695 cum
1122 1649 1337 1696 diffinire
1372 1650 1595 1696 nituntur
1626 1649 1838 1708 jesuitas·

198 1729 288 1786 (sic
312 1728 440 1774 enim
465 1737 665 1773 nostros
688 1728 891 1783 uocant)
916 1727 1073 1772 ciuilis
1097 1727 1234 1783 pacis
1258 1728 1545 1773 turbatores
1570 1737 1619 1773 et
1642 1727 1834 1773 seditio-

197 1821 295 1863 sos,
323 1806 403 1863 qui
428 1806 577 1851 etiam
602 1814 760 1862 agunt
784 1805 827 1850 in
855 1805 1112 1850 academia
1142 1805 1398 1862 pragensi,
1436 1805 1482 1851 id
1516 1814 1590 1852 est
1623 1805 1836 1862 collegio

199 1883 388 1940 Caroli,
415 1893 517 1928 tam
542 1882 741 1940 capitali
766 1882 878 1927 odio
907 1898 996 1928 nos
1031 1892 1380 1940 prosequntur,
1418 1891 1470 1928 ut
1504 1891 1686 1928 octauo
1721 1898 1834 1939 quo·
1883 1904 1886 1906 ·

198 1976 293 2018 que
317 1961 393 2006 die
418 1969 467 2006 et
490 1960 686 2017 saepius
717 1975 807 2005 sua
843 1960 1170 2005 conciliabula
1204 1961 1474 2017 celebrent,
1512 1971 1562 2005 ut
1596 1960 1837 2005 rationem

199 2039 366 2084 ineant
389 2053 673 2083 successum
697 2053 866 2082 rerum
891 2048 1174 2083 nostrarum
1201 2037 1495 2095 impediendi
1519 2037 1557 2095 a,
1591 2038 1720 2094 quod
1754 2053 1836 2093 ge-

200 2131 291 2161 nus
314 2125 388 2161 est
412 2115 542 2172 quod
567 2115 764 2160 adultos
789 2115 1068 2160 iuramento
1093 2115 1412 2172 adstringunt
1442 2130 1501 2160 ne
1536 2115 1613 2160 uel
1650 2114 1740 2172 ipsi
1776 2114 1837 2159 ad
1883 2164 1886 2168 .

200 2208 289 2238 nos
312 2193 572 2249 accedant,
609 2192 688 2237 uel
722 2191 846 2236 filios
880 2191 924 2236 in
962 2200 1186 2237 nostram
1220 2192 1335 2237 dent
1370 2191 1610 2249 scholam,
1652 2206 1742 2236 nec
1776 2189 1837 2236 ad
1879 2192 1887 2233 ζ

200 2270 473 2327 magisterii
513 2269 727 2326 gradum
766 2280 1058 2325 promouent
1093 2284 1372 2326 quenquam
1406 2268 1496 2314 nisi
1533 2269 1661 2314 iuret
1696 2267 1839 2313 aliter

200 2363 346 2404 quam
370 2348 460 2392 sub
485 2356 695 2403 utraque
720 2346 873 2403 spetie
898 2361 950 2391 se
974 2362 1225 2403 nunquam
1251 2346 1746 2391 communicaturum.

291 2425 626 2470 Archiducem
671 2423 910 2469 Austriae
955 2423 1344 2479 Ferdinandum,
1393 2423 1661 2470 secundum
1705 2422 1837 2479 regis

202 2518 521 2548 romanorum
546 2501 711 2557 filium,
740 2501 813 2546 his
837 2501 1009 2547 diebus
1032 2510 1109 2547 ter
1133 2501 1359 2547 conueni:
1398 2511 1446 2547 et
1475 2502 1601 2547 inter
1636 2510 1839 2546 caetera
1872 2489 1876 2494 ¹

203 2580 261 2624 de
285 2580 469 2636 templo
493 2588 665 2625 nostro
689 2578 1016 2624 instaurando
1040 2594 1151 2624 cum
1183 2594 1242 2624 eo
1279 2578 1375 2636 egi3
1415 2579 1658 2629 commisit
1691 2593 1838 2634 nego·
1874 2576 1882 2613 ’-

202 2656 330 2702 cium
354 2657 545 2702 duobus
569 2656 870 2712 architectis,
900 2664 951 2701 ut
977 2655 1090 2713 quid
1114 2655 1249 2702 facto
1274 2672 1396 2713 opus
1422 2665 1554 2702 esset
1578 2655 1840 2712 diligenter
1864 2644 1894 2694 ἶ

204 2734 599 2791 considerarent,
625 2742 677 2779 ut
701 2732 875 2779 confici
900 2733 1068 2790 possit.
1097 2733 1159 2779 Et
1183 2733 1298 2790 quia
1323 2733 1369 2778 in
1402 2733 1614 2789 collegio
1650 2731 1837 2787 Caroli,
1871 2719 1886 2791 ,-

251 2871 270 2889 ²²
320 2871 593 2917 impendiendi
613 2882 695 2908 7775.

1869 2942 1895 2986 ἐς»

255 3003 263 3020 ¹
317 3000 496 3048 Collegii
516 3007 666 3038 rector.
1863 2987 1884 3010 ‘²'

253 3061 266 3079 ²
321 3060 567 3097 Exhibemus
586 3062 648 3097 hie
663 3061 945 3108 compendium
961 3060 1245 3108 praecedentis
1264 3060 1475 3107 epistolae,
1495 3072 1541 3106 pl
1544 3065 1613 3096 out
1629 3060 1668 3095 in
1684 3059 1750 3096 dix·
1755 3069 1843 3095 ersa
1861 3064 1879 3091 ‘v

204 3121 293 3157 loca
312 3121 476 3157 missum
495 3120 580 3163 fuit
603 3121 734 3167 quod
726 3121 930 3157 mvenitur
950 3121 990 3156 in
1010 3120 1147 3157 codice
1166 3119 1308 3157 Getm.
1330 3119 1423 3164 185
1446 3119 1513 3157 fol.
1538 3119 1616 3164 19&
1634 3119 1744 3165 prius
1758 3116 1837 3154 220.
1866 3169 1883 3178 d

1854 3187 1883 3208 ς.

1854 3259 1883 3283 «.’;.;

1851 3293 1855 3298 v
1860 3286 1877 3299 1¹⁴

1849 3301 1887 3348 Ξῖ

1875 3339 1889 3348 ἡ
