1900 3380
502 248 803 285 Str-Commii
832 248 873 283 31
907 247 1065 283 AGUSTI
1097 248 1179 282 1332
1540 249 1609 283 :315

31 347 229 405 placuit,
256 346 342 391 sed
367 345 516 390 etiam
541 344 763 400 sequenti
788 343 864 387 die
896 343 1114 386 montani
1152 343 1346 397 collegii
1386 344 1656 388 rhetorices

32 424 367 482 professorem
393 423 452 467 ad
479 438 530 466 se
555 422 751 473 acciuit,
778 430 830 466 ut
861 421 978 464 talia
1012 419 1380 464 adolescentum
1419 421 1657 465 exercitia

32 502 300 546 induceret.
438 488 443 491 ’

87 578 130 623 5.
197 577 589 632 Praeceptorum
615 591 670 620 ac
700 575 1047 631 discipulorum
1067 575 1294 624 eruditio,
1317 575 1473 630 pietas
1494 585 1541 619 et
1562 590 1654 619 mo-

31 654 203 707 destia,
230 669 326 698 non
361 653 507 698 modo
542 651 912 706 coloniensium,
949 652 1033 696 sed
1068 651 1216 696 etiam
1252 651 1524 696 vicinorum
1559 652 1657 696 ani-

32 747 136 778 mos
159 731 298 776 nobis
322 730 663 775 deuinxerunt.
693 728 770 774 Ex
796 729 965 774 intima
991 744 1113 784 pene
1133 727 1355 773 Saxonia
1376 728 1657 783 nuperrime

31 810 126 854 duo
150 818 408 859 venerunt,
436 807 564 851 alter
594 806 733 851 nobis
768 806 1157 859 commendatus,
1195 806 1324 850 alter
1359 820 1447 849 sua
1483 814 1656 860 sponte

31 885 256 932 accessit.
279 884 522 940 Quamuis
541 884 780 928 hactenus
799 883 1207 939 praeceptoribus
1232 881 1495 927 haereticis
1520 882 1538 900 ²¹
1564 882 1655 926 sint

34 963 121 1018 vsi,
147 973 311 1006 tamen
337 977 484 1017 quam
509 961 555 1005 in
575 960 690 1016 ipsis
709 960 1052 1016 germanicam
1072 959 1435 1015 simplicitatem
1457 974 1656 1015 conspe-

31 1039 205 1092 ximus,
232 1054 320 1083 nos
345 1039 468 1083 bene
491 1053 698 1094 sperare
723 1038 871 1083 iubet.
900 1037 1173 1082 Praeterea
1198 1037 1432 1092 spirensis
1457 1037 1656 1081 catholi-

31 1131 116 1162 cus
139 1116 454 1161 ecclesiastes
477 1114 739 1172 egregium
764 1114 902 1159 nobis
927 1114 1295 1159 adolescentem
1321 1114 1525 1158 adduxit
1549 1130 1657 1159 eru-

32 1193 273 1239 diendum.
315 1193 558 1237 Audierat
592 1193 768 1249 quippe
808 1208 954 1248 quam
991 1192 1211 1237 creditae
1250 1192 1390 1236 nobis
1424 1191 1657 1236 iuuentae

31 1285 232 1326 operam
258 1270 503 1314 daremus.
530 1269 583 1314 F
580 1271 696 1323 (zcz't,
725 1274 780 1314 at
800 1272 1001 1325 opinor.
1027 1269 1233 1314 scholae
1266 1269 1522 1324 spirensis
1556 1282 1656 1313 1120-

31 1347 252 1402 derator,
289 1347 427 1404 qnod
461 1348 651 1402 optime
690 1347 839 1402 apud
872 1347 1137 1402 spirenses
1175 1346 1474 1391 audianum.
1518 1345 1659 1390 Nam

32 1438 122 1470 nos
145 1425 292 1469 hand
311 1438 574 1481 quaquam
600 1438 777 1469 amore
800 1424 1014 1481 {wlgari
1030 1424 1380 1481 prosequitur.

87 1501 129 1547 6.
196 1500 412 1546 Secundi
437 1501 586 1546 etiam
611 1501 657 1546 in
682 1501 846 1546 officio
871 1502 1000 1557 apud
1025 1502 1199 1546 ducem
1232 1500 1553 1558 juliacensem
1578 1516 1657 1544 ne-

31 1594 118 1636 pos
142 1588 344 1624 nostrae
369 1578 479 1623 fidei
511 1588 585 1624 est
619 1579 928 1623 commissus.
966 1578 1028 1623 D.
1066 1578 1304 1623 Nicolaus
1338 1577 1589 1622 Nicander
1625 1579 1656 1633 ¹,

31 1671 126 1701 non
150 1655 295 1700 modo
321 1655 599 1700 haereticos
624 1656 775 1700 libros
800 1655 983 1700 nostris
1007 1655 1371 1700 comburendos
1397 1654 1543 1709 dedit,
1571 1654 1657 1699 sed

31 1733 176 1779 etiam
200 1748 252 1778 se
276 1732 541 1789 aliquando
574 1733 699 1778 velle
724 1748 812 1789 per
836 1732 986 1778 otium
1012 1730 1277 1777 Societatis
1303 1732 1475 1777 laudes
1499 1742 1657 1788 poste-

31 1796 400 1866 risrelinquere
423 1810 558 1855 dixit.
586 1809 639 1854 In
664 1810 880 1855 animum
905 1810 1031 1855 enim
1066 1826 1209 1854 suum
1242 1809 1447 1862 induxit,
1484 1824 1591 1853 cum
1629 1824 1659 1853 a

31 1887 240 1943 negotiis
279 1887 371 1932 erit
411 1887 533 1932 liber
568 1898 614 1932 et
653 1886 897 1941 immunis,
939 1887 1122 1943 aliquid
1156 1886 1201 1931 in
1237 1887 1396 1931 lucem
1431 1886 1658 1931 emittere

34 1976 204 2010 contra
228 1964 493 2011 Societatis
517 1965 739 2010 aemulos
763 1973 811 2009 et
835 1966 1219 2010 obtrectatores.
1246 1964 1356 2009 Non
1387 1974 1552 2009 cessat
1575 1980 1657 2019 pu-

15 2041 155 2105 *blice
173 2041 447 2088 Socz‘etcztis
470 2041 489 2068 b
513 2053 681 2098 partes
705 2042 881 2087 animo
905 2042 1175 2100 Obfimmzto
1199 2042 1342 2086 tueri.
1374 2048 1389 2068 ‘³
1413 2041 1558 2097 Apud
1579 2057 1657 2086 ar-

2 2182 6 2186 *
33 2120 393 2177 chiepiscopum
429 2119 779 2171 coloniensem,
816 2120 979 2177 quoad
1003 2118 1107 2164 fieri
1142 2128 1320 2176 potest,
1348 2119 1550 2175 negotia
1575 2133 1657 2163 no-

34 2206 136 2242 stra
173 2206 450 2254 promouet.
491 2197 874 2242 Bartholomeus
914 2207 1081 2242 autem
1121 2197 1379 2250 Latomus,
1428 2197 1568 2241 simul
1611 2206 1658 2240 et

33 2275 347 2331 prouincialis
371 2275 805 2320 carthusianorum
830 2275 877 2319 in
911 2274 1160 2329 Heluetia,
1197 2284 1354 2331 agunt
1388 2272 1656 2318 Societatis

33 2362 196 2407 partes
221 2352 351 2408 apud
373 2351 570 2397 Rmum.
598 2351 1023 2408 archiepiscopum
1047 2351 1375 2396 triuerensem
1399 2351 1429 2394 2.
1458 2349 1587 2395 Hinc
1605 2348 1656 2394 fit

34 2429 168 2485 quod
186 2427 205 2455 ‘¹
241 2429 380 2474 multi
405 2444 430 2474 e
455 2427 709 2474 Societate
733 2438 1046 2486 expetantur.
1082 2428 1344 2474 Cernimus
1379 2428 1556 2484 ubique
1590 2427 1656 2472 lo-

34 2519 200 2551 corum
243 2521 452 2552 messem
495 2506 946 2552 foecundissimam.
996 2506 1236 2551 Dominus
1270 2506 1406 2550 Deus
1442 2511 1457 2531 e
1492 2505 1656 2550 mittat

35 2584 290 2640 operarios
313 2585 367 2629 2'72
391 2598 611 2629 J'Jzessensz
634 2598 803 2630 suam.

92 2660 132 2705 7.
197 2660 367 2707 Rmus.
395 2661 799 2718 archiepiscopus
823 2661 1134 2727 coloniensis.
1162 2659 1404 2705 demortui
1440 2660 1655 2716 episcopi

81 2834 100 2856 a
148 2827 330 2865 haereeis
350 2840 429 2866 ms.
485 2829 550 2856 -b
582 2835 750 2866 nostras.
804 2836 867 2856 —C
898 2835 950 2866 et.
1006 2828 1071 2854 -d
1104 2834 1158 2863 vt.
1215 2833 1275 2853 -e
1307 2827 1347 2862 in
1367 2839 1470 2864 eam.

46 3016 48 3018 ·
83 3002 93 3022 ¹
144 3000 206 3039 Cf.
228 3015 321 3050 pag.
341 3003 424 3047 300,
445 3003 485 3040 in
500 2999 580 3050 qua
598 3002 744 3039 dicitur
764 3001 989 3039 Micander.

83 3059 96 3080 ²
144 3060 207 3098 Cf.
228 3075 320 3109 pag.
341 3062 423 3108 301,
444 3067 579 3100 annot.
604 3063 635 3099 1.
