1909 3328
276 201 346 237 668
746 201 968 238 LITTERAE
995 202 1351 247 QUADRIMESTRES

228 298 354 343 alias
382 297 448 342 V.
487 297 546 342 R.
585 298 825 343 intellexit
859 309 905 343 et
939 314 1067 361 nunc
1102 314 1295 355 quoque
1330 315 1391 344 ex
1426 308 1568 355 parte
1603 299 1882 355 intelliget.

235 375 660 432 Quadm'mestz'es
683 376 820 420 enim
844 375 1147 420 scribendae
1169 380 1291 421 sunt
1313 377 1492 421 literae
1515 383 1552 421 ²³.
1884 418 1886 423 ,
1905 361 1909 368 ⁴

276 454 319 499 5.
364 452 573 498 Scholas
592 453 832 498 habemus
852 453 870 481 ¹³
886 468 990 498 sex:
1013 454 1284 510 physicam,
1307 455 1385 499 cui
1404 463 1604 510 praeest
1620 454 1684 498 M.
1709 454 1861 500 Fran·
1896 451 1909 497 f

228 531 390 576 ciscus
414 529 675 587 Costerus;
703 530 935 587 logicam,
963 547 1111 587 quam
1137 531 1266 588 regit
1291 531 1356 577 M.
1394 531 1665 576 Balduinus
1699 531 1864 588 Ange·

229 610 318 662 lus,
348 608 649 653 rhetoricam
674 618 722 654 et
747 609 1010 665 poeticam,
1040 609 1084 654 in
1110 625 1207 666 qua
1231 608 1493 665 profitetur
1515 616 1531 635 ⁰
1560 609 1625 653 M.
1653 609 1865 654 Ioannes
1887 607 1909 618 ”

229 686 506 739 Berkelius;
553 695 601 731 et
647 687 770 731 duas
814 686 1175 743 grammaticas
1226 686 1273 731 in
1317 702 1527 744 quarum
1578 702 1675 731 una
1720 686 1866 731 docet
1888 694 1906 714 ’“

231 997 293 1042 ad
328 1012 418 1041 nos
454 1004 756 1041 reuertetur.
784 996 846 1041 M.
872 995 1121 1041 Henricus
1146 995 1414 1052 Dionysius
1449 996 1495 1040 in
1520 995 1867 1052 theologorum
1896 1015 1898 1050 ῃ

231 1074 403 1119 schola
429 1073 729 1130 Magistrum
755 1071 1128 1119 Sententiarum
1155 1082 1203 1118 et
1227 1073 1436 1118 Dauidis
1471 1073 1690 1130 psalmos
1723 1072 1868 1117 inter·
1897 1063 1906 1091 ”

232 1161 477 1208 pretatur3
506 1151 550 1195 in
587 1151 801 1208 collegio
837 1166 957 1196 uero
992 1151 1273 1207 euangelia,
1301 1151 1537 1208 epistolas
1571 1161 1617 1195 et
1641 1157 1656 1177 Ε
1680 1149 1866 1195 Canisii
1900 1169 1901 1215 j

233 1229 587 1275 catechismum
622 1245 805 1286 magno
840 1245 951 1274 cum
985 1228 1150 1274 fructu
1185 1229 1403 1286 exponit.
1446 1228 1706 1285 Frequens
1740 1228 1868 1273 enim
1900 1217 1903 1270 ἶ

234 1307 496 1363 vtrobique
519 1307 669 1352 habet
693 1307 1010 1352 auditorium.
1045 1307 1097 1352 P.
1125 1306 1394 1352 Leonardo
1417 1305 1427 1332 f
1449 1316 1604 1352 totum
1631 1322 1753 1351 onus
1788 1305 1869 1350 do·
1902 1331 1904 1346 .

234 1401 342 1430 mus
358 1385 608 1436 incumbit,
625 1385 753 1441 quod
770 1400 867 1430 non
883 1385 991 1430 leue
1009 1393 1095 1429 est.
1112 1383 1365 1441 Siquidem
1382 1383 1870 1441 praeterquamquod
1904 1391 1905 1447 j

236 1478 438 1508 mensae
472 1472 520 1508 et
556 1478 824 1518 corporum
860 1477 1034 1508 curam
1068 1462 1217 1519 gerit,
1254 1462 1446 1507 animas
1480 1461 1628 1507 etiam
1654 1460 1869 1506 omnium

236 1540 326 1586 sibi
351 1540 643 1585 commissas
667 1539 834 1591 habet,
862 1549 909 1584 et
944 1555 1119 1585 earum
1153 1540 1363 1584 salutem
1397 1538 1662 1596 diligenter
1696 1553 1866 1595 procu—

238 1627 332 1675 rat;
360 1626 408 1663 et
432 1617 719 1674 septimanis
743 1617 948 1674 singulis
973 1617 1080 1673 plus
1105 1616 1261 1662 minus
1283 1615 1342 1662 60
1359 1615 1698 1662 confessiones
1717 1615 1867 1672 audit,

234 1704 283 1740 et
317 1694 534 1740 omnium
568 1709 692 1750 pene
726 1693 1064 1740 confessiones
1097 1694 1363 1751 generales
1398 1693 1601 1746 audiuit;
1638 1701 1709 1738 tot
1743 1692 1871 1738 enim

235 1772 363 1818 domi
388 1770 556 1817 sumus
581 1772 652 1828 (ut
676 1787 772 1816 non
804 1772 964 1817 dicam
999 1771 1130 1828 quod
1165 1771 1358 1817 externi
1392 1787 1488 1816 non
1523 1786 1643 1816 raro
1678 1784 1870 1826 quoque

235 1849 465 1895 audiendi
489 1849 638 1906 sunt),
660 1858 749 1905 tot,
772 1849 988 1906 inquam,
1010 1848 1140 1894 domi
1160 1858 1272 1894 sunt
1291 1848 1636 1894 adolescentes
1654 1847 1870 1893 selectis-

236 1927 362 1986 simi,
389 1937 438 1973 et
462 1927 607 1972 ualde
631 1927 940 1972 accommodi
965 1927 1027 1972 ad
1061 1927 1370 1972 liberandam
1405 1928 1468 1972 ab
1502 1926 1871 1972 haereticorum

236 2005 486 2062 prauitate
517 2004 861 2051 Germaniam.
899 2004 1038 2049 Multi
1074 1997 1202 2050 enim
1237 2005 1366 2050 inter
1399 2019 1485 2050 eos
1518 2013 1631 2050 sunt
1664 2003 1869 2057 nobiles,

237 2082 372 2128 multi
397 2097 608 2139 quorum
632 2090 868 2138 parentes
891 2081 1020 2127 inter
1044 2097 1160 2127 suos
1184 2097 1401 2139 magnae
1431 2080 1716 2126 autoritatis
1740 2088 1869 2134 sunt,

238 2160 376 2205 multi
409 2168 697 2205 senatorum
730 2158 1087 2204 coloniensium
1122 2157 1220 2204 filii.
1259 2158 1445 2204 Omnes
1478 2158 1634 2214 probe
1664 2166 1872 2202 naturae

237 2237 433 2282 dotibus
457 2236 703 2292 exornati,
731 2251 903 2281 omnes
927 2235 1206 2293 diligentes,
1233 2251 1404 2281 omnes
1437 2235 1620 2281 artium
1651 2244 1698 2280 et
1722 2234 1870 2291 pieta-

237 2315 298 2360 tis
323 2314 682 2360 studiosissimi.
710 2313 882 2370 Quare
906 2323 954 2359 et
978 2314 1195 2370 quotidie
1218 2313 1348 2359 domi
1378 2314 1470 2359 sub
1504 2328 1713 2358 coenam
1747 2312 1872 2357 inter

239 2408 292 2438 se
336 2392 602 2449 disputant,
654 2402 701 2437 et
746 2391 883 2448 leges
926 2392 1166 2447 quasdam
1210 2391 1301 2437 sibi
1345 2391 1462 2448 ipsis
1506 2389 1869 2447 praescribunt.

240 2468 426 2514 Omnes
450 2469 698 2525 catholici,
725 2484 913 2525 omnes,
945 2468 1168 2525 quamuis
1192 2479 1305 2513 ante
1340 2468 1468 2513 male
1501 2466 1723 2523 instituti,
1760 2466 1870 2511 hae-

241 2546 512 2592 reticorum
536 2546 720 2603 hostes,
748 2561 956 2603 quorum
982 2546 1358 2591 conuersionem
1384 2546 1462 2591 uel
1495 2545 1671 2590 saltem
1706 2543 1870 2600 expul-

289 2709 306 2729 a
351 2702 476 2748 Quae
491 2701 777 2748 praecedunt,
793 2712 819 2737 cz
839 2712 906 2737 vv.
929 2699 1045 2745 Quod
1061 2711 1204 2736 uerum
1221 2710 1307 2736 non
1325 2702 1431 2736 sunt
1449 2700 1495 2735 in
1509 2697 1699 2734 HANSEN.
1746 2695 1811 2723 ——b
1832 2699 1873 2730 vt

243 2762 337 2798 dixi.
384 2769 445 2789 -C
468 2762 564 2799 Hoc
577 2773 616 2798 v.
636 2761 1012 2808 expleturlaczmcz
1028 2759 1277 2805 apographi
1289 2759 1562 2804 coloniensis,
1579 2757 1768 2802 HANSEN,
1789 2754 1869 2792 303.

243 2821 308 2847 —d
341 2821 381 2857 hi
404 2822 506 2866 [sz'c].
562 2827 624 2848 -e
649 2820 694 2857 P.
750 2819 806 2846 -f
843 2819 885 2857 V.
907 2823 1059 2865 supra,
1081 2821 1230 2855 annot.
1254 2825 1282 2855 c,

291 2964 300 2983 ¹
354 2962 489 2999 Dnus.
515 2963 710 3000 Andreas
728 2962 939 3009 Aquensis
964 2961 1141 3007 intelligi
1168 2960 1341 3015 videtur,
1370 2960 1419 2996 de
1447 2972 1524 3006 quo
1552 2958 1643 2995 vide
1673 2956 1870 3005 superius,

246 3035 339 3070 pag.
360 3022 533 3059 515-516.
