2054 3530
414 297 459 333 ‘24
882 299 1102 336 LITTERAE
1129 299 1482 344 QUADRIMESTRES

369 393 582 448 quentia.
612 392 708 437 Sed
734 393 846 438 [stis
868 400 884 419 ³
907 394 1124 439 breuiter
1148 394 1402 450 absolutis,
1431 395 1493 440 ad
1518 395 1616 452 illa,
1643 397 1786 453 queis
1813 395 1874 452 [Ρ]
1899 400 1993 439 ler—

368 470 471 513 sins
494 469 757 513 fraslamls
779 470 918 514 locus
942 471 1163 523 debetur,
1194 472 1298 515 iam
1321 472 1668 527 procedamus
1689 472 1722 517 b.

432 547 497 591 lO.
566 546 689 591 Nihil
712 562 831 591 sane
855 547 931 592 hic
956 548 1131 593 attinet
1156 563 1244 593 nos
1269 549 1473 592 multum
1493 558 1668 594 contra
1689 548 1860 605 impias
1880 564 1992 604 quo-

369 624 575 668 rundam
604 624 927 668 bohemorum
953 624 998 669 in
1023 640 1129 681 nos,
1168 625 1263 669 imo
1296 625 1338 669 111
1366 625 1521 681 ipsum
1557 625 1735 682 Deum,
1773 625 1993 681 blasphe-

367 700 490 744 mias
514 699 792 755 digladiari.
820 699 923 744 Nos
946 701 1073 745 enim
1098 701 1163 745 illi
1187 710 1419 757 tanquam
1455 701 1913 746 excommunicatos
1947 710 1994 746 et

368 776 654 833 deploratos
679 776 900 822 homines
924 777 1177 831 damnant,
1200 778 1375 834 quippe
1401 778 1477 834 qui
1503 787 1690 834 septem
1711 778 1845 834 deos,
1872 778 1995 823 haec

366 863 553 910 septem
592 864 927 911 sacramenta,
969 854 1036 899 uti
1077 855 1230 908 aiunt,
1272 855 1560 906 habeamus;
1608 870 1661 899 se
1706 870 1829 899 uero
1871 869 1994 911 puro

367 932 550 977 Christi
577 931 837 987 euangelio
861 932 1139 977 adhaerere
1163 941 1211 977 et
1235 932 1443 977 credere
1468 932 1710 988 iactitant,
1737 947 1796 976 ac
1831 931 1991 988 proin-

366 1009 424 1054 de
464 1011 609 1065 (bone
644 1008 799 1065 Deus)
834 1024 980 1065 quam
1015 1009 1224 1065 turpiter
1258 1025 1317 1054 ac
1351 1008 1588 1065 nepharie
1622 1007 1672 1053 S.
1712 1007 1991 1064 pontificem

366 1095 694 1141 caeterosque
733 1085 987 1142 praelatos
1025 1101 1227 1142 nosque,
1272 1086 1420 1131 ueluti
1461 1101 1634 1130 eorum
1673 1085 1896 1130 alumnos
1935 1099 1995 1129 ac

367 1163 631 1218 ininistrOS‚
658 1162 942 1207 traducunt.
962 1162 1141 1218 ¹Neque
1165 1172 1330 1207 tamen
1356 1161 1550 1219 plurimi
1585 1162 1741 1207 etiam
1765 1161 1992 1207 catholici

366 1240 556 1295 desunt,
577 1239 656 1296 qui
674 1239 812 1284 nobis
834 1240 955 1285 haec
975 1255 1124 1296 saepe
1144 1239 1380 1297 referant,
1402 1240 1480 1296 qui
1501 1240 1614 1285 dum
1635 1255 1725 1296 pro
1746 1239 1823 1296 pio
1843 1253 1994 1296 quem

365 1333 490 1374 erga
523 1332 612 1362 nos
637 1316 825 1361 habent
847 1316 1052 1373 affectu,
1079 1326 1126 1362 et
1150 1317 1414 1361 condolere
1439 1318 1501 1362 ob
1525 1331 1838 1361 communem
1863 1316 1990 1361 cala-

366 1395 606 1451 mitatem,
633 1403 681 1439 et
704 1409 793 1438 nos
817 1394 1064 1439 consolari
1090 1394 1325 1450 nituntur,
1347 1393 1398 1438 fit
1422 1403 1473 1438 ut
1497 1394 1602 1449 ipsi,
1625 1393 1799 1438 maiori
1825 1408 1992 1438 conso-

367 1472 548 1517 latione
568 1480 820 1528 percepta‚
839 1471 1126 1527 patientiam
1146 1480 1369 1516 nostram
1390 1486 1450 1516 ac
1466 1471 1891 1516 mansuetudinem
1911 1470 1992 1515 ad-

367 1549 624 1605 mirentur,
645 1557 692 1594 et
708 1548 1029 1593 uehementer
1045 1548 1299 1605 gaudeant
1317 1548 1476 1593 Deum
1495 1564 1591 1593 non
1612 1548 1808 1593 omnino
1826 1547 1992 1604 despe-

366 1627 497 1672 xisse
522 1626 828 1680 Bohemiam‚
852 1626 980 1682 quod
1004 1626 1134 1670 tales
1158 1626 1202 1670 in
1227 1641 1335 1670 eam
1364 1626 1505 1670 uiros
1528 1625 1863 1670 introduxerit
1885 1631 1915 1670 0.

429 1705 496 1749 11.
562 1703 694 1748 Idem
719 1703 866 1748 etiam
890 1703 1106 1748 nonnulli
1130 1702 1273 1747 dubii
1296 1702 1513 1747 hussitae
1538 1702 1775 1758 paulatim
1807 1706 1995 1758 sapere

367 1782 612 1827 uidentur
642 1780 660 1806 d
689 1782 718 1825 ¹.
758 1780 944 1836 Nuper
960 1781 1096 1825 enim
1120 1780 1332 1836 quidam
1357 1780 1415 1824 ol)
1435 1780 1696 1836 ι’]ιειζφιιήι
1716 1780 1859 1824 illam
1883 1793 1994 1824 7208-

364 1863 476 1904 tme
496 1859 635 1904 uitae
657 1858 737 1914 (nt
759 1858 950 1909 dicunt,
978 1872 1036 1902 ac
1061 1873 1149 1912 per
1175 1858 1428 1913 regionem
1453 1866 1698 1913 spargunt
1721 1857 1842 1914 quie
1866 1856 1995 1901 forte

364 1935 565 1981 fortuna
588 1935 815 1980 cubicula
833 1933 1021 1979 nobiles
1042 1934 1250 1990 ingressi
1269 1938 1405 1990 sunl,
1429 1937 1475 1978 et
1493 1934 1702 1979 demum
1722 1933 1879 1991 αἷὶιῙΡ]
1906 1934 1997 1990 (Jm‘

362 2013 592 2062 fratrem}
612 2010 893 2056 custodiam
916 2025 1149 2055 sensuum
1168 2011 1213 2055 in
1231 2010 1419 2066 templo
1438 2014 1485 2055 et
1503 2010 1687 2068 ubique
1705 2009 1992 2056 mirabilem

365 2090 624 2146 uiderunt,
661 2103 721 2134 αι’
754 2088 816 2134 ab
840 2089 983 2133 omni
1007 2088 1165 2144 plazze
1197 2089 1367 2144 specie
1400 2088 1528 2133 mali
1559 2089 1640 2133 laic
1675 2088 1854 2133 caneri
1886 2101 1991 2132 ma-

365 2167 553 2224 m'festo
588 2166 962 2222 cognoverunt)
995 2166 1410 2218 sanctimoniam,
1454 2166 1669 2222 (mirum
1698 2166 1751 2211 in
1785 2165 1994 2210 modum

364 2244 501 2288 emm
524 2257 701 2289 onmes
719 2257 783 2287 ex
798 2246 1109 2298 paupertate
1128 2246 1174 2286 es
1192 2243 1673 2300 castitatesmtrnm
1692 2256 1753 2287 ac
1771 2242 1992 2287 Palmum

365 2320 775 2377 aetificate'onem
799 2319 951 2376 longe
975 2320 1264 2364 maximam
1288 2319 1518 2376 eliciunt)
1542 2323 1694 2377 atque
1723 2319 1782 2364 ob
1814 2319 1993 2376 singu-

364 2397 528 2442 larem
552 2397 604 2442 in
629 2396 827 2441 artibus
844 2396 1219 2451 promouendis
1243 2396 1574 2452 industriam,
1596 2410 1712 2441 cmm
1736 2396 1868 2441 Rdo.
1892 2395 1991 2440 Pa-

364 2478 440 2518 tre
468 2476 705 2520 Vrsmczro
729 2474 744 2497 ²
754 2472 1094 2530 familiarius
1118 2472 1354 2530 conferre
1378 2477 1657 2529 coeperunt
1683 2471 1709 2527 f,
1736 2488 1798 2518 ex
1818 2472 1992 2528 quibus

412 2605 429 2625 a
475 2598 547 2634 his.
604 2597 668 2624 —b
688 2596 736 2632 de
756 2596 901 2642 quibus
919 2594 976 2631 20
995 2596 1082 2632 loco
1101 2595 1313 2632 dicendum
1335 2601 1435 2641 erat,
1463 2596 1715 2633 accedamus.
1770 2603 1832 2624 —C
1859 2596 1991 2634 Socie-

365 2663 490 2694 tatem
522 2662 700 2693 nostram
727 2655 899 2692 duxerit.
954 2655 1019 2682 ——d
1040 2655 1190 2692 sentire
1220 2656 1419 2692 videntur.
1473 2663 1536 2683 —e
1557 2669 1647 2693 011111
1673 2656 1792 2693 enim.
1893 2656 1904 2682 f
1928 2669 1991 2693 cu-

365 2717 495 2753 bicula
526 2721 663 2752 nostra
687 2715 842 2752 nobiles
867 2715 1032 2762 quidam
1060 2715 1233 2761 ingressi
1262 2721 1409 2761 0550111,
1440 2728 1489 2752 ex
1517 2728 1656 2752 eorum
1686 2720 1925 2763 paupertate
1953 2721 1992 2752 et

364 2777 574 2820 lectorum,
601 2788 700 2822 quos
726 2775 812 2811 sine
832 2774 977 2821 plumis
997 2780 1035 2810 et
1056 2787 1132 2811 vno
1152 2776 1333 2821 stragulo
1352 2780 1480 2812 tectos
1498 2787 1608 2812 more
1628 2775 1763 2812 italico
1781 2775 1989 2819 habemus,

366 2848 415 2872 ex
434 2835 614 2871 custodia
633 2845 823 2871 sensuum
843 2834 882 2870 in
902 2834 1048 2870 nostris
1067 2833 1257 2871 fratribus
1278 2840 1317 2871 et
1335 2835 1480 2871 decore
1508 2835 1548 2871 in
1572 2835 1693 2871 rebus
1720 2835 1916 2879 omnibus,
1946 2847 1992 2871 ac

366 2895 405 2931 in
432 2895 586 2931 artibus
613 2894 817 2930 tradendis
844 2893 1053 2937 industria,
1083 2894 1228 2930 mirum
1255 2895 1295 2930 in
1320 2895 1480 2931 modum
1500 2894 1698 2931 aedificati
1717 2898 1821 2939 sunt,
1844 2898 1992 2930 etcum

366 2954 488 2990 Patre
508 2959 643 2990 nostro
662 2958 820 2990 rectore
840 2952 1095 2989 familiariter
1119 2965 1244 2999 agere
1270 2959 1477 3000 ceperunt.

416 3057 423 3074 ¹
477 3055 593 3100 Quae
612 3060 836 3102 sequuntur
853 3054 1032 3091 adhibita
1051 3060 1142 3091 sunt
1161 3055 1211 3091 ab
1231 3056 1371 3092 eodem
1391 3055 1601 3099 POLANCO,
1623 3055 1731 3100 ibid.‚
1751 3055 1823 3090 385
1840 3067 1924 3101 sqq.

414 3116 426 3134 ²
478 3114 521 3151 Ρ.
544 3114 764 3151 Ursmarus
784 3114 1033 3159 Gosssonius,
1055 3119 1187 3150 rector
1206 3115 1368 3161 collegii
1393 3115 1618 3162 pragensis
