1900 3380
572 356 862 397 169.*BUR01S
888 359 935 397 25
965 357 1074 407 MAJi
1104 359 1195 396 1558
1584 358 1655 396 675

68 456 215 514 gregi
239 472 328 502 suo
352 462 369 483 ³
396 457 720 514 (pastoralem
746 473 939 515 nanque
970 473 1144 503 curam
1168 457 1400 514 gerebat)
1436 457 1597 514 palam
1635 456 1700 501 di-

69 533 155 592 xit,
188 534 474 591 neutiquam
508 534 612 580 fieri
649 551 811 593 posse,
849 545 899 581 ut
934 535 1012 581 ille
1052 535 1131 592 qui
1166 535 1322 592 primo
1357 544 1565 592 aspectu
1599 544 1700 579 tam

68 611 292 657 abiectus
315 612 594 669 uidebatur⁷
628 612 748 658 talia
783 612 948 659 dicere
984 621 1166 669 posset,
1203 612 1293 658 nisi
1328 612 1492 658 diuino
1525 612 1699 669 spiritu

68 700 197 734 esset
221 689 438 735 afflatus:
466 690 543 735 cui
568 690 763 748 quidem
788 706 959 737 omnes
983 691 1126 736 simul
1151 691 1531 747 responderunt:
1554 691 1697 744 hunc,

68 766 196 812 hunc
220 776 450 824 optamus
474 768 663 825 audire,
692 768 771 825 qui
795 769 936 814 nobis
961 778 1135 825 aperte
1170 778 1379 825 peccata
1416 777 1587 813 nostra
1622 767 1699 812 de-

70 853 295 890 mostrat.
324 844 623 891 Benedictus
646 845 798 903 Deus,
822 846 902 903 qui
928 846 1079 902 elegit
1097 845 1293 892 infirma
1313 847 1492 904 mundi,
1517 855 1569 891 vt
1589 861 1698 891 con-

68 920 243 967 fundat
267 922 418 968 fortia
443 925 472 968 ¹.

127 998 169 1044 7.
238 998 521 1046 Cardinalis
545 1009 715 1047 noster
748 1002 1012 1058 burgensis
1046 1002 1061 1025 2
1095 1001 1216 1047 satis
1251 1001 1513 1055 obstendit‚
1552 1016 1700 1057 quam

69 1078 312 1124 beneuolo
336 1078 500 1124 animo
524 1095 650 1136 erga
675 1078 977 1125 Societatem
1001 1079 1062 1125 sit
1086 1079 1317 1125 affectus:
1355 1080 1542 1136 gaudet
1572 1079 1699 1124 enim

68 1154 272 1201 Patrum
306 1165 594 1202 nostrorum
628 1157 881 1203 consortio
915 1156 1106 1214 illisque
1143 1157 1295 1203 utitur
1330 1157 1374 1202 in
1417 1158 1567 1203 rebus
1605 1172 1698 1202 non

69 1232 210 1289 parui
235 1234 487 1291 momenti,
515 1245 562 1280 et
586 1235 632 1280 in
657 1235 729 1280 his
754 1250 881 1292 quae
906 1244 1132 1292 spectant
1157 1235 1219 1280 ad
1251 1235 1562 1280 commodum
1588 1250 1699 1292 gre-

68 1310 145 1367 gis
168 1311 259 1357 sibi
284 1312 478 1357 comissi
504 1312 539 1358 b.
566 1312 789 1369 Rogauit
812 1328 1007 1370 nanque
1032 1322 1084 1358 ut
1109 1322 1223 1359 octo
1249 1312 1426 1358 Patres
1446 1328 1565 1358 oues
1584 1328 1701 1358 suas

67 1387 353 1447 inuiserent‚
381 1399 429 1435 et
453 1390 608 1436 verbo
633 1406 693 1436 ac
715 1391 942 1447 exemplo
967 1390 1029 1435 ad
1055 1406 1227 1436 uerum
1252 1390 1345 1436 Dei
1380 1390 1567 1436 cultum
1600 1406 1700 1435 am—

67 1466 377 1522 plectendum
403 1467 511 1513 illas
536 1467 866 1514 inflamarent:
894 1468 1024 1525 quod
1058 1478 1110 1513 ut
1145 1468 1316 1513 melius
1356 1467 1557 1513 efficere
1592 1482 1699 1524 pos-

66 1553 190 1601 sent,
219 1544 373 1608 multa
397 1545 643 1591 concessit
667 1545 739 1604 iis,
767 1546 846 1603 qui
872 1561 1045 1591 eorum
1069 1544 1334 1591 conciones
1353 1545 1598 1591 audirent.
1624 1543 1700 1589 Ex

68 1637 163 1678 quo
187 1622 390 1679 negotio
414 1638 509 1668 non
534 1639 693 1679 parua
712 1623 975 1669 commoda
995 1632 1144 1680 atque
1164 1623 1402 1669 utilitates
1420 1637 1698 1680 speramus3

10 1746 11 1749 ,
67 1699 407 1756 experimento
430 1716 626 1758 nanque
650 1701 977 1758 cognouimus
1003 1700 1208 1746 Patrum
1233 1710 1519 1746 nostrorum
1544 1714 1699 1757 opera

66 1777 114 1822 in
137 1777 232 1824 hac
255 1778 469 1825 dioecesi
494 1781 674 1826 multos
697 1781 851 1826 uitam
876 1781 923 1826 in
946 1781 1120 1826 melius
1144 1789 1380 1826 mutasse.

125 1854 168 1901 8.
235 1856 318 1902 Ad
339 1857 464 1904 haec
488 1858 659 1915 petiuit
682 1858 966 1915 cardinalis,
994 1868 1047 1904 ut
1072 1858 1134 1904 ad
1154 1874 1243 1903 nos
1264 1857 1530 1904 accederet
1550 1856 1701 1901 Pater

67 1933 244 1980 doctor
267 1935 501 1982 Ramirez
526 1936 558 1993 3,
585 1951 731 1993 quem
756 1936 963 1994 ipsemet
987 1936 1178 1994 optauit
1204 1946 1256 1981 vt
1290 1936 1334 1981 in
1370 1935 1464 1980 hac
1498 1934 1700 1979 ciuitate

67 2012 393 2059 concionandi
418 2030 594 2060 munus
617 2014 908 2071 susciperet.
936 2014 1015 2060 Ex
1046 2014 1102 2060 iis
1136 2029 1257 2060 uero
1291 2013 1541 2069 Patribus,
1579 2026 1700 2068 quos

66 2088 204 2146 petiit
228 2090 512 2149 cardinaliS,
539 2092 621 2138 alii
645 2092 742 2138 iam
768 2101 1029 2145 venerunt,
1057 2092 1182 2137 alios
1201 2107 1323 2137 uero
1342 2090 1508 2136 statim
1530 2097 1697 2135 uentu-

70 2182 152 2212 ros
177 2183 287 2214 esse
311 2168 576 2215 credimus.

126 2245 168 2292 9.
236 2244 336 2291 Sed
359 2246 417 2292 iis
440 2263 537 2292 non
562 2255 839 2305 contentus,
868 2263 977 2293 cum
1005 2247 1152 2293 uellet
1188 2259 1516 2303 permagnum
1550 2242 1698 2299 quod—

69 2323 181 2368 dam
204 2338 327 2380 opus
351 2324 485 2370 beati
510 2323 701 2382 Cyrilli‚
729 2324 788 2370 de
813 2325 1108 2370 adoratione
1133 2324 1179 2369 in
1201 2323 1374 2380 spiritu
1399 2331 1448 2367 et
1468 2320 1697 2371 veritate,

69 2415 131 2446 ex
155 2416 345 2457 graeca
369 2401 540 2459 lingua
565 2402 611 2447 in
636 2402 841 2448 latinum
865 2416 1146 2448 sermonem
1170 2399 1454 2456 transferri,
1483 2398 1699 2455 postula-

68 2478 137 2524 uit
161 2494 191 2524 a
213 2478 365 2524 Patre
384 2478 659 2525 Francisco
680 2488 730 2525 ut
749 2479 962 2537 aliquem
984 2488 1186 2525 nostrae
1207 2476 1475 2523 Societatis
1494 2475 1697 2521 Patrem

116 2697 133 2718 a
168 2702 266 2726 suae
285 2699 371 2726 ms.
430 2688 495 2716 —b
531 2689 727 2725 comissae
748 2699 827 2726 ms.

118 2888 128 2907 ¹
178 2886 196 2924 I
217 2886 437 2933 CORINTH„
458 2886 488 2931 I,
508 2885 567 2933 27,

116 2946 130 2966 ²
179 2946 422 2984 Franciscus
441 2946 490 2983 de
509 2945 711 2983 Mendoza
730 2951 771 2983 et
789 2946 1017 2983 Bobadilla.

116 3007 129 3027 ³
179 3006 225 3044 P.
241 3006 421 3054 Joannes
440 3006 645 3053 Ramirez,
666 3006 735 3054 qui
761 3005 972 3044 Granatae
1001 3004 1322 3042 contionabatur.
1353 3004 1442 3042 Non
1471 3010 1610 3042 tamen
1639 3006 1702 3043 hic

0 3077 1 3107 1
69 3065 193 3103 Pater
210 3071 304 3104 tunc
323 3067 435 3103 venit
453 3065 626 3114 Burgos,
647 3067 719 3104 sed
736 3079 808 3114 pro
827 3067 898 3103 illo
917 3066 1062 3102 missus
1081 3070 1143 3102 est
1160 3064 1205 3101 P.
1223 3064 1263 3111 J.
1290 3064 1475 3112 Baptista
1501 3064 1700 3102 Sanchez.

0 3117 1 3166 i
72 3124 134 3163 Cf.
153 3126 342 3164 Sanctus
360 3127 624 3164 ancz’sczcs
642 3127 821 3174 Borgz'a,
841 3126 910 3171 III,
932 3125 1014 3171 368,
1034 3125 1116 3171 373,
1137 3124 1219 3170 37&
1242 3131 1281 3162 et
1300 3125 1468 3162 inferius
1488 3125 1700 3172 epistolam

0 3171 2 3216 i
67 3184 233 3232 Joannis
251 3186 491 3224 Fernandez
506 3186 586 3224 diei
602 3186 649 3223 24
667 3185 922 3234 Septembris
939 3186 1060 3234 hujus
1079 3185 1186 3223 anni.
