<?xml version="1.0" encoding="UTF-8"?>
<!DOCTYPE html PUBLIC "-//W3C//DTD XHTML 1.0 Transitional//EN"
    "http://www.w3.org/TR/xhtml1/DTD/xhtml1-transitional.dtd">
<html xmlns="http://www.w3.org/1999/xhtml" xml:lang="en" lang="en">
 <head>
  <title>
</title>
<meta http-equiv="Content-Type" content="text/html;charset=utf-8" />
  <meta name='ocr-system' content='tesseract 3.04.00' />
  <meta name='ocr-capabilities' content='ocr_page ocr_carea ocr_par ocr_line ocrx_word'/>
</head>
<body>
  <div class='ocr_page' id='page_1' title='image "./litteraequadrime1705lain_0900.png"; bbox 0 0 1909 3328; ppageno 0'>
   <div class='ocr_carea' id='block_1_1' title="bbox 251 258 1323 303">
    <p class='ocr_par' dir='ltr' id='par_1_1' title="bbox 251 258 1323 303">
     <span class='ocr_line' id='line_1_1' title="bbox 251 258 1323 303; baseline -0.001 -8"><span class='ocrx_word' id='word_1_1' title='bbox 251 260 320 295; x_wconf 69' lang='lat'>808</span> <span class='ocrx_word' id='word_1_2' title='bbox 719 258 940 294; x_wconf 62' lang='lat' dir='ltr'>LITTERAE</span> <span class='ocrx_word' id='word_1_3' title='bbox 968 258 1323 303; x_wconf 73' lang='lat' dir='ltr'>QUADRIMESTRES</span> 
     </span>
    </p>
   </div>
   <div class='ocr_carea' id='block_1_2' title="bbox 199 357 1909 2707">
    <p class='ocr_par' dir='ltr' id='par_1_2' title="bbox 202 357 1838 1019">
     <span class='ocr_line' id='line_1_2' title="bbox 206 357 1837 416; baseline 0 -12"><span class='ocrx_word' id='word_1_4' title='bbox 206 360 368 410; x_wconf 69' lang='lat' dir='ltr'>lenna,</span> <span class='ocrx_word' id='word_1_5' title='bbox 398 363 450 403; x_wconf 73' lang='lat' dir='ltr'>vt</span> <span class='ocrx_word' id='word_1_6' title='bbox 471 373 532 403; x_wconf 76' lang='lat' dir='ltr'>ea</span> <span class='ocrx_word' id='word_1_7' title='bbox 563 358 779 403; x_wconf 72' lang='lat' dir='ltr'>assiduis</span> <span class='ocrx_word' id='word_1_8' title='bbox 811 358 923 403; x_wconf 74' lang='lat' dir='ltr'>suis</span> <span class='ocrx_word' id='word_1_9' title='bbox 958 359 1009 403; x_wconf 76' lang='lat' dir='ltr'>in</span> <span class='ocrx_word' id='word_1_10' title='bbox 1045 372 1138 403; x_wconf 80' lang='lat' dir='ltr'>nos</span> <span class='ocrx_word' id='word_1_11' title='bbox 1172 357 1352 403; x_wconf 76' lang='lat' dir='ltr'>officiis</span> <span class='ocrx_word' id='word_1_12' title='bbox 1385 358 1505 404; x_wconf 91' lang='lat' dir='ltr'>satis</span> <span class='ocrx_word' id='word_1_13' title='bbox 1540 373 1655 404; x_wconf 82' lang='lat' dir='ltr'>eam</span> <span class='ocrx_word' id='word_1_14' title='bbox 1688 359 1837 416; x_wconf 81' lang='lat' dir='ltr'>expli-</span> 
     </span>
     <span class='ocr_line' id='line_1_3' title="bbox 204 434 1837 492; baseline 0 -12"><span class='ocrx_word' id='word_1_15' title='bbox 204 452 321 481; x_wconf 82' lang='lat' dir='ltr'>care</span> <span class='ocrx_word' id='word_1_16' title='bbox 351 437 440 479; x_wconf 66' lang='lat' dir='ltr'>vix</span> <span class='ocrx_word' id='word_1_17' title='bbox 471 435 626 492; x_wconf 82' lang='lat' dir='ltr'>possit</span> <span class='ocrx_word' id='word_1_18' title='bbox 653 441 688 479; x_wconf 76' lang='lat'>³.</span> <span class='ocrx_word' id='word_1_19' title='bbox 716 434 861 479; x_wconf 90' lang='lat' dir='ltr'>Dono</span> <span class='ocrx_word' id='word_1_20' title='bbox 886 435 1019 480; x_wconf 91' lang='lat' dir='ltr'>dedit</span> <span class='ocrx_word' id='word_1_21' title='bbox 1043 450 1201 491; x_wconf 92' lang='lat' dir='ltr'>nuper</span> <span class='ocrx_word' id='word_1_22' title='bbox 1224 435 1556 480; x_wconf 86' lang='lat' dir='ltr'>holosericum</span> <span class='ocrx_word' id='word_1_23' title='bbox 1591 435 1837 491; x_wconf 79' lang='lat' dir='ltr'>quoddam</span> 
     </span>
     <span class='ocr_line' id='line_1_4' title="bbox 203 510 1837 568; baseline 0.001 -13"><span class='ocrx_word' id='word_1_24' title='bbox 203 521 566 565; x_wconf 75' lang='lat' dir='ltr'>ornamentum,</span> <span class='ocrx_word' id='word_1_25' title='bbox 595 512 719 555; x_wconf 90' lang='lat' dir='ltr'>miro</span> <span class='ocrx_word' id='word_1_26' title='bbox 744 510 956 556; x_wconf 84' lang='lat' dir='ltr'>artificio</span> <span class='ocrx_word' id='word_1_27' title='bbox 992 510 1092 556; x_wconf 86' lang='lat' dir='ltr'>suis</span> <span class='ocrx_word' id='word_1_28' title='bbox 1126 511 1352 557; x_wconf 89' lang='lat' dir='ltr'>manibus</span> <span class='ocrx_word' id='word_1_29' title='bbox 1388 512 1719 568; x_wconf 88' lang='lat' dir='ltr'>elaboratum,</span> <span class='ocrx_word' id='word_1_30' title='bbox 1757 527 1837 558; x_wconf 89' lang='lat' dir='ltr'>ca-</span> 
     </span>
     <span class='ocr_line' id='line_1_5' title="bbox 203 588 1836 646; baseline 0.001 -13"><span class='ocrx_word' id='word_1_31' title='bbox 203 590 362 634; x_wconf 87' lang='lat' dir='ltr'>sulam</span> <span class='ocrx_word' id='word_1_32' title='bbox 398 589 512 633; x_wconf 88' lang='lat' dir='ltr'>item</span> <span class='ocrx_word' id='word_1_33' title='bbox 547 588 766 633; x_wconf 87' lang='lat' dir='ltr'>eiusdem</span> <span class='ocrx_word' id='word_1_34' title='bbox 799 598 846 633; x_wconf 90' lang='lat' dir='ltr'>et</span> <span class='ocrx_word' id='word_1_35' title='bbox 877 588 1070 633; x_wconf 86' lang='lat' dir='ltr'>artificii</span> <span class='ocrx_word' id='word_1_36' title='bbox 1096 599 1143 633; x_wconf 91' lang='lat' dir='ltr'>et</span> <span class='ocrx_word' id='word_1_37' title='bbox 1168 589 1426 644; x_wconf 87' lang='lat' dir='ltr'>materiae,</span> <span class='ocrx_word' id='word_1_38' title='bbox 1454 589 1501 633; x_wconf 91' lang='lat' dir='ltr'>in</span> <span class='ocrx_word' id='word_1_39' title='bbox 1526 589 1700 646; x_wconf 91' lang='lat' dir='ltr'>quibus</span> <span class='ocrx_word' id='word_1_40' title='bbox 1724 605 1836 635; x_wconf 92' lang='lat' dir='ltr'>con-</span> 
     </span>
     <span class='ocr_line' id='line_1_6' title="bbox 203 665 1834 722; baseline 0.001 -12"><span class='ocrx_word' id='word_1_41' title='bbox 203 666 456 711; x_wconf 86' lang='lat' dir='ltr'>cinnandis</span> <span class='ocrx_word' id='word_1_42' title='bbox 500 675 657 710; x_wconf 89' lang='lat' dir='ltr'>totum</span> <span class='ocrx_word' id='word_1_43' title='bbox 702 665 913 721; x_wconf 89' lang='lat' dir='ltr'>ipsamet</span> <span class='ocrx_word' id='word_1_44' title='bbox 957 665 1136 710; x_wconf 87' lang='lat' dir='ltr'>dicitur</span> <span class='ocrx_word' id='word_1_45' title='bbox 1181 666 1518 722; x_wconf 81' lang='lat' dir='ltr'>absumpsisse</span> <span class='ocrx_word' id='word_1_46' title='bbox 1567 665 1834 712; x_wconf 88' lang='lat' dir='ltr'>biennium.</span> 
     </span>
     <span class='ocr_line' id='line_1_7' title="bbox 202 741 1838 799; baseline 0 -11"><span class='ocrx_word' id='word_1_47' title='bbox 202 742 471 788; x_wconf 89' lang='lat' dir='ltr'>Constituit</span> <span class='ocrx_word' id='word_1_48' title='bbox 504 743 653 787; x_wconf 87' lang='lat' dir='ltr'>etiam</span> <span class='ocrx_word' id='word_1_49' title='bbox 688 751 741 786; x_wconf 87' lang='lat' dir='ltr'>vt</span> <span class='ocrx_word' id='word_1_50' title='bbox 776 757 946 787; x_wconf 89' lang='lat' dir='ltr'>omnes</span> <span class='ocrx_word' id='word_1_51' title='bbox 981 757 1102 787; x_wconf 91' lang='lat' dir='ltr'>suae</span> <span class='ocrx_word' id='word_1_52' title='bbox 1136 741 1355 787; x_wconf 80' lang='lat' dir='ltr'>familiae</span> <span class='ocrx_word' id='word_1_53' title='bbox 1389 743 1618 799; x_wconf 80' lang='lat' dir='ltr'>germani</span> <span class='ocrx_word' id='word_1_54' title='bbox 1656 742 1838 788; x_wconf 86' lang='lat' dir='ltr'>nostris</span> 
     </span>
     <span class='ocr_line' id='line_1_8' title="bbox 203 818 1836 876; baseline -0.001 -12"><span class='ocrx_word' id='word_1_55' title='bbox 203 818 534 865; x_wconf 84' lang='lat' dir='ltr'>confiteantur</span> <span class='ocrx_word' id='word_1_56' title='bbox 573 828 621 864; x_wconf 91' lang='lat' dir='ltr'>et</span> <span class='ocrx_word' id='word_1_57' title='bbox 659 818 825 864; x_wconf 79' lang='lat' dir='ltr'>factae</span> <span class='ocrx_word' id='word_1_58' title='bbox 864 818 1190 863; x_wconf 80' lang='lat' dir='ltr'>confessionis</span> <span class='ocrx_word' id='word_1_59' title='bbox 1229 819 1561 864; x_wconf 87' lang='lat' dir='ltr'>testimonium</span> <span class='ocrx_word' id='word_1_60' title='bbox 1597 818 1836 876; x_wconf 79' lang='lat' dir='ltr'>afferant,</span> 
     </span>
     <span class='ocr_line' id='line_1_9' title="bbox 203 895 1835 953; baseline -0.001 -12"><span class='ocrx_word' id='word_1_61' title='bbox 203 897 332 953; x_wconf 89' lang='lat' dir='ltr'>quod</span> <span class='ocrx_word' id='word_1_62' title='bbox 357 896 397 941; x_wconf 91' lang='lat' dir='ltr'>si</span> <span class='ocrx_word' id='word_1_63' title='bbox 421 896 704 952; x_wconf 79' lang='lat' dir='ltr'>neglexisse</span> <span class='ocrx_word' id='word_1_64' title='bbox 738 895 887 952; x_wconf 80' lang='lat' dir='ltr'>aliqui</span> <span class='ocrx_word' id='word_1_65' title='bbox 921 895 1253 951; x_wconf 88' lang='lat' dir='ltr'>inueniantur,</span> <span class='ocrx_word' id='word_1_66' title='bbox 1292 896 1409 941; x_wconf 87' lang='lat' dir='ltr'>aula</span> <span class='ocrx_word' id='word_1_67' title='bbox 1442 911 1532 940; x_wconf 91' lang='lat' dir='ltr'>sua</span> <span class='ocrx_word' id='word_1_68' title='bbox 1567 911 1653 940; x_wconf 93' lang='lat' dir='ltr'>eos</span> <span class='ocrx_word' id='word_1_69' title='bbox 1688 895 1835 941; x_wconf 85' lang='lat' dir='ltr'>absti-</span> 
     </span>
     <span class='ocr_line' id='line_1_10' title="bbox 205 973 503 1019; baseline 0 -1"><span class='ocrx_word' id='word_1_70' title='bbox 205 989 323 1019; x_wconf 90' lang='lat' dir='ltr'>nere</span> <span class='ocrx_word' id='word_1_71' title='bbox 348 973 503 1019; x_wconf 85' lang='lat' dir='ltr'>iussit.</span> 
     </span>
    </p>

    <p class='ocr_par' dir='ltr' id='par_1_3' title="bbox 199 1006 1909 2707">
     <span class='ocr_line' id='line_1_11' title="bbox 261 1006 1909 1105; baseline -0.001 -10"><span class='ocrx_word' id='word_1_72' title='bbox 261 1050 332 1095; x_wconf 79' lang='lat'>21.</span> <span class='ocrx_word' id='word_1_73' title='bbox 400 1049 541 1095; x_wconf 90' lang='lat' dir='ltr'>Haec</span> <span class='ocrx_word' id='word_1_74' title='bbox 563 1050 670 1095; x_wconf 76' lang='lat' dir='ltr'>fere</span> <span class='ocrx_word' id='word_1_75' title='bbox 694 1059 822 1105; x_wconf 83' lang='lat' dir='ltr'>sunt,</span> <span class='ocrx_word' id='word_1_76' title='bbox 848 1048 973 1094; x_wconf 89' lang='lat' dir='ltr'>Rde.</span> <span class='ocrx_word' id='word_1_77' title='bbox 1002 1048 1075 1105; x_wconf 57' lang='lat' dir='ltr'>P„</span> <span class='ocrx_word' id='word_1_78' title='bbox 1103 1064 1230 1105; x_wconf 90' lang='lat' dir='ltr'>quae</span> <span class='ocrx_word' id='word_1_79' title='bbox 1254 1049 1420 1094; x_wconf 90' lang='lat' dir='ltr'>diuina</span> <span class='ocrx_word' id='word_1_80' title='bbox 1444 1049 1639 1094; x_wconf 82' lang='lat' dir='ltr'>bonitas</span> <span class='ocrx_word' id='word_1_81' title='bbox 1663 1049 1709 1094; x_wconf 91' lang='lat' dir='ltr'>in</span> <span class='ocrx_word' id='word_1_82' title='bbox 1743 1049 1838 1094; x_wconf 90' lang='lat' dir='ltr'>hac</span> <span class='ocrx_word' id='word_1_83' title='bbox 1907 1006 1909 1083; x_wconf 74' lang='lat' dir='ltr'>l</span> 
     </span>
     <span class='ocr_line' id='line_1_12' title="bbox 200 1125 1838 1183; baseline -0.001 -11"><span class='ocrx_word' id='word_1_84' title='bbox 200 1126 527 1172; x_wconf 87' lang='lat' dir='ltr'>afflictissima</span> <span class='ocrx_word' id='word_1_85' title='bbox 546 1125 818 1172; x_wconf 78' lang='lat' dir='ltr'>Germania</span> <span class='ocrx_word' id='word_1_86' title='bbox 842 1142 931 1183; x_wconf 91' lang='lat' dir='ltr'>per</span> <span class='ocrx_word' id='word_1_87' title='bbox 954 1126 1151 1171; x_wconf 90' lang='lat' dir='ltr'>inutiles</span> <span class='ocrx_word' id='word_1_88' title='bbox 1175 1126 1264 1171; x_wconf 92' lang='lat' dir='ltr'>hos</span> <span class='ocrx_word' id='word_1_89' title='bbox 1289 1137 1336 1171; x_wconf 88' lang='lat' dir='ltr'>et</span> <span class='ocrx_word' id='word_1_90' title='bbox 1359 1126 1588 1182; x_wconf 89' lang='lat' dir='ltr'>indignos</span> <span class='ocrx_word' id='word_1_91' title='bbox 1610 1126 1838 1171; x_wconf 88' lang='lat' dir='ltr'>seruulos</span> 
     </span>
     <span class='ocr_line' id='line_1_13' title="bbox 205 1201 1837 1259; baseline 0 -11"><span class='ocrx_word' id='word_1_92' title='bbox 205 1219 320 1248; x_wconf 88' lang='lat' dir='ltr'>suos</span> <span class='ocrx_word' id='word_1_93' title='bbox 343 1204 415 1248; x_wconf 91' lang='lat' dir='ltr'>his</span> <span class='ocrx_word' id='word_1_94' title='bbox 446 1212 682 1259; x_wconf 88' lang='lat' dir='ltr'>quattuor</span> <span class='ocrx_word' id='word_1_95' title='bbox 715 1203 965 1248; x_wconf 89' lang='lat' dir='ltr'>mensibus</span> <span class='ocrx_word' id='word_1_96' title='bbox 999 1202 1200 1258; x_wconf 84' lang='lat' dir='ltr'>operari</span> <span class='ocrx_word' id='word_1_97' title='bbox 1234 1202 1439 1259; x_wconf 81' lang='lat' dir='ltr'>dignata</span> <span class='ocrx_word' id='word_1_98' title='bbox 1473 1211 1564 1247; x_wconf 90' lang='lat' dir='ltr'>est.</span> <span class='ocrx_word' id='word_1_99' title='bbox 1603 1201 1754 1247; x_wconf 85' lang='lat' dir='ltr'>Plura</span> <span class='ocrx_word' id='word_1_100' title='bbox 1789 1211 1837 1248; x_wconf 86' lang='lat' dir='ltr'>et</span> 
     </span>
     <span class='ocr_line' id='line_1_14' title="bbox 202 1278 1835 1337; baseline -0.001 -12"><span class='ocrx_word' id='word_1_101' title='bbox 202 1280 397 1337; x_wconf 89' lang='lat' dir='ltr'>potiora</span> <span class='ocrx_word' id='word_1_102' title='bbox 432 1280 562 1324; x_wconf 90' lang='lat' dir='ltr'>haud</span> <span class='ocrx_word' id='word_1_103' title='bbox 597 1279 741 1325; x_wconf 82' lang='lat' dir='ltr'>dubie</span> <span class='ocrx_word' id='word_1_104' title='bbox 776 1289 1050 1336; x_wconf 90' lang='lat' dir='ltr'>operatura</span> <span class='ocrx_word' id='word_1_105' title='bbox 1081 1279 1163 1324; x_wconf 88' lang='lat' dir='ltr'>vbi</span> <span class='ocrx_word' id='word_1_106' title='bbox 1188 1278 1438 1324; x_wconf 88' lang='lat' dir='ltr'>fideliores</span> <span class='ocrx_word' id='word_1_107' title='bbox 1462 1288 1511 1324; x_wconf 90' lang='lat' dir='ltr'>et</span> <span class='ocrx_word' id='word_1_108' title='bbox 1533 1278 1835 1334; x_wconf 78' lang='lat' dir='ltr'>frequentio-</span> 
     </span>
     <span class='ocr_line' id='line_1_15' title="bbox 203 1355 1833 1415; baseline -0.001 -13"><span class='ocrx_word' id='word_1_109' title='bbox 203 1373 282 1402; x_wconf 85' lang='lat' dir='ltr'>res</span> <span class='ocrx_word' id='word_1_110' title='bbox 307 1357 650 1415; x_wconf 70' lang='lat' dir='ltr'>nacz‘afnem&#39;t</span> <span class='ocrx_word' id='word_1_111' title='bbox 671 1357 689 1383; x_wconf 72' lang='lat' dir='ltr'>b</span> <span class='ocrx_word' id='word_1_112' title='bbox 714 1366 1089 1413; x_wconf 80' lang='lat' dir='ltr'>cooperatores,</span> <span class='ocrx_word' id='word_1_113' title='bbox 1117 1356 1355 1413; x_wconf 86' lang='lat' dir='ltr'>siquidem</span> <span class='ocrx_word' id='word_1_114' title='bbox 1379 1356 1552 1401; x_wconf 90' lang='lat' dir='ltr'>messis</span> <span class='ocrx_word' id='word_1_115' title='bbox 1576 1356 1654 1401; x_wconf 91' lang='lat' dir='ltr'>hic</span> <span class='ocrx_word' id='word_1_116' title='bbox 1676 1355 1833 1401; x_wconf 89' lang='lat' dir='ltr'>cerni-</span> 
     </span>
     <span class='ocr_line' id='line_1_16' title="bbox 200 1432 1833 1490; baseline -0.001 -11"><span class='ocrx_word' id='word_1_117' title='bbox 200 1443 280 1479; x_wconf 89' lang='lat' dir='ltr'>tur</span> <span class='ocrx_word' id='word_1_118' title='bbox 304 1434 539 1486; x_wconf 74' lang='lat' dir='ltr'>maxima,</span> <span class='ocrx_word' id='word_1_119' title='bbox 566 1434 652 1478; x_wconf 89' lang='lat' dir='ltr'>sed</span> <span class='ocrx_word' id='word_1_120' title='bbox 677 1433 894 1490; x_wconf 90' lang='lat' dir='ltr'>operarii</span> <span class='ocrx_word' id='word_1_121' title='bbox 917 1433 1060 1489; x_wconf 88' lang='lat' dir='ltr'>pauci</span> <span class='ocrx_word' id='word_1_122' title='bbox 1086 1435 1116 1478; x_wconf 81' lang='lat'>¹.</span> <span class='ocrx_word' id='word_1_123' title='bbox 1146 1432 1422 1478; x_wconf 90' lang='lat' dir='ltr'>Commune</span> <span class='ocrx_word' id='word_1_124' title='bbox 1446 1432 1697 1477; x_wconf 86' lang='lat' dir='ltr'>hominum</span> <span class='ocrx_word' id='word_1_125' title='bbox 1731 1432 1833 1477; x_wconf 89' lang='lat' dir='ltr'>vul-</span> 
     </span>
     <span class='ocr_line' id='line_1_17' title="bbox 200 1509 1834 1567; baseline -0.001 -12"><span class='ocrx_word' id='word_1_126' title='bbox 200 1526 293 1567; x_wconf 89' lang='lat' dir='ltr'>gus</span> <span class='ocrx_word' id='word_1_127' title='bbox 318 1511 601 1567; x_wconf 87' lang='lat' dir='ltr'>ignorantia</span> <span class='ocrx_word' id='word_1_128' title='bbox 625 1510 786 1566; x_wconf 90' lang='lat' dir='ltr'>potius</span> <span class='ocrx_word' id='word_1_129' title='bbox 811 1525 899 1555; x_wconf 90' lang='lat' dir='ltr'>seu</span> <span class='ocrx_word' id='word_1_130' title='bbox 918 1510 1097 1555; x_wconf 88' lang='lat' dir='ltr'>timore</span> <span class='ocrx_word' id='word_1_131' title='bbox 1117 1509 1382 1566; x_wconf 87' lang='lat' dir='ltr'>mundano,</span> <span class='ocrx_word' id='word_1_132' title='bbox 1406 1525 1555 1566; x_wconf 89' lang='lat' dir='ltr'>quam</span> <span class='ocrx_word' id='word_1_133' title='bbox 1574 1518 1714 1554; x_wconf 81' lang='lat' dir='ltr'>certa</span> <span class='ocrx_word' id='word_1_134' title='bbox 1734 1524 1834 1554; x_wconf 87' lang='lat' dir='ltr'>ma-</span> 
     </span>
     <span class='ocr_line' id='line_1_18' title="bbox 201 1584 1834 1643; baseline -0.001 -11"><span class='ocrx_word' id='word_1_135' title='bbox 201 1588 302 1632; x_wconf 88' lang='lat' dir='ltr'>litia</span> <span class='ocrx_word' id='word_1_136' title='bbox 326 1587 611 1643; x_wconf 82' lang='lat' dir='ltr'>delinquere</span> <span class='ocrx_word' id='word_1_137' title='bbox 635 1602 930 1642; x_wconf 89' lang='lat' dir='ltr'>persuasum</span> <span class='ocrx_word' id='word_1_138' title='bbox 955 1586 1152 1631; x_wconf 90' lang='lat' dir='ltr'>omnino</span> <span class='ocrx_word' id='word_1_139' title='bbox 1176 1586 1353 1631; x_wconf 89' lang='lat' dir='ltr'>habeo.</span> <span class='ocrx_word' id='word_1_140' title='bbox 1388 1584 1441 1631; x_wconf 83' lang='lat' dir='ltr'>Si</span> <span class='ocrx_word' id='word_1_141' title='bbox 1476 1585 1672 1642; x_wconf 89' lang='lat' dir='ltr'>quando</span> <span class='ocrx_word' id='word_1_142' title='bbox 1706 1585 1834 1630; x_wconf 91' lang='lat' dir='ltr'>enim</span> 
     </span>
     <span class='ocr_line' id='line_1_19' title="bbox 199 1661 1832 1718; baseline -0.002 -9"><span class='ocrx_word' id='word_1_143' title='bbox 199 1664 496 1710; x_wconf 79' lang='lat' dir='ltr'>catholicam</span> <span class='ocrx_word' id='word_1_144' title='bbox 530 1679 560 1708; x_wconf 91' lang='lat' dir='ltr'>a</span> <span class='ocrx_word' id='word_1_145' title='bbox 592 1663 734 1708; x_wconf 89' lang='lat' dir='ltr'>nobis</span> <span class='ocrx_word' id='word_1_146' title='bbox 769 1663 1032 1708; x_wconf 88' lang='lat' dir='ltr'>veritatem</span> <span class='ocrx_word' id='word_1_147' title='bbox 1057 1663 1278 1715; x_wconf 87' lang='lat' dir='ltr'>audiunt,</span> <span class='ocrx_word' id='word_1_148' title='bbox 1306 1662 1420 1708; x_wconf 88' lang='lat' dir='ltr'>altis</span> <span class='ocrx_word' id='word_1_149' title='bbox 1443 1661 1667 1718; x_wconf 88' lang='lat' dir='ltr'>suspiriis</span> <span class='ocrx_word' id='word_1_150' title='bbox 1691 1677 1832 1718; x_wconf 87' lang='lat' dir='ltr'>prae-</span> 
     </span>
     <span class='ocr_line' id='line_1_20' title="bbox 199 1737 1835 1797; baseline -0.002 -11"><span class='ocrx_word' id='word_1_151' title='bbox 199 1742 450 1786; x_wconf 89' lang='lat' dir='ltr'>dicatores</span> <span class='ocrx_word' id='word_1_152' title='bbox 474 1755 713 1797; x_wconf 83' lang='lat' dir='ltr'>synceros</span> <span class='ocrx_word' id='word_1_153' title='bbox 736 1748 922 1796; x_wconf 88' lang='lat' dir='ltr'>petere,</span> <span class='ocrx_word' id='word_1_154' title='bbox 960 1739 1234 1795; x_wconf 86' lang='lat' dir='ltr'>principum</span> <span class='ocrx_word' id='word_1_155' title='bbox 1269 1738 1638 1784; x_wconf 89' lang='lat' dir='ltr'>haereticorum</span> <span class='ocrx_word' id='word_1_156' title='bbox 1672 1737 1719 1782; x_wconf 92' lang='lat' dir='ltr'>in</span> <span class='ocrx_word' id='word_1_157' title='bbox 1753 1752 1835 1782; x_wconf 88' lang='lat' dir='ltr'>ve-</span> 
     </span>
     <span class='ocr_line' id='line_1_21' title="bbox 201 1815 1835 1871; baseline -0.002 -9"><span class='ocrx_word' id='word_1_158' title='bbox 201 1833 284 1862; x_wconf 91' lang='lat' dir='ltr'>ros</span> <span class='ocrx_word' id='word_1_159' title='bbox 318 1816 486 1862; x_wconf 90' lang='lat' dir='ltr'>fideles</span> <span class='ocrx_word' id='word_1_160' title='bbox 520 1816 867 1861; x_wconf 87' lang='lat' dir='ltr'>crudelitatem</span> <span class='ocrx_word' id='word_1_161' title='bbox 901 1831 1144 1861; x_wconf 89' lang='lat' dir='ltr'>enarrare</span> <span class='ocrx_word' id='word_1_162' title='bbox 1179 1826 1226 1861; x_wconf 92' lang='lat' dir='ltr'>et</span> <span class='ocrx_word' id='word_1_163' title='bbox 1250 1815 1410 1860; x_wconf 90' lang='lat' dir='ltr'>diram</span> <span class='ocrx_word' id='word_1_164' title='bbox 1433 1815 1695 1860; x_wconf 90' lang='lat' dir='ltr'>catholicis</span> <span class='ocrx_word' id='word_1_165' title='bbox 1719 1830 1835 1871; x_wconf 77' lang='lat' dir='ltr'>pro&#39;-</span> 
     </span>
     <span class='ocr_line' id='line_1_22' title="bbox 202 1892 1832 1951; baseline -0.001 -12"><span class='ocrx_word' id='word_1_166' title='bbox 202 1894 412 1951; x_wconf 89' lang='lat' dir='ltr'>positam</span> <span class='ocrx_word' id='word_1_167' title='bbox 437 1893 767 1938; x_wconf 89' lang='lat' dir='ltr'>conditionem</span> <span class='ocrx_word' id='word_1_168' title='bbox 790 1908 886 1937; x_wconf 89' lang='lat' dir='ltr'>non</span> <span class='ocrx_word' id='word_1_169' title='bbox 911 1893 1015 1938; x_wconf 90' lang='lat' dir='ltr'>sine</span> <span class='ocrx_word' id='word_1_170' title='bbox 1052 1892 1320 1949; x_wconf 88' lang='lat' dir='ltr'>lachrymis</span> <span class='ocrx_word' id='word_1_171' title='bbox 1353 1893 1515 1938; x_wconf 90' lang='lat' dir='ltr'>solent</span> <span class='ocrx_word' id='word_1_172' title='bbox 1549 1906 1832 1937; x_wconf 87' lang='lat' dir='ltr'>recensere.</span> 
     </span>
     <span class='ocr_line' id='line_1_23' title="bbox 200 1968 1836 2027; baseline -0.002 -11"><span class='ocrx_word' id='word_1_173' title='bbox 200 1970 324 2027; x_wconf 84' lang='lat' dir='ltr'>Quis</span> <span class='ocrx_word' id='word_1_174' title='bbox 361 1986 457 2015; x_wconf 90' lang='lat' dir='ltr'>non</span> <span class='ocrx_word' id='word_1_175' title='bbox 501 1979 672 2016; x_wconf 91' lang='lat' dir='ltr'>tantae</span> <span class='ocrx_word' id='word_1_176' title='bbox 712 1970 966 2026; x_wconf 85' lang='lat' dir='ltr'>miseriae,</span> <span class='ocrx_word' id='word_1_177' title='bbox 1008 1980 1209 2026; x_wconf 89' lang='lat' dir='ltr'>tamque</span> <span class='ocrx_word' id='word_1_178' title='bbox 1254 1969 1513 2015; x_wconf 88' lang='lat' dir='ltr'>luctuosae</span> <span class='ocrx_word' id='word_1_179' title='bbox 1558 1968 1836 2014; x_wconf 86' lang='lat' dir='ltr'>animarum</span> 
     </span>
     <span class='ocr_line' id='line_1_24' title="bbox 202 2046 1834 2104; baseline -0.002 -11"><span class='ocrx_word' id='word_1_180' title='bbox 202 2047 385 2093; x_wconf 86' lang='lat' dir='ltr'>Christi</span> <span class='ocrx_word' id='word_1_181' title='bbox 409 2047 670 2104; x_wconf 85' lang='lat' dir='ltr'>perditioni</span> <span class='ocrx_word' id='word_1_182' title='bbox 695 2063 759 2092; x_wconf 81' lang='lat' dir='ltr'>ex</span> <span class='ocrx_word' id='word_1_183' title='bbox 788 2048 952 2092; x_wconf 87' lang='lat' dir='ltr'>animo</span> <span class='ocrx_word' id='word_1_184' title='bbox 983 2047 1265 2104; x_wconf 79' lang='lat' dir='ltr'>condoleat,</span> <span class='ocrx_word' id='word_1_185' title='bbox 1303 2058 1350 2092; x_wconf 90' lang='lat' dir='ltr'>et</span> <span class='ocrx_word' id='word_1_186' title='bbox 1384 2062 1474 2103; x_wconf 90' lang='lat' dir='ltr'>pro</span> <span class='ocrx_word' id='word_1_187' title='bbox 1508 2046 1639 2091; x_wconf 86' lang='lat' dir='ltr'>virili</span> <span class='ocrx_word' id='word_1_188' title='bbox 1672 2056 1834 2091; x_wconf 84' lang='lat' dir='ltr'>extre-</span> 
     </span>
     <span class='ocr_line' id='line_1_25' title="bbox 199 2123 1834 2180; baseline -0.001 -10"><span class='ocrx_word' id='word_1_189' title='bbox 199 2141 309 2170; x_wconf 92' lang='lat' dir='ltr'>mae</span> <span class='ocrx_word' id='word_1_190' title='bbox 343 2125 454 2170; x_wconf 89' lang='lat' dir='ltr'>huic</span> <span class='ocrx_word' id='word_1_191' title='bbox 487 2125 774 2170; x_wconf 87' lang='lat' dir='ltr'>necessitati</span> <span class='ocrx_word' id='word_1_192' title='bbox 809 2139 1107 2170; x_wconf 87' lang='lat' dir='ltr'>succurrere</span> <span class='ocrx_word' id='word_1_193' title='bbox 1142 2125 1360 2170; x_wconf 74' lang='lat' dir='ltr'>laboret?</span> <span class='ocrx_word' id='word_1_194' title='bbox 1383 2123 1642 2180; x_wconf 85' lang='lat' dir='ltr'>Rogemus</span> <span class='ocrx_word' id='word_1_195' title='bbox 1665 2123 1834 2169; x_wconf 88' lang='lat' dir='ltr'>Domi-</span> 
     </span>
     <span class='ocr_line' id='line_1_26' title="bbox 200 2200 1834 2259; baseline -0.002 -11"><span class='ocrx_word' id='word_1_196' title='bbox 200 2219 314 2248; x_wconf 91' lang='lat' dir='ltr'>num</span> <span class='ocrx_word' id='word_1_197' title='bbox 339 2203 511 2248; x_wconf 90' lang='lat' dir='ltr'>messis</span> <span class='ocrx_word' id='word_1_198' title='bbox 537 2211 589 2247; x_wconf 91' lang='lat' dir='ltr'>vt</span> <span class='ocrx_word' id='word_1_199' title='bbox 613 2218 736 2258; x_wconf 92' lang='lat' dir='ltr'>quos</span> <span class='ocrx_word' id='word_1_200' title='bbox 760 2202 910 2259; x_wconf 88' lang='lat' dir='ltr'>elegit</span> <span class='ocrx_word' id='word_1_201' title='bbox 936 2211 1052 2247; x_wconf 89' lang='lat' dir='ltr'>ante</span> <span class='ocrx_word' id='word_1_202' title='bbox 1076 2203 1297 2259; x_wconf 86' lang='lat' dir='ltr'>saecula,</span> <span class='ocrx_word' id='word_1_203' title='bbox 1334 2201 1535 2246; x_wconf 89' lang='lat' dir='ltr'>tandem</span> <span class='ocrx_word' id='word_1_204' title='bbox 1569 2200 1834 2257; x_wconf 88' lang='lat' dir='ltr'>aliquando</span> 
     </span>
     <span class='ocr_line' id='line_1_27' title="bbox 200 2277 1832 2340; baseline -0.001 -17"><span class='ocrx_word' id='word_1_205' title='bbox 200 2280 294 2324; x_wconf 90' lang='lat' dir='ltr'>huc</span> <span class='ocrx_word' id='word_1_206' title='bbox 327 2279 584 2324; x_wconf 87' lang='lat' dir='ltr'>turmatim</span> <span class='ocrx_word' id='word_1_207' title='bbox 619 2279 816 2324; x_wconf 86' lang='lat' dir='ltr'>mittere</span> <span class='ocrx_word' id='word_1_208' title='bbox 852 2279 1084 2335; x_wconf 89' lang='lat' dir='ltr'>dignetur</span> <span class='ocrx_word' id='word_1_209' title='bbox 1118 2279 1394 2334; x_wconf 89' lang='lat' dir='ltr'>operarios,</span> <span class='ocrx_word' id='word_1_210' title='bbox 1431 2287 1495 2340; x_wconf 19' lang='lat' dir='ltr'>vt(</span> <span class='ocrx_word' id='word_1_211' title='bbox 1517 2279 1694 2323; x_wconf 86' lang='lat' dir='ltr'>saltem</span> <span class='ocrx_word' id='word_1_212' title='bbox 1725 2277 1832 2323; x_wconf 90' lang='lat' dir='ltr'>reli-</span> 
     </span>
     <span class='ocr_line' id='line_1_28' title="bbox 200 2353 1834 2413; baseline -0.001 -12"><span class='ocrx_word' id='word_1_213' title='bbox 200 2356 345 2413; x_wconf 90' lang='lat' dir='ltr'>quiae</span> <span class='ocrx_word' id='word_1_214' title='bbox 379 2357 552 2401; x_wconf 88' lang='lat' dir='ltr'>saluae</span> <span class='ocrx_word' id='word_1_215' title='bbox 586 2355 721 2401; x_wconf 89' lang='lat' dir='ltr'>fiant.</span> <span class='ocrx_word' id='word_1_216' title='bbox 763 2355 827 2401; x_wconf 83' lang='lat' dir='ltr'>V.</span> <span class='ocrx_word' id='word_1_217' title='bbox 870 2355 959 2401; x_wconf 72' lang='lat' dir='ltr'>R.³</span> <span class='ocrx_word' id='word_1_218' title='bbox 999 2355 1322 2401; x_wconf 89' lang='lat' dir='ltr'>sanctissimis</span> <span class='ocrx_word' id='word_1_219' title='bbox 1360 2355 1462 2400; x_wconf 90' lang='lat' dir='ltr'>suis</span> <span class='ocrx_word' id='word_1_220' title='bbox 1495 2353 1752 2400; x_wconf 87' lang='lat' dir='ltr'>sacrificiis</span> <span class='ocrx_word' id='word_1_221' title='bbox 1785 2363 1834 2400; x_wconf 91' lang='lat' dir='ltr'>et</span> 
     </span>
     <span class='ocr_line' id='line_1_29' title="bbox 201 2431 1831 2489; baseline -0.001 -12"><span class='ocrx_word' id='word_1_222' title='bbox 201 2433 508 2478; x_wconf 90' lang='lat' dir='ltr'>orationibus</span> <span class='ocrx_word' id='word_1_223' title='bbox 533 2433 663 2489; x_wconf 90' lang='lat' dir='ltr'>apud</span> <span class='ocrx_word' id='word_1_224' title='bbox 687 2432 1144 2478; x_wconf 87' lang='lat' dir='ltr'>misericordiarum</span> <span class='ocrx_word' id='word_1_225' title='bbox 1170 2431 1370 2478; x_wconf 83' lang='lat' dir='ltr'>Patrem</span> <span class='ocrx_word' id='word_1_226' title='bbox 1399 2431 1723 2488; x_wconf 88' lang='lat' dir='ltr'>germanicae</span> <span class='ocrx_word' id='word_1_227' title='bbox 1756 2446 1831 2476; x_wconf 88' lang='lat' dir='ltr'>sa-</span> 
     </span>
     <span class='ocr_line' id='line_1_30' title="bbox 201 2507 1832 2566; baseline -0.001 -12"><span class='ocrx_word' id='word_1_228' title='bbox 201 2510 313 2554; x_wconf 86' lang='lat' dir='ltr'>lutis</span> <span class='ocrx_word' id='word_1_229' title='bbox 346 2509 601 2566; x_wconf 89' lang='lat' dir='ltr'>negotium</span> <span class='ocrx_word' id='word_1_230' title='bbox 635 2524 931 2566; x_wconf 88' lang='lat' dir='ltr'>promouere</span> <span class='ocrx_word' id='word_1_231' title='bbox 962 2508 1211 2565; x_wconf 81' lang='lat' dir='ltr'>dignetur,</span> <span class='ocrx_word' id='word_1_232' title='bbox 1244 2519 1299 2554; x_wconf 89' lang='lat' dir='ltr'>vt</span> <span class='ocrx_word' id='word_1_233' title='bbox 1329 2517 1378 2554; x_wconf 91' lang='lat' dir='ltr'>et</span> <span class='ocrx_word' id='word_1_234' title='bbox 1400 2523 1524 2565; x_wconf 90' lang='lat' dir='ltr'>gens</span> <span class='ocrx_word' id='word_1_235' title='bbox 1549 2507 1643 2553; x_wconf 86' lang='lat' dir='ltr'>ista</span> <span class='ocrx_word' id='word_1_236' title='bbox 1665 2508 1832 2564; x_wconf 89' lang='lat' dir='ltr'>plures</span> 
     </span>
     <span class='ocr_line' id='line_1_31' title="bbox 199 2583 1831 2642; baseline -0.002 -11"><span class='ocrx_word' id='word_1_237' title='bbox 199 2587 440 2631; x_wconf 86' lang='lat' dir='ltr'>sortiatur</span> <span class='ocrx_word' id='word_1_238' title='bbox 479 2601 664 2642; x_wconf 84' lang='lat' dir='ltr'>eosque</span> <span class='ocrx_word' id='word_1_239' title='bbox 698 2585 867 2631; x_wconf 91' lang='lat' dir='ltr'>fideles</span> <span class='ocrx_word' id='word_1_240' title='bbox 901 2585 1166 2642; x_wconf 88' lang='lat' dir='ltr'>ministros,</span> <span class='ocrx_word' id='word_1_241' title='bbox 1210 2595 1258 2630; x_wconf 87' lang='lat' dir='ltr'>et</span> <span class='ocrx_word' id='word_1_242' title='bbox 1292 2600 1380 2630; x_wconf 91' lang='lat' dir='ltr'>nos</span> <span class='ocrx_word' id='word_1_243' title='bbox 1414 2585 1613 2641; x_wconf 88' lang='lat' dir='ltr'>aptiora</span> <span class='ocrx_word' id='word_1_244' title='bbox 1646 2585 1693 2629; x_wconf 92' lang='lat' dir='ltr'>in</span> <span class='ocrx_word' id='word_1_245' title='bbox 1728 2583 1831 2629; x_wconf 87' lang='lat' dir='ltr'>dies</span> 
     </span>
     <span class='ocr_line' id='line_1_32' title="bbox 199 2659 1829 2707; baseline -0.001 -1"><span class='ocrx_word' id='word_1_246' title='bbox 199 2661 395 2707; x_wconf 90' lang='lat' dir='ltr'>diuinae</span> <span class='ocrx_word' id='word_1_247' title='bbox 434 2662 702 2707; x_wconf 88' lang='lat' dir='ltr'>voluntatis</span> <span class='ocrx_word' id='word_1_248' title='bbox 741 2661 1017 2707; x_wconf 76' lang='lat' dir='ltr'>efficiamur</span> <span class='ocrx_word' id='word_1_249' title='bbox 1057 2661 1399 2707; x_wconf 88' lang='lat' dir='ltr'>instrumenta.</span> <span class='ocrx_word' id='word_1_250' title='bbox 1437 2660 1618 2706; x_wconf 91' lang='lat' dir='ltr'>Domui</span> <span class='ocrx_word' id='word_1_251' title='bbox 1652 2668 1701 2706; x_wconf 87' lang='lat' dir='ltr'>et</span> <span class='ocrx_word' id='word_1_252' title='bbox 1735 2659 1829 2705; x_wconf 90' lang='lat' dir='ltr'>col-</span> 
     </span>
    </p>
   </div>
   <div class='ocr_carea' id='block_1_3' title="bbox 201 2819 1827 2917">
    <p class='ocr_par' dir='ltr' id='par_1_4' title="bbox 201 2819 1827 2917">
     <span class='ocr_line' id='line_1_33' title="bbox 246 2819 1827 2866; baseline -0.001 -9"><span class='ocrx_word' id='word_1_253' title='bbox 246 2828 263 2848; x_wconf 86' lang='lat' dir='ltr'>a</span> <span class='ocrx_word' id='word_1_254' title='bbox 308 2834 356 2857; x_wconf 84' lang='lat' dir='ltr'>ea</span> <span class='ocrx_word' id='word_1_255' title='bbox 375 2821 415 2857; x_wconf 91' lang='lat' dir='ltr'>in</span> <span class='ocrx_word' id='word_1_256' title='bbox 430 2833 501 2857; x_wconf 89' lang='lat' dir='ltr'>nos</span> <span class='ocrx_word' id='word_1_257' title='bbox 527 2821 689 2858; x_wconf 86' lang='lat' dir='ltr'>assidua</span> <span class='ocrx_word' id='word_1_258' title='bbox 708 2820 852 2864; x_wconf 73' lang='lat' dir='ltr'>officia,</span> <span class='ocrx_word' id='word_1_259' title='bbox 878 2826 917 2857; x_wconf 87' lang='lat' dir='ltr'>vt</span> <span class='ocrx_word' id='word_1_260' title='bbox 944 2820 1041 2857; x_wconf 86' lang='lat' dir='ltr'>satis</span> <span class='ocrx_word' id='word_1_261' title='bbox 1061 2832 1110 2856; x_wconf 89' lang='lat' dir='ltr'>ea</span> <span class='ocrx_word' id='word_1_262' title='bbox 1138 2820 1343 2866; x_wconf 83' lang='lat' dir='ltr'>explicare</span> <span class='ocrx_word' id='word_1_263' title='bbox 1362 2832 1443 2856; x_wconf 90' lang='lat' dir='ltr'>non</span> <span class='ocrx_word' id='word_1_264' title='bbox 1460 2819 1621 2866; x_wconf 88' lang='lat' dir='ltr'>possim.</span> <span class='ocrx_word' id='word_1_265' title='bbox 1676 2819 1742 2847; x_wconf 85' lang='lat' dir='ltr'>-b</span> <span class='ocrx_word' id='word_1_266' title='bbox 1761 2819 1827 2855; x_wconf 89' lang='lat' dir='ltr'>ha-</span> 
     </span>
     <span class='ocr_line' id='line_1_34' title="bbox 201 2880 345 2917; baseline 0 -1"><span class='ocrx_word' id='word_1_267' title='bbox 201 2880 345 2917; x_wconf 87' lang='lat' dir='ltr'>buerit.</span> 
     </span>
    </p>
   </div>
   <div class='ocr_carea' id='block_1_4' title="bbox 249 3039 744 3086">
    <p class='ocr_par' dir='ltr' id='par_1_5' title="bbox 249 3039 744 3086">
     <span class='ocr_line' id='line_1_35' title="bbox 249 3039 744 3086; baseline 0 -10"><span class='ocrx_word' id='word_1_268' title='bbox 249 3042 258 3060; x_wconf 90' lang='lat'><strong>¹</strong></span> <span class='ocrx_word' id='word_1_269' title='bbox 311 3039 590 3086; x_wconf 70' lang='grc' dir='ltr'><strong>ΜΑΤ1Ὴ.,ΙΧ,</strong></span> <span class='ocrx_word' id='word_1_270' title='bbox 617 3040 675 3076; x_wconf 80' lang='grc'>37.</span> <span class='ocrx_word' id='word_1_271' title='bbox 739 3056 744 3062; x_wconf 85' lang='grc'><em>·</em></span> 
     </span>
    </p>
   </div>
  </div>
 </body>
</html>
