1925 3509
577 279 817 316 5.—PRAGA
843 288 966 316 INITIO
993 288 1090 314 ANNI
1120 278 1208 313 1557
1612 277 1654 314 31

140 376 206 421 19.
274 375 449 420 Altero
475 374 550 419 die
585 375 713 419 alter
748 374 984 419 bohemus
1018 373 1075 418 ‘24
1108 388 1368 429 annorum,
1406 373 1564 417 latine
1599 372 1703 429 qni-

77 454 191 498 denz
225 452 355 498 satis
388 453 626 509 ignaras,
658 452 752 496 sed
782 451 901 496 aliis
933 450 1109 496 maltis
1143 453 1195 495 in
1235 450 1385 495 rebus
1423 449 1703 505 expertissi-

77 546 200 584 mus,
227 530 525 586 chyrurgus,
548 529 628 585 qui
652 530 714 574 ob
738 528 842 573 eius
876 527 1015 583 artis,
1043 527 1191 571 cetius
1213 531 1291 572 est
1311 535 1567 583 promotus
1590 532 1607 552 ³
1624 526 1703 571 do-

74 616 199 661 ctor,
223 606 466 663 peritiam,
490 606 704 651 maxime
723 614 796 650 est
815 605 946 661 apud
962 605 1176 650 barones
1195 603 1528 660 authoritatis,
1551 619 1603 648 se
1622 619 1704 649 no-

78 684 150 729 bis
174 684 412 729 adiunxit.
440 683 582 728 Dian
609 696 729 727 nero
753 682 1160 739 qnadrinzesi‘res
1188 681 1368 738 scribo,
1396 689 1637 726 uenerunt
1660 685 1708 726 et

76 761 137 805 ad
162 760 463 805 Societatem
490 768 711 804 nostram
735 759 754 785 b
777 758 993 815 insignes
1019 758 1362 803 adolescentes
1386 758 1487 802 dito
1506 773 1703 814 germa-

75 838 137 894 ni,
174 853 382 894 quorum
418 846 623 892 uterque
658 835 851 892 quidem
886 850 975 891 pro
1010 843 1175 880 aetate
1210 835 1401 891 doctus,
1435 834 1520 880 sed
1544 835 1704 880 altero

76 916 203 960 alter
228 915 402 970 magis,
431 914 469 959 is
494 928 668 970 nempe
704 913 793 970 qai
824 912 1063 968 perdocta
1097 912 1324 957 oratione
1358 912 1418 957 R.
1456 912 1509 958 P.
1547 921 1704 958 recto-

75 1008 179 1037 rem
215 1006 505 1048 aggressus,
542 1005 683 1035 suam
718 989 937 1045 sociique
971 1004 1178 1034 causam
1212 989 1281 1033 sic
1315 989 1433 1046 egit,
1470 999 1521 1034 ut
1556 989 1705 1034 etiam

75 1068 356 1125 obtinuerit,
384 1068 521 1125 qnod
542 1068 671 1124 ipSis
689 1067 1032 1124 gratulamur
1058 1073 1088 1111 ⁶.
1117 1066 1279 1126 Judex
1304 1066 1581 1124 pragensis,
1608 1083 1704 1112 non

74 1146 232 1191 minus
256 1145 521 1190 uirtutibus
546 1160 693 1201 quam
717 1159 902 1201 genere
927 1144 1117 1197 nobilis,
1141 1143 1291 1189 filium
1316 1160 1458 1189 suum
1479 1154 1526 1189 et
1546 1159 1607 1189 ex
1627 1159 1703 1189 so-

75 1239 188 1268 rore
212 1232 439 1279 nepotem
465 1231 666 1267 nostrae
691 1221 800 1267 fidei
827 1222 934 1267 iani
957 1221 1244 1267 commissit,
1272 1221 1454 1266 Multos
1479 1220 1497 1247 d
1517 1220 1704 1267 nobiles

74 1301 136 1345 ad
170 1315 259 1345 nos
291 1300 435 1345 mittit
467 1300 591 1345 baro
626 1299 720 1355 ille,
759 1299 838 1355 qui
872 1300 994 1344 duos
1018 1298 1095 1344 hic
1120 1298 1243 1344 filios
1267 1299 1432 1344 habet.
1460 1298 1703 1355 Nepotem

74 1378 222 1422 etiam
254 1392 395 1422 suum
424 1376 558 1421 serio
583 1390 643 1421 ac
667 1376 878 1421 assidue
902 1376 955 1420 in
980 1376 1319 1421 conz'nctorem
1342 1375 1658 1421 commendat
1689 1382 1705 1402 θ

75 1454 315 1499 sacerdos
339 1454 421 1499 ille
446 1452 455 1479 f
488 1453 693 1510 hussita,
721 1453 915 1498 nomine
940 1452 1132 1507 Gallus,
1161 1453 1238 1509 qui
1264 1453 1479 1510 quotidie
1504 1469 1533 1498 a
1552 1453 1704 1499 Patre

76 1531 295 1577 Henrico
330 1529 699 1576 cathechisatur
732 1530 897 1575 uerbis
931 1530 1158 1575 ueritatis
1192 1531 1323 1575 salse
1358 1539 1406 1575 et
1436 1530 1704 1586 prudenter

76 1608 415 1654 condientibus
442 1607 697 1664 insipidam
725 1607 933 1652 hominis
957 1616 1187 1663 mentem,
1216 1607 1294 1664 qui
1324 1616 1489 1653 tamen
1523 1608 1569 1653 in
1604 1609 1704 1654 suis

77 1686 270 1742 templis
294 1701 409 1730 suos
434 1685 530 1730 iam
560 1686 789 1730 hortatur
819 1685 882 1730 ad
912 1685 1292 1743 confessionem,
1325 1685 1495 1731 scribit
1528 1695 1704 1731 contra

74 1763 362 1809 lutheranos
401 1778 461 1808 ea
500 1778 626 1819 quae
665 1778 727 1808 ex
766 1762 1023 1807 catholicis
1063 1762 1349 1808 doctoribus
1389 1763 1570 1820 didicit,
1618 1764 1703 1809 sed

75 1841 189 1886 dicit
212 1856 265 1886 se
289 1840 437 1886 filium
464 1849 891 1897 compactatorum
915 1847 951 1895 g,
980 1855 1070 1886 nec
1094 1855 1239 1897 posse
1270 1841 1550 1898 relinquere
1575 1841 1703 1887 hunc

74 1933 213 1963 usum
237 1917 628 1962 communicandi
653 1917 782 1962 laico
807 1921 855 1961 et
876 1931 977 1962 non
1002 1918 1399 1974 conficientibus,
1436 1918 1529 1963 snb
1564 1923 1701 1964 ntra-

75 2009 184 2052 qne,
226 1994 315 2039 nisi
355 1994 752 2051 indulgentiam,
795 1994 1014 2039 bohemis
1054 1994 1293 2039 indultam
1327 1995 1478 2040 semel
1512 1994 1529 2021 ¹³
1564 2011 1593 2040 a
1627 2011 1701 2041 ro-

74 2087 219 2116 mano
254 2070 482 2127 pontifice
518 2072 547 2125 ¹,
586 2071 751 2116 uideat
786 2071 1068 2116 authentice
1109 2080 1404 2116 reuocatam
1439 2071 1464 2117 i.
1501 2071 1553 2117 ln
1593 2087 1700 2118 coe-

72 2148 193 2194 teris
216 2148 486 2193 catholicus
511 2157 560 2193 et
582 2148 866 2205 theologiae
899 2163 1078 2194 sacrae
1112 2148 1189 2193 hic
1223 2148 1448 2194 assiduus
1483 2149 1696 2206 auditor,

74 2234 122 2270 et
145 2225 191 2270 in
214 2225 411 2282 reliquis
431 2225 654 2271 omnibus
678 2234 877 2270 amator
896 2225 1123 2271 ueritatis
1142 2235 1191 2271 et
1209 2241 1393 2283 praeco
1414 2226 1637 2283 publicus
1673 2226 1696 2271 1'.

79 2301 184 2346 Sed
213 2302 403 2358 populo
438 2316 538 2347 non
572 2300 849 2347 dissuadet
875 2302 953 2347 nti
983 2306 1201 2360 utraque
1237 2304 1422 2359 specie.
1464 2303 1619 2349 [sanc
1657 2308 1704 2348 et

79 2379 288 2433 similes,
316 2379 637 2436 infirmitatis
653 2393 782 2424 suae
799 2379 914 2424 licet
929 2380 1159 2424 maxime
1179 2380 1411 2438 ignaros,
1434 2380 1499 2426 R.
1522 2381 1581 2425 P.
1606 2380 1701 2438 [Μ]

127 2544 144 2564 2³
164 2537 204 2573 in
230 2550 310 2584 qua
340 2542 545 2584 promotus
577 2542 649 2573 est.
705 2537 770 2563 —b
798 2542 975 2573 nostram
1007 2542 1047 2574 et
1077 2537 1167 2574 duo,
1222 2545 1283 2565 -c
1305 2543 1346 2574 vt
1376 2538 1698 2575 admitterentur.

78 2596 142 2623 —d
171 2596 321 2633 Multos
347 2597 481 2633 etiam.
536 2603 598 2624 ——e
631 2597 941 2633 commendauit.
997 2596 1053 2624 —f
1082 2598 1269 2634 sacerdos
1296 2598 1470 2644 quidam.
1525 2606 1589 2632 —g
1618 2597 1702 2643 (Sic

80 2661 223 2692 vocant
242 2669 324 2700 eos,
345 2657 412 2703 qui
432 2657 537 2693 malo
556 2662 672 2704 pacto
691 2669 734 2693 se
754 2656 1057 2693 obstrinxerunt
1084 2657 1403 2694 communicandi
1431 2657 1503 2694 sub
1532 2663 1701 2704 vtraque

81 2715 230 2761 specie)
251 2715 355 2752 add.
378 2715 471 2752 Pol.
495 2717 539 2753 in
561 2726 699 2762 marg.
752 2715 818 2743 —h
839 2716 944 2762 quod
962 2716 1142 2753 bohemis
1162 2716 1359 2753 indultum
1378 2718 1504 2753 semel
1532 2722 1604 2754 est.
1657 2738 1703 2743 —

79 2773 87 2800 i
118 2780 364 2811 reuocatum.
418 2774 472 2808 —1'
511 2775 693 2822 publicus
713 2781 786 2812 est.

637 2888 641 2901 1

127 2912 134 2930 ¹
188 2910 297 2947 Usus
315 2911 604 2948 communionis
623 2912 695 2948 sub
715 2917 887 2959 utraque
906 2913 1040 2959 specie
1059 2912 1278 2959 permissus
1297 2911 1429 2949 fuerat
1455 2913 1567 2950 laicis
1582 2914 1700 2950 bohe-

78 2969 150 3006 mis
168 2983 273 3006 anno
294 2970 382 3007 1437
401 2984 424 3006 a
443 2971 610 3007 concilio
629 2972 860 3017 basileensi,
881 2972 954 3008 sub
974 2972 1095 3008 certis
1114 2977 1251 3008 tamen
1268 2972 1579 3017 condicionibus,
1601 2986 1701 3020 quas

77 3027 135 3064 illi
154 3041 274 3076 saepe
293 3030 577 3076 neglexerunt.
596 3029 659 3067 Cf.
677 3030 1070 3074 HERGENROETHER,
1088 3030 1286 3068 Historia
1302 3030 1414 3068 dela
1431 3031 1603 3078 Iglesz'a,
1624 3032 1697 3077 IV,

77 3099 114 3124 n.
135 3087 204 3124 304
221 3100 306 3135 sqq.
