1909 3328
288 276 357 313 428
753 280 969 317 LITTERAE
1000 281 1353 326 QUADRIMESTRES

245 372 498 429 mittimus,
545 376 623 431 qui
668 376 761 422 hoc
799 393 928 422 anno
973 377 1017 421 in
1062 376 1267 433 singulis
1306 376 1545 421 classibus
1590 376 1862 431 exponendi

243 459 403 496 erunt.
431 451 556 497 Oret
580 453 636 497 T.
666 453 725 498 R.
755 462 807 498 vt
831 453 966 499 Deus
992 454 1036 498 in
1071 453 1143 498 his
1177 462 1224 499 et
1258 454 1481 499 omnibus
1514 453 1654 498 nobis
1688 453 1862 499 adesse

244 528 375 573 uelit.
408 528 537 574 Rene
563 530 689 575 vale.
720 529 958 575 Coloniae
987 531 1039 575 13
1063 530 1253 575 calend.
1282 530 1574 575 Decembris
1597 530 1722 574 1557.

332 605 406 650 Ex
434 605 666 651 mandato
690 606 750 653 R.
779 607 830 652 P.
860 606 1125 663 Leonardi,
1153 607 1382 663 indignus
1406 607 1472 652 V.
1502 607 1560 652 R.
1590 606 1728 661 filius,

1252 700 1473 746 IOANNES
1508 701 1735 746 Rssmms
1771 702 1800 745 ¹.

328 794 616 851 Inscriffiio.
656 801 683 849 †
718 795 841 840 Rdo.
881 795 924 840 in
961 794 1159 840 Christo
1195 795 1330 840 Patri
1364 794 1555 853 Jacobo
1589 795 1859 851 Laynezio,

242 873 465 928 generali
489 871 754 917 Societatis
781 872 984 917 vicario.
1014 871 1224 917 Romae.

328 948 446 995 Alia
470 963 687 995 malm...
716 950 862 995 Rtae.
890 950 947 995 23
970 949 1281 995 Decembris.

1022 1161 1086 1212 lll

438 1269 489 1314 P.
527 1268 837 1327 JOANNES
874 1266 1306 1314 FRANCISCUS
1341 1265 1672 1313 ARALDUS

712 1374 892 1400 NEAPOLI
920 1362 966 1399 20
990 1373 1225 1399 Novfflxfflffis
1255 1363 1344 1398 1557
1370 1362 1395 1399 ²,

238 1450 269 1482 1.
299 1447 507 1493 Acceplas
528 1457 613 1483 non
634 1457 723 1483 esse
748 1456 813 1482 res
837 1445 1058 1491 quasdam
1085 1447 1293 1491 pietatem
1312 1445 1524 1490 foventes,
1559 1455 1669 1490 quas
1699 1445 1858 1489 «giesit»

235 1506 460 1543 vocabant.
480 1505 551 1542 —2.
575 1505 630 1542 M.
654 1505 834 1541 Antonii
859 1505 1075 1550 (fiagglzms
1092 1504 1337 1541 mam—34.
1369 1504 1579 1549 Magnam
1608 1514 1697 1540 esse
1723 1504 1863 1540 alzfmz-

236 1565 718 1612 norumsreqnentimn,
741 1576 926 1601 crescere
941 1566 1105 1601 civium
1123 1564 1325 1601 studium
1342 1574 1442 1609 et‘ga
1460 1563 1716 1599 Societatem
1733 1566 1770 1599 et
1787 1573 1861 1599 nn-

236 1635 407 1661 merum
428 1634 576 1661 eomtm
596 1625 673 1669 qni
689 1624 750 1660 ad
767 1627 1047 1660 sacramenta
1067 1623 1300 1661 accedunt.-
1315 1623 1590 1669 pmeserlz'm,
1613 1632 1709 1658 vero
1730 1623 1864 1658 mim-

237 1685 319 1721 ln'le
336 1684 586 1721 sodalitatis
606 1683 843 1730 cujusdam
862 1683 1063 1720 slltdimn
1082 1682 1434 1720 sanctitatis—5.
1457 1682 1523 1719 De
1541 1681 1697 1727 templi
1713 1681 1860 1727 aedifi-

236 1745 415 1789 catione,
437 1747 475 1781 et
494 1743 713 1789 defructu
740 1753 867 1790 quem
894 1743 1068 1780 scholae
1094 1745 1262 1780 artium
1290 1746 1328 1780 et
1358 1742 1596 1788 theologiae
1612 1741 1795 1787 ferrent,
1823 1742 1862 1778 si

237 1804 453 1841 adessent.

301 1888 337 1932 1.
405 1894 432 1941 †
457 1886 551 1931 Ihs.
579 1886 685 1931 Pax
710 1885 790 1930 Xi.
818 1885 973 1931 Molto
998 1886 1122 1931 Rdo.
1151 1885 1263 1930 Pre.
1297 1885 1363 1930 V.
1392 1885 1451 1930 R.
1488 1884 1669 1930 scrisse
1702 1884 1791 1929 che
1824 1883 1861 1929 si

240 1964 554 2010 mandauano
590 1963 618 2008 li
653 1962 813 2019 giessi‚
850 1979 930 2008 ma
968 1978 1065 2008 non
1104 1978 1226 2008 sono
1260 1962 1426 2008 uenuti
1461 1961 1759 2007 altrimente.
1801 1960 1860 2006 Di

237 2042 403 2099 gratia
427 2057 479 2086 se
503 2040 541 2086 si
567 2044 681 2097 puo,
709 2039 771 2084 mi
797 2039 923 2085 sacci
949 2040 1113 2096 gratia
1137 2039 1183 2085 di
1216 2038 1560 2096 mandarmeli,
1587 2038 1769 2095 perche
1791 2053 1885 2102 sa-⁴

240 2135 394 2164 ranno
418 2116 681 2164 distribuiti
707 2133 736 2162 a
760 2132 971 2174 persone
1001 2117 1091 2163 che
1125 2133 1184 2162 ne
1220 2132 1510 2163 cauaranno
1546 2116 1678 2162 assai
1712 2116 1862 2161 frutto

238 2205 285 2242 ct
308 2195 576 2241 diuotione.

295 2273 337 2318 2.
406 2271 503 2317 Alli
527 2271 584 2316 29
607 2270 684 2316 del
709 2279 940 2328 presente
966 2271 1076 2316 fara
1102 2271 1264 2317 l'anno
1289 2271 1378 2317 che
1404 2270 1469 2316 M.
1493 2270 1709 2316 Antonio
1730 2267 1861 2325 Gag-

236 2350 401 2407 giano,
428 2347 731 2405 napolitano,
753 2351 897 2393 entro
924 2349 1051 2393 nella
1077 2347 1407 2405 Compagnia,
1434 2347 1561 2392 doue
1585 2362 1673 2403 per
1696 2345 1860 2402 gratia

239 2427 313 2471 del
337 2425 521 2483 Signor
545 2425 607 2470 ha
634 2424 782 2469 molto
818 2423 1072 2482 profittato
1107 2425 1152 2470 in
1187 2424 1359 2482 spirito
1396 2433 1444 2470 et
1479 2424 1671 2480 lettere,
1707 2431 1755 2469 et
1788 2421 1863 2467 nel

240 2518 371 2548 mese
395 2502 441 2547 di
465 2500 747 2547 Settembre
784 2500 892 2546 fece
917 2501 929 2546 i
958 2501 1064 2547 suoi
1099 2502 1218 2559 uoti,
1257 2501 1387 2559 quali
1421 2500 1460 2546 si
1494 2500 1741 2546 mandano
1774 2513 1861 2545 con

239 2588 415 2637 questa
439 2595 469 2624 a
494 2578 559 2624 V.
586 2579 646 2623 R.
674 2577 860 2624 Nostro
884 2577 962 2624 Sr.
996 2579 1042 2624 lo
1077 2579 1305 2625 conserui
1339 2588 1388 2625 et
1421 2578 1638 2624 aumenti
1671 2591 1862 2634 sempre
1887 2570 1909 2627 :⁷-

243 2657 320 2713 piti
344 2656 422 2702 nel
445 2671 534 2701 suo
559 2664 702 2701 santo
726 2655 944 2701 seruitio.
1880 2647 1882 2652 ’

296 2734 339 2779 3.
406 2732 688 2779 Habbiamo
711 2748 839 2789 gran
864 2747 1107 2778 concorso
1131 2733 1176 2779 di
1200 2732 1433 2789 scholari,
1460 2741 1508 2778 et
1539 2732 1585 2778 in
1620 2740 1792 2789 questo
1824 2729 1878 2794 si-

241 2811 291 2856 fa
314 2811 465 2856 molto
490 2810 646 2855 frutto
670 2809 717 2854 in
738 2819 909 2866 questo
929 2810 1155 2866 collegio.
1180 2808 1484 2856 Similmente
1503 2809 1619 2865 ogni
1638 2808 1686 2853 di
1704 2809 1783 2866 pisi
1800 2822 1860 2852 ua
1882 2797 1891 2805 '⁷

241 2887 511 2933 crescendo
535 2888 582 2931 la
606 2886 857 2932 diuotione
881 2886 926 2932 di
951 2897 1128 2943 questa
1161 2886 1279 2932 citta
1315 2902 1460 2932 uerso
1493 2886 1623 2931 della
1656 2885 1858 2941 Compa-
1881 2900 1887 2918 ⁷

290 3032 299 3050 ¹
353 3029 459 3065 Vide
480 3041 571 3074 pag.
594 3027 676 3073 237,
698 3034 833 3064 annot.
858 3028 888 3065 l.

288 3090 300 3108 2
353 3088 415 3125 Ex
434 3087 688 3133 autographo
708 3087 747 3123 in
766 3087 903 3124 codice
925 3087 1025 3124 Ital.
1048 3086 1137 3132 IIO,
1159 3086 1199 3123 ff.
1224 3086 1388 3132 199-200;
1409 3087 1520 3134 prius
1538 3087 1707 3124 340-344.
