1900 3380
466 279 847 316 128.2x0'1Nr>01³0.x-A
876 279 898 315 2
920 280 1121 326 JANUARH
1156 282 1243 316 1338
1555 282 1614 318 481

43 375 320 431 beralitate,
344 376 496 421 multa
521 385 721 432 possent
745 376 947 431 adferri,
972 391 1084 431 qua,
1108 387 1208 420 tam
1234 377 1498 422 viennense
1523 393 1668 434 quam

41 467 287 509 pragense
311 452 573 509 collegium
607 450 640 506 ²¹,
669 452 1000 509 prosequitur.
1030 452 1299 497 Plurimum
1324 464 1495 499 nostra
1519 469 1666 510 nego-

41 529 116 574 cia
140 537 398 585 promouet
418 544 710 585 quacunque
736 529 778 573 in
807 545 859 574 re
879 537 1057 585 potest,
1079 528 1372 586 faciliusque
1392 545 1497 586 nos,
1521 546 1666 587 quam

41 606 162 652 alios
185 606 333 650 etiam
357 621 570 663 magnae
595 606 915 650 authoritatis
940 605 1175 658 homineS,
1204 606 1263 651 ad
1292 607 1537 662 priuatum
1572 608 1666 652 col-

41 683 253 741 loquium
299 683 528 729 admittit.
573 683 704 729 Ante
751 683 936 739 aliquot
975 683 1094 734 dies,
1122 683 1139 709 ¹³
1177 683 1221 727 in
1260 684 1529 729 subsidium
1571 684 1664 730 fra-

40 770 168 807 trum
192 770 476 806 nostrorum
502 761 698 807 aliunde
718 761 1109 817 aduentantium,
1136 761 1229 805 vini
1252 771 1299 806 et
1318 761 1551 807 frumenti
1579 763 1666 807 alc·-

40 838 164 896 qztz'd
191 844 206 865 ⁰
237 838 447 895 largitus
472 848 561 884 est.
589 838 885 883 Scholarum
906 848 1189 882 nostrarum
1213 838 1435 883 aedificio
1455 845 1551 895 pro
1568 854 1667 884 sna

41 929 167 972 erga
191 929 284 960 7208
308 916 577 960 clementsa
602 915 818 960 florenos
852 915 939 960 300
972 914 1167 969 adiecit,
1190 924 1242 959 ut
1266 915 1409 960 citius
1434 931 1494 961 ac
1518 916 1665 961 maio-

41 992 79 1038 ri
104 1001 528 1039 cum-ornamento
555 993 953 1038 absoluerentur.
982 992 1086 1036 Nec
1111 1007 1287 1048 parum
1307 992 1509 1049 insuper
1533 993 1665 1038 adiu-

44 1069 109 1116 uit
132 1070 223 1115 hoc
247 1080 470 1116 nostrum
496 1070 763 1115 viennense
789 1069 1070 1126 collegium:
1093 1085 1206 1114 nam
1232 1070 1474 1125 quaedam
1501 1071 1664 1127 magni

40 1147 270 1193 momenti
296 1163 381 1204 per
406 1147 677 1204 supplicem
699 1147 913 1192 libellum
938 1162 967 1192 a
991 1162 1080 1191 sua
1100 1146 1363 1192 maiestate
1382 1147 1663 1203 petiuimus,

14 1234 16 1236 ’
38 1224 208 1283 quibus
233 1225 460 1270 omnibus
484 1224 648 1279 facile,
671 1234 722 1269 ut
746 1225 888 1281 solet,
911 1235 957 1269 et
981 1224 1254 1269 clementer
1278 1224 1465 1278 annuit,
1489 1234 1665 1270 totum-

38 1318 130 1359 que
148 1303 412 1359 negocium
433 1302 697 1359 diligenter
721 1301 1088 1347 commendauit
1113 1302 1312 1347 excelso
1337 1302 1573 1348 Austriae
1599 1303 1665 1347 in-

37 1380 232 1426 ferioris
266 1380 508 1437 regimini,
536 1389 588 1425 ut
622 1379 665 1425 id
702 1395 843 1425 suam
878 1395 1019 1436 opem
1054 1380 1193 1425 nobis
1229 1379 1401 1435 ferret,
1440 1380 1663 1425 uolunta—

38 1466 232 1514 temque
257 1457 451 1514 regiam
485 1467 834 1513 exequeretur3
864 1456 1004 1507 vnde,
1025 1472 1118 1501 non
1156 1472 1364 1513 paruam
1401 1457 1549 1503 etiam
1585 1473 1663 1503 ex-

37 1534 160 1592 perti
190 1550 357 1580 sumus
391 1534 645 1591 regiminis
679 1550 804 1591 erga
830 1549 918 1579 nos
942 1534 1356 1591 beneuolentiam,
1383 1549 1516 1592 quae
1540 1539 1587 1580 et
1610 1535 1662 1579 li-

36 1613 156 1657 teris
178 1617 226 1657 et
247 1612 495 1657 mandato
529 1612 723 1670 effecit,
752 1615 807 1656 nt
827 1611 1160 1667 petitionibus
1193 1612 1384 1657 nostris
1402 1617 1502 1668 per
1530 1626 1659 1657 com-

38 1690 323 1747 missarios,
360 1691 550 1748 sz'fieri
578 1694 769 1747 posset,
806 1690 1098 1746 satisfieret.
1141 1689 1312 1734 Huius
1346 1690 1423 1735 rei
1452 1691 1664 1747 plenam

38 1768 384 1813 executionem
420 1768 590 1813 adhuc
624 1771 977 1824 expectamus.
1005 1766 1196 1812 Eadem
1232 1767 1374 1824 regia
1409 1768 1661 1823 maiestas,

37 1845 257 1903 quamuis
281 1846 379 1891 iam
403 1844 514 1890 hinc
538 1845 600 1890 ad
624 1853 818 1901 tempus
838 1861 950 1890 cum
976 1853 1081 1891 tota
1106 1861 1196 1892 sua
1220 1845 1336 1890 aula
1361 1844 1662 1902 discesserit,

38 1923 187 1969 uoluit
220 1932 403 1979 tamen,
435 1932 670 1979 tanquam
705 1922 811 1979 pius
847 1932 1007 1979 pater,
1046 1921 1153 1968 filiis
1187 1923 1287 1968 suis
1322 1938 1430 1967 esse
1465 1938 1663 1979 prospeu

38 2009 181 2057 ctum,
206 2000 458 2056 literisque
483 2015 570 2045 nos
595 2008 865 2056 nostraque
885 2000 1095 2057 negocia
1116 1999 1364 2056 primariis
1385 1999 1525 2044 huius
1550 2000 1662 2045 ciui-

36 2077 153 2123 tatis
176 2077 470 2134 rectoribus‚
498 2076 688 2122 consuli
727 2086 777 2122 et
809 2077 1049 2122 Austriae
1083 2077 1387 2122 cancellario
1413 2093 1474 2122 ex
1498 2077 1663 2122 animo

22 2148 414 2209 commendauit,
438 2163 488 2200 ut
507 2153 614 2211 ipsi,
641 2154 679 2199 si
701 2154 897 2211 quando
918 2155 1194 2211 postularet
1213 2155 1501 2211 necessitas,
1523 2155 1663 2200 nobis

0 2263 1 2266 =
36 2233 486 2290 patrocinarentur,
524 2247 584 2278 ac
617 2248 734 2277 suas
775 2232 821 2277 in
861 2232 1085 2290 negociis
1125 2232 1307 2278 nostris
1346 2233 1663 2289 porrigerent

35 2324 205 2355 manus
238 2309 593 2355 auxiliatrices.
622 2308 815 2355 Obtulit
848 2325 957 2355 sese
992 2310 1132 2355 nobis
1165 2309 1412 2355 fautorem
1447 2310 1660 2367 singula-

36 2401 138 2432 rem
176 2387 360 2441 consul,
394 2387 718 2444 promisitque
758 2402 810 2432 se
848 2386 964 2432 nih'il
1005 2387 1319 2440 omissurum,
1358 2387 1487 2443 quod
1523 2387 1662 2432 nobis

35 2464 349 2510 commodare
367 2464 677 2510 indicauerit:
703 2464 775 2509 sic
798 2464 915 2509 fecit
940 2475 986 2510 et
1012 2465 1183 2509 consul
1204 2464 1301 2509 iam
1323 2479 1497 2509 recens
1523 2479 1660 2509 crea-

35 2549 124 2586 tus.
150 2539 369 2587 Similem
393 2557 445 2586 se
469 2541 688 2587 exhibuit
712 2541 853 2586 nobis
877 2540 1174 2598 magnificus
1199 2541 1437 2586 Austriae
1468 2541 1660 2586 cancel-

34 2617 184 2664 larius
210 2620 237 2676 ¹,
264 2618 443 2675 aliique
472 2618 625 2675 multi,
653 2618 733 2675 qui
758 2618 1065 2664 uoluntatem
1102 2626 1379 2675 promptam
1417 2618 1580 2663 multis
1616 2618 1660 2663 in

36 2695 180 2741 rebus
223 2711 348 2753 erga
390 2710 481 2741 nos
525 2696 797 2741 declarant.
846 2694 1207 2741 Serenissimae
1252 2695 1488 2741 Bo‘emiae
1533 2696 1660 2753 regi-

78 2883 96 2904 8
138 2877 324 2924 collegia.
380 2876 443 2903 —b
480 2882 644 2924 praeter
662 2877 801 2914 solitos
819 2877 1000 2914 redditus
1020 2876 1126 2914 add.
1183 2883 1242 2904 —C
1279 2889 1357 2912 non
1377 2888 1532 2923 parum.

80 3037 89 3056 ¹
140 3035 372 3073 Bernardus
391 3035 655 3074 Gualtherus.
678 3035 741 3074 Cf.
764 3035 1125 3078 BRAUNSBERGER,
1152 3034 1201 3072 P.
1233 3034 1357 3072 Petri
1386 3035 1554 3073 Cam'siz'
1578 3037 1661 3082 epi-

34 3097 184 3142 stulae,
205 3096 254 3142 11,
274 3096 358 3134 305.

137 3179 303 3208 LITTERAE
316 3178 621 3213 “QUADmMESTRi-:s
643 3179 732 3207 TOM,
758 3178 794 3208 V.
1522 3177 1553 3206 31
