1925 3509
441 281 824 318 17.—1NG0L5TA1>10
852 280 898 315 25
920 280 1122 326 JANUARH
1153 281 1244 316 1557
1573 282 1613 316 [ὁ

24 379 97 425 nis
120 386 267 434 atque
292 376 616 421 admirandae
640 375 975 431 humanitatis,
1010 384 1113 419 tum
1137 374 1284 419 etiam
1321 390 1350 419 a
1384 374 1524 418 nobis
1559 390 1658 419 ma-

25 456 178 501 iorem
203 452 509 509 diligentiam
534 452 868 508 virtutemque
893 460 941 495 et
966 451 1214 507 postulent
1233 460 1281 495 et
1301 459 1581 506 expectent,
1610 460 1660 495 vt

25 548 115 578 nec
139 531 238 575 vlla
273 529 579 585 conquestio,
615 529 730 574 nihil
771 537 976 584 apertae
1014 528 1091 572 vel
1127 527 1391 573 insidiosae
1428 543 1657 584 persecu-

24 608 184 661 tionis,
211 607 325 652 nihil
350 606 656 656 iniuriarum,
685 621 848 650 sermo
873 605 1089 649 omnium
1113 605 1387 649 exhaustus
1420 605 1481 649 sit
1516 605 1658 649 nobis

25 684 322 731 contrarius.

80 762 122 807 ξ).
190 760 451 805 Habebam
477 760 573 804 iam
598 775 719 815 prae
746 759 971 803 manibus
996 758 1210 815 lepidam
1236 768 1283 803 et
1309 759 1543 803 deuotam
1579 774 1657 803 co-

25 837 285 889 moediam,
313 852 439 893 quae
459 836 629 881 diebus
649 836 1055 889 bacchanalibus,
1079 836 1383 881 assentiente
1404 836 1463 881 R.
1487 836 1540 880 P.
1565 837 1658 880 Ca-

24 915 143 960 nisio
169 916 199 968 ¹,
227 915 356 970 apud
382 914 612 969 populum
638 913 872 969 egissent.
896 912 993 958 Sed
1020 914 1082 958 ob
1101 914 1337 969 temporis
1360 913 1657 958 breuitatem

24 1000 298 1049 prorogata
325 991 369 1035 in
394 991 657 1035 transitum
681 990 878 1035 Domini
904 1000 993 1045 est;
1022 1006 1169 1046 quum
1194 999 1396 1046 praeter
1415 999 1657 1036 aestatem

24 1069 169 1114 etiam
195 1068 388 1112 maiora
413 1068 552 1113 nobis
576 1067 837 1112 commoda
862 1069 1328 1113 accumulabuntur.

79 1144 121 1190 6.
187 1145 463 1190 Praeterea
486 1160 616 1189 noua
642 1144 836 1189 Domini
862 1145 1176 1189 circumcisio
1202 1145 1379 1189 mirum
1416 1144 1529 1201 quid
1564 1160 1659 1189 non

23 1222 245 1268 attulerit
269 1222 398 1267 noui!
432 1222 670 1278 Equidem
708 1238 795 1278 per
825 1232 980 1266 totam
1017 1232 1212 1267 noctem
1250 1223 1554 1273 laborantes,
1593 1223 1658 1267 in-

23 1315 144 1356 gens
168 1300 307 1344 nobis
331 1298 505 1343 foenus
529 1316 592 1344 ex
625 1299 828 1355 piscium
865 1308 1077 1355 captura
1112 1300 1422 1356 reposuimus
1458 1300 1488 1344 ⁵2.
1527 1299 1660 1355 Qua-

23 1385 136 1421 tuor
158 1376 395 1431 siquidem
415 1375 656 1421 fratribus
675 1376 989 1421 sodalitatem
1010 1386 1235 1421 nostram
1261 1377 1509 1422 vberrime
1530 1392 1660 1422 com-

25 1453 247 1510 pletauit.
297 1454 507 1498 eximiae
553 1453 653 1509 spei
698 1454 1115 1499 ad‹1›lescentibus.
1163 1454 1390 1510 Quorum
1430 1455 1656 1511 primum,

24 1530 221 1576 doctum
245 1541 293 1576 et
317 1531 618 1587 theologum,
644 1531 722 1587 qui
747 1540 862 1575 ante
883 1530 1068 1575 Christi
1088 1532 1357 1576 aduentum
1383 1547 1474 1587 pro
1495 1532 1659 1587 gradu

27 1607 182 1664 primo
208 1609 251 1652 in
277 1617 393 1653 actu
419 1608 613 1663 publico
639 1607 893 1664 respondit
918 1607 1201 1653 doctissime
1228 1618 1274 1653 et
1300 1624 1410 1652 cum
1442 1609 1660 1654 omnium

24 1683 365 1742 admiratione,
392 1685 721 1729 Ratisbonam
748 1700 837 1741 pro
862 1685 1155 1730 amanuensi
1180 1686 1287 1730 misi
1323 1686 1446 1730 Rdo.
1482 1686 1535 1731 P.
1565 1686 1659 1731 Ca-

25 1760 159 1806 nisio.
198 1760 490 1807 Guilielmus
524 1763 820 1818 appellatur.
860 1771 907 1807 et
937 1762 1158 1818 Pragam
1195 1763 1332 1808 breui
1369 1779 1477 1808 cum
1513 1764 1621 1809 aliis
1643 1772 1660 1792 ³

23 1837 107 1882 4.ῡΥ
134 1854 196 1883 ex
218 1839 400 1884 nostris
424 1838 666 1884 fratribus
690 1839 1041 1884 trau-sferetur.
1069 1840 1265 1896 Reliqui
1301 1841 1396 1885 duo
1432 1850 1543 1885 sunt
1579 1842 1658 1898 qui

24 1915 162 1961 nobis
185 1916 468 1961 seruierunt
502 1916 547 1961 in
584 1916 794 1973 coquina
829 1926 877 1961 et
912 1917 957 1961 in
992 1917 1204 1973 negotiis
1237 1917 1477 1962 hactenus
1511 1918 1659 1963 confi-

5 1991 205 2038 ciendis
229 1994 434 2037 multum
461 1993 674 2049 collegio
700 1993 884 2038 laboris
916 1994 1226 2042 ademerunt,
1265 1995 1379 2039 licet
1414 1995 1576 2040 adhuc
1612 1996 1657 2040 in

25 2070 222 2125 negotio
248 2071 531 2126 persistant.
560 2071 690 2115 Ante
717 2070 915 2115 fuerunt
939 2071 1143 2115 studiosi
1168 2071 1215 2115 in
1244 2071 1336 2116 hac
1360 2072 1658 2117 Vniuersita—

24 2154 86 2191 te.
114 2146 213 2192 Vni
238 2163 410 2193 nomen
436 2158 510 2193 est
535 2148 853 2201 Laurentius,
883 2149 987 2193 vita
1012 2158 1059 2193 et
1094 2149 1314 2193 moribus
1349 2150 1476 2194 adeo
1512 2150 1530 2176 b
1564 2151 1657 2195 sin-

25 2224 209 2279 gularis
234 2233 282 2270 et
305 2235 521 2276 sanctus,
548 2235 600 2269 vt
624 2225 852 2270 iuuenem
878 2226 1039 2282 magis
1064 2226 1196 2281 pium
1231 2235 1280 2270 et
1314 2227 1548 2271 deuotum
1574 2243 1657 2271 an-

25 2300 167 2346 tehac
190 2301 391 2347 credam
415 2318 656 2358 nusquam
681 2318 769 2347 nec
795 2318 1006 2358 anuam
1028 2319 1104 2348 me
1127 2303 1322 2359 vidisse,
1346 2313 1487 2349 tanta
1507 2304 1657 2349 animi

23 2368 305 2423 sinceritate
330 2389 378 2424 et
402 2380 601 2435 pietate,
634 2391 682 2422 vt
707 2380 933 2425 omnibus
963 2380 1104 2425 nobis
1129 2380 1191 2425 sit
1221 2380 1574 2425 simulachrum
1609 2389 1658 2425 et

26 2456 302 2510 exemplum
328 2456 596 2518 religion-iffi
625 2456 788 2501 inuitis
813 2457 1102 2512 parentibus
1121 2456 1248 2501 hanc
1271 2467 1455 2502 sortem
1476 2458 1656 2513 ample-

25 2530 187 2587 ctitur;
215 2533 368 2578 seruit
393 2533 665 2579 liberaliter
684 2549 839 2590 vsque
864 2534 908 2578 in
935 2534 1062 2579 hunc
1082 2535 1226 2589 diem,
1249 2543 1397 2590 atque
1423 2535 1484 2579 ob
1509 2550 1657 2590 penu-

27 2606 150 2652 riam
174 2610 317 2665 coqui
341 2611 570 2666 precibus
595 2626 623 2654 a
648 2626 726 2655 me
750 2611 1021 2667 postulauit
1045 2611 1084 2655 si
1103 2611 1297 2656 culinae
1318 2627 1489 2656 curam
1509 2611 1656 2657 habe-

71 2758 90 2778 a
139 2760 232 2798 Hoc
248 2774 287 2799 v.
308 2763 414 2800 add.
435 2768 573 2809 supra
596 2775 702 2801 vers.
725 2764 880 2800 eadem
902 2775 1054 2801 manu.
1111 2765 1176 2790 -b
1198 2764 1292 2801 Hoc
1314 2776 1349 2801 v.
1382 2764 1487 2802 add.
1517 2770 1657 2811 supra

25 2827 131 2856 vers.
154 2820 308 2857 eadem
328 2833 481 2859 mmm.

73 2961 83 2981 ¹
132 2961 177 2999 P.
199 2962 344 3000 Petrus
372 2963 574 3005 Canisius„
604 2965 857 3012 praepositus
884 2965 1115 3012 provinciae
1143 2963 1393 3002 Germaniae
1420 2966 1654 3013 superioris.

25 3017 253 3063 POLANCUS,
279 3023 446 3068 Clzron„
472 3023 509 3058 V
512 3023 542 3069 Ι,
562 3023 620 3060 32.

73 3078 86 3098 ²
135 3078 198 3117 Cf.
219 3080 337 3127 Luc„
359 3082 413 3126 V,
434 3083 469 3119 5.
