1900 3380
469 305 791 342 llO.—COLoxm
822 306 863 342 19
890 306 1134 342 Novam—iius
1166 307 1253 342 [2307
1555 305 1624 342 425>

46 401 172 446 niam
200 399 362 445 uocati
388 400 651 450 uenissent,
681 412 726 446 et
752 401 950 457 quidam
976 400 1020 445 in
1046 401 1274 446 conuiuio
1300 401 1344 446 in
1370 401 1668 446 Societatem

43 477 456 533 debaccharetur;
484 492 612 522 coss.
644 477 858 523 ciuitatis
882 477 1140 522 suollensis
1167 479 1195 533 ¹,
1232 494 1375 534 quem
1416 494 1474 522 ne
1509 479 1566 522 de
1603 478 1668 522 l'a-

43 556 116 601 cie
141 555 334 612 quidem
360 570 447 600 nos
472 555 714 610 nouimus‘,
744 556 810 600 ita
835 564 1011 601 contra
1035 553 1337 600 Societatem
1359 555 1591 609 delendit,
1623 564 1672 600 vt

45 633 257 678 alterum
282 633 626 677 obmutescere
652 632 857 677 faceret.

108 710 174 754 11.
240 708 476 754 Matthias
520 708 941 765 Bredenbachius,
984 718 1150 754 rector
1189 708 1390 753 scholae
1436 709 1670 754 embrica-

45 802 137 832 nae
162 788 194 841 ²,
236 785 591 831 catechismum
615 785 668 830 P.
698 784 883 831 Canisii
909 785 1035 831 libro
1060 785 1223 830 aedito
1259 785 1429 830 laudat
1462 785 1534 829 his
1568 801 1671 830 uer-

46 864 133 909 bis:
166 863 462 908 «Plurimum
495 863 725 908 momenti
761 872 835 908 est
868 863 913 907 in
949 862 1280 920 repurgandis
1315 862 1509 907 scholis.
1548 862 1672 907 Nam

46 941 138 986 hae
161 949 273 986 sunt
306 940 454 986 ueluti
490 940 650 985 fontes
685 955 710 985 e
745 940 919 996 quibus
953 940 1115 985 omnia
1153 940 1230 985 uel
1265 940 1395 985 bona
1431 940 1507 984 uel
1544 941 1673 984 mala

47 1026 357 1075 promanant.
400 1017 463 1062 Et
502 1017 631 1073 quod
671 1017 913 1063 ecclesiae
954 1016 1135 1074 passim
1175 1026 1261 1062 aut
1299 1017 1459 1062 nullos
1494 1016 1675 1062 habent

46 1104 288 1152 pastores,
316 1103 402 1140 aut
426 1110 515 1151 pro
541 1094 825 1152 pastoribus
849 1096 1004 1151 lupos,
1029 1094 1123 1140 hoc
1141 1094 1250 1140 inde
1270 1094 1577 1152 potissimum
1597 1109 1674 1139 ac-

47 1174 177 1230 cidit,
205 1174 334 1230 quod
356 1173 449 1219 hac
479 1174 655 1219 horum
690 1174 1002 1220 dissidiorum
1038 1183 1333 1230 tempestate
1368 1173 1595 1219 iuuentus
1630 1173 1673 1217 in

47 1251 292 1308 plerisque
326 1251 506 1297 scholis
540 1250 788 1307 pestiferis
821 1251 912 1297 illis
951 1251 1260 1308 opinionibus
1293 1250 1484 1297 initiata
1522 1259 1597 1296 est
1630 1258 1677 1294 et

50 1328 255 1385 perdita.
299 1327 647 1385 Vnaquaeque
686 1328 856 1374 schola
896 1344 1037 1374 suum
1078 1329 1227 1374 habet
1270 1327 1674 1382 cathechismum,

49 1420 189 1450 suam
222 1405 626 1462 grammaticam,
662 1422 802 1451 suam
838 1405 1166 1452 dialecticam.
1209 1405 1564 1452 Serenissimus
1605 1421 1677 1450 ro-

49 1497 322 1537 manorum,
365 1482 675 1539 Hungariae,
720 1482 1006 1538 Bohemiae,
1043 1492 1156 1539 etc.,
1194 1498 1300 1539 rex,
1338 1492 1386 1528 et
1422 1482 1677 1528 Ecclesiae

47 1559 322 1604 catholicae
347 1559 647 1605 fortissimus
670 1569 1029 1617 propugnator,
1062 1560 1421 1615 Ferdinandus,
1459 1560 1676 1616 superio-

50 1636 184 1681 ribus
209 1635 349 1681 annis
372 1636 489 1681 fecit
519 1637 759 1692 publicari
793 1637 1148 1683 catechismum
1182 1637 1514 1682 continentem
1550 1652 1678 1681 sum-

49 1728 178 1758 mam
204 1713 461 1759 doctrinae
484 1713 800 1760 christianae.
828 1714 1037 1760 Vtinam
1063 1714 1129 1759 ita
1153 1714 1279 1760 inter
1310 1714 1436 1759 illius
1470 1713 1678 1758 serenis-

47 1789 218 1835 simam
242 1790 549 1836 maiestatem
568 1799 616 1836 et
635 1806 805 1837 omnes
828 1790 959 1837 sacri
985 1791 1173 1848 imperii
1194 1790 1439 1848 principes
1459 1791 1676 1835 illustris-

49 1866 198 1912 simos
221 1866 500 1923 conueniat,
528 1876 581 1913 vt
604 1883 692 1924 per
716 1877 870 1914 totum
897 1868 1153 1926 imperium
1178 1868 1256 1913 ille
1279 1867 1608 1914 catechismus
1633 1875 1679 1913 et

49 1945 208 1990 nullus
232 1945 356 1990 alius
381 1946 705 2003 praelegatur
730 1945 986 2003 iuuentuti,
1015 1946 1103 1992 nisi
1129 1946 1258 2002 quod
1282 1946 1328 1991 in
1364 1945 1678 1991 inferioribus

48 2021 138 2067 illis
163 2031 211 2067 et
228 2021 572 2068 minutioribus
594 2022 791 2079 scholis,
818 2038 1007 2069 necnon
1032 2023 1078 2069 in
1102 2022 1418 2068 inferioribus
1436 2021 1679 2067 classibus

21 2098 290 2164 *maiorum
316 2098 599 2144 scholarum
624 2099 821 2145 uidetur
856 2099 972 2146 utile
1008 2100 1133 2157 fore,
1172 2108 1225 2145 vt
1259 2099 1498 2156 pauciora
1533 2114 1678 2155 quae-²

51 2176 162 2222 dam
196 2185 245 2222 et
279 2176 515 2222 breuiora
554 2177 695 2222 huius
735 2177 992 2223 doctrinae
1032 2177 1324 2233 rudimenta,
1367 2192 1575 2233 quorum
1616 2176 1679 2221 illi

0 2241 1 2249 ἵ
33 2254 194 2310 ‚puelli
218 2253 313 2299 sint
338 2269 567 2311 capaces,
596 2270 659 2300 ex
683 2255 855 2300 eodem
881 2255 962 2300 illo
987 2255 1289 2301 catechismo
1314 2263 1562 2310 extracta,
1589 2253 1679 2298 illis

50 2332 420 2389 praelegantur3
478 2332 875 2389 prouectioribus
929 2342 1095 2378 autem
1150 2331 1482 2378 catechismus
1530 2340 1677 2376 totus.

51 2407 375 2466 Nequaquam
422 2409 550 2466 quod
591 2418 822 2455 caeteros
866 2410 1197 2465 catechismos
1237 2425 1408 2455 omnes
1453 2409 1680 2454 damnem

52 2485 182 2542 (sunt
206 2487 422 2532 nonnulli
457 2487 583 2532 inter
612 2503 698 2532 eos
732 2487 881 2532 etiam
915 2487 1061 2549 ualde
1096 2487 1158 2544 pii
1193 2496 1241 2533 et
1275 2486 1556 2541 commodi),
1593 2486 1680 2531 sed

53 2573 102 2608 ut
140 2563 266 2609 inter
304 2579 393 2609 nos
432 2580 602 2610 omnes
641 2565 899 2611 doctrinae
942 2565 1212 2610 concordia
1252 2564 1333 2609 sit:
1381 2579 1478 2620 qua
1521 2579 1679 2620 neque

0 2637 1 2642 ¹
53 2639 160 2685 Deo
199 2640 464 2697 quidquam
503 2642 712 2698 gratius,
750 2658 908 2699 neque
942 2643 1098 2699 nobis,
1135 2642 1215 2700 qui
1251 2642 1500 2693 docemus,
1534 2640 1678 2685 hone-

0 2770 3 2775 Δ
53 2717 190 2772 stius,
217 2732 373 2774 neque
399 2717 563 2775 pueris
588 2734 709 2775 quos
733 2720 965 2765 docemus
986 2719 1167 2776 Vtilius,
1195 2734 1352 2774 neque
1372 2717 1434 2762 ad
1454 2716 1679 2763 aedifica-

0 2848 1 2851 ,
53 2793 234 2840 tionem
260 2794 518 2841 Ecclesiae
542 2795 788 2842 efficatius
811 2796 974 2842 fuerit.
1005 2796 1067 2842 Et
1091 2795 1441 2841 excluderetur
1475 2795 1569 2840 hac
1604 2810 1678 2839 ra>

0 2865 5 2918 ',
54 2870 185 2917 tione
209 2872 407 2918 occasio
431 2873 623 2918 tenellis
646 2873 737 2919 illis
756 2884 1024 2930 corruptae
1043 2872 1298 2918 doctrinae
1319 2886 1511 2917 uenena
1530 2871 1677 2916 instil-

102 3061 111 3080 ¹
162 3060 339 3098 Videtur
358 3061 525 3099 indicari
546 3062 642 3099 urbs
660 3062 811 3100 Zwolle
832 3063 871 3099 in
890 3063 1084 3099 hodierna
1105 3061 1366 3099 Neerlandia.

102 3119 115 3139 '
163 3119 408 3158 Emmerich.
