1909 3328
257 212 326 248 712
723 210 942 246 LITTERAE
969 209 1323 254 QUADRIMESTRES

213 325 272 354 ea
299 310 437 362 vrbe,
467 319 600 353 certe
628 308 719 352 hac
744 306 972 362 proxima
992 303 1380 361 quadragesima
1399 302 1704 360 frequentior
1724 302 1840 347 mul·

213 396 261 431 to
286 387 345 430 ad
372 394 647 429 extremum
684 399 839 440 vsque
874 383 1000 427 diem
1035 382 1284 426 hominum
1320 381 1466 426 turba
1501 380 1841 436 euangelicum

216 479 388 509 munus
422 463 713 507 decorabat.
752 461 829 506 Ad
867 459 1140 505 dominicae
1179 459 1421 515 passionis
1460 457 1723 513 itidemque
1760 472 1840 513 pa-

214 543 363 587 schae
398 540 707 585 solennitatis
741 539 1007 584 conciones
1041 552 1192 593 supra
1223 536 1393 581 decem
1428 535 1676 580 hominum
1713 533 1844 579 milia

214 618 529 670 confluxisse,
560 617 782 674 vulgaris
808 616 940 661 fama
964 624 1112 671 atque
1138 614 1263 658 adeo
1292 613 1539 657 hominum
1573 611 1704 656 haud
1742 611 1844 656 vul-

215 695 411 753 garium
442 694 672 739 iudicium
708 694 804 738 fert
840 690 1252 747 constantissime,
1291 688 1439 735 fiebat
1474 689 1599 734 enim
1632 696 1843 744 Vtraque

216 773 390 820 concio
416 774 461 818 in
487 772 788 829 amplissimo
813 771 1008 817 abbatis
1043 769 1285 828 granario
1319 768 1449 825 quod
1484 777 1653 813 tantae
1688 766 1842 812 multi-

216 851 396 897 tudinis
430 851 577 896 facile
612 866 774 907 capax
807 859 896 895 est.
936 848 1137 894 Christo
1171 848 1331 892 honor
1360 855 1467 892 esto
1501 855 1550 891 et
1584 844 1762 902 gloria.
1799 844 1845 889 A

218 929 457 987 paschate
489 943 729 984 nusquam
760 936 1116 984 praeterquam
1139 923 1349 970 Bilhomi
1374 923 1695 969 concionatus
1719 936 1842 978 sum,

218 1007 439 1063 exceptis
462 1006 600 1052 feriis
625 1005 896 1051 dominicae
931 1002 1236 1049 ascensionis
1269 1001 1400 1058 apud
1433 999 1845 1046 Montemferran-

221 1086 353 1131 dum.
382 1084 610 1142 Quantus
634 1085 694 1129 sit
718 1082 963 1139 euangelii
988 1082 1181 1128 fructus
1201 1091 1246 1126 et
1265 1079 1476 1125 Bilhomi
1496 1087 1543 1124 et
1563 1078 1745 1135 passim
1764 1076 1847 1121 ali-

220 1164 283 1220 bi,
310 1163 461 1220 liquet
486 1178 547 1207 ex
572 1161 759 1207 affectu
785 1177 874 1206 nos
898 1159 1279 1206 conuocantium
1304 1167 1353 1204 et
1377 1158 1438 1203 ad
1468 1157 1618 1202 aedes
1651 1164 1849 1200 nostras

223 1257 310 1286 ceu
338 1241 398 1285 ad
431 1240 624 1296 asylum
649 1238 1068 1285 concurrentium.
1096 1236 1358 1293 Vrgemur
1380 1233 1675 1292 importunis
1698 1231 1850 1289 preci—

221 1320 313 1364 bus
337 1334 426 1363 nos
450 1317 779 1371 inuitantium,
817 1324 865 1361 et
899 1315 1127 1373 cogimur
1160 1313 1502 1370 occupationis
1535 1310 1852 1357 necessariae

224 1404 491 1453 praetextu
510 1410 756 1440 excusare
776 1410 880 1450 nos,
903 1393 1192 1439 facultatem
1212 1391 1353 1437 nobis
1369 1401 1608 1447 negatam
1626 1397 1852 1434 constan-

224 1483 301 1519 ter
325 1472 652 1518 affirmantes.
681 1472 733 1517 P.
762 1471 958 1528 quidem
989 1469 1323 1526 Hieronymus
1352 1466 1722 1524 praefecturae,
1759 1480 1854 1522 ego

223 1566 346 1596 vero
376 1549 698 1606 professionis
728 1548 1043 1604 theologicae
1078 1546 1299 1603 legitima
1334 1545 1543 1601 ratione,
1580 1559 1640 1589 ne
1674 1558 1854 1600 graua-

223 1629 308 1674 tim
333 1629 581 1685 repulsam
606 1627 787 1682 ferant,
816 1642 893 1671 me
923 1635 1082 1671 tueor.
1120 1623 1319 1670 Domini
1353 1624 1697 1679 brauatenses,
1734 1636 1856 1678 quos

224 1707 378 1763 vulgo
409 1705 749 1761 bryoudenses
785 1719 1143 1760 nuncupamus,
1180 1702 1413 1759 ciuesque
1447 1698 1857 1746 Montisferrandi

225 1793 374 1840 atque
419 1783 545 1828 adeo
590 1782 735 1827 amici
780 1782 1189 1838 clarmontenses,
1237 1778 1447 1836 proximi
1491 1777 1605 1823 anni
1645 1776 1855 1834 quadra·

225 1861 415 1918 gesima
447 1860 771 1905 ecclesiasten
802 1874 879 1904 me
913 1858 1158 1915 flagitant,
1185 1873 1246 1903 ac
1270 1857 1418 1902 Dum.
1441 1855 1726 1912 episcopum
1751 1869 1857 1910 pre-

227 1939 364 1984 cibus
403 1953 619 1983 exorare
659 1937 946 1992 decreuere,
991 1945 1042 1981 vt
1076 1935 1206 1981 votis
1242 1934 1462 1991 ipsorum
1496 1932 1854 1990 patrocinetur.

227 2016 388 2061 Feriis
414 2015 721 2072 potissimum
745 2014 1028 2059 solennibus
1052 2013 1162 2058 hinc
1186 2012 1295 2057 inde
1314 2011 1584 2057 inuitamur
1603 2010 1665 2055 ad
1684 2023 1858 2054 munus

228 2094 593 2152 euangelicum.
620 2093 729 2138 Hoc
756 2108 878 2137 vero
915 2090 1354 2136 luculentissimum
1388 2089 1562 2135 messis
1596 2103 1858 2145 argumen-

228 2182 331 2218 tum
354 2171 679 2228 euangelicae
704 2171 1048 2224 obseruamus,
1076 2169 1206 2225 quod
1225 2184 1255 2213 a
1275 2167 1596 2213 concionibus
1615 2165 1677 2211 ad
1697 2164 1860 2222 poeni·

228 2250 432 2296 tentium
458 2248 798 2294 confessiones
824 2247 1096 2293 audiendas
1121 2246 1451 2303 requiramus.

288 2328 331 2373 4.
398 2326 531 2373 Sane
563 2336 801 2383 quantum
825 2325 887 2371 ad
911 2335 1289 2370 sacrosanctum
1314 2331 1743 2369 sacramentorum
1779 2319 1860 2364 mi»

233 2404 489 2451 nisterium
514 2404 706 2461 attinet,
733 2401 1024 2448 sacerdotes
1049 2401 1246 2459 collegii
1265 2401 1359 2445 hac
1377 2398 1765 2456 quadragesima
1784 2412 1859 2441 oc-

233 2481 536 2539 cupatissimi
560 2481 719 2537 fuere,
757 2479 949 2525 inuitati
984 2480 1047 2524 ab
1083 2478 1198 2536 ipsis
1232 2477 1435 2523 vicariis
1468 2476 1531 2521 ad
1566 2475 1612 2521 id
1646 2473 1863 2533 muneris

234 2560 513 2606 obeundum
537 2559 628 2605 sub
651 2557 805 2604 ferias
829 2556 1104 2614 paschales.
1142 2556 1253 2612 Ego
1287 2570 1483 2612 quoque
1516 2552 1712 2610 Ryomi,
1748 2551 1860 2597 alio-

234 2638 347 2694 quin
388 2637 508 2683 satis
547 2643 838 2692 occupatus,
879 2633 1117 2690 temporis
1157 2632 1471 2678 occasionem
1511 2628 1863 2687 poenitentium

235 2713 623 2760 reconciliationi
648 2712 956 2769 suffurabar,
983 2710 1119 2756 feriis
1152 2709 1370 2766 paschae
1394 2706 1734 2754 confitentium
1768 2716 1863 2749 tur-

236 2792 298 2836 ba
338 2806 543 2847 prorsus
582 2791 805 2835 obrutus.
850 2787 1203 2834 Confessiones
1236 2786 1424 2842 aliquot
1456 2783 1721 2842 generales
1755 2795 1865 2827 cum

238 2868 378 2913 vberi
402 2867 570 2913 fructu
593 2867 760 2912 factae
784 2874 898 2911 sunt
920 2863 1146 2910 Bilhomi.
1176 2862 1336 2908 Feriis
1358 2870 1674 2919 pentecostes
1702 2872 1865 2904 nume-

239 2960 355 2990 rosa
379 2943 843 2989 communicantium
870 2941 1128 2988 multitudo
1153 2941 1214 2985 ad
1239 2941 1400 2985 altare
1423 2947 1645 2984 nostrum
1668 2949 1866 2982 sacram
1908 2931 1909 2934 ’

245 3021 595 3067 eucharistiam
620 3020 843 3077 sumpsit,
870 3028 919 3065 et
941 3017 1209 3076 promiscui
1238 3024 1397 3062 status
1430 3025 1477 3061 et
1510 3013 1765 3071 Vtriusque
1796 3026 1866 3056 se-
