1909 3328
264 222 334 257 :540
732 222 948 259 LITTERAE
977 223 1333 267 QUADRIMEs'rREs

216 316 278 361 D.
307 316 483 362 Petrus
510 316 713 361 Canalis
736 327 993 363 strenuum
1020 317 1205 363 Christi
1231 319 1468 363 athletam
1494 335 1545 363 se
1565 320 1734 375 gessit.
1759 319 1846 367 Sa-

214 408 303 438 cra
328 395 605 438 communio
632 394 792 451 magis
817 396 1073 451 magisque
1098 405 1146 440 et
1169 395 1359 440 Biliomi
1393 406 1439 440 et
1474 396 1588 440 alibi
1622 396 1845 453 frequen-

214 479 365 515 tatur.
393 469 636 526 Supremo
661 471 736 515 die
761 471 1004 516 dominico
1029 487 1181 527 supra
1213 472 1449 517 ducentos
1475 473 1535 517 ad
1570 474 1729 518 altare
1765 490 1845 519 no-

213 557 370 592 strum
407 548 738 593 eucharistiae
768 550 998 594 conuiuio
1029 549 1236 594 salutari
1264 550 1477 595 recreati
1503 550 1658 595 fuere.
1688 550 1845 596 Feriis

215 625 431 669 omnium
464 634 749 670 sanctorum
783 635 931 682 atque
966 625 1242 671 dominicae
1278 626 1551 671 natiuitatis
1587 627 1845 672 confertis-

214 703 339 748 sima
363 703 613 747 hominum
638 703 783 747 turba
818 703 1149 748 eucharistiae
1185 703 1487 748 ambrosiam
1521 703 1663 748 simul
1698 713 1843 759 atque
1895 716 1901 720 “

213 789 403 835 nectar,
446 790 495 824 vt
529 779 641 823 mihi
668 790 769 824 tum
794 780 986 825 absenti
1013 779 1105 830 fide
1130 780 1340 824 fratrum
1367 781 1577 825 relatum
1601 790 1690 831 est,
1720 796 1843 825 sum—

212 857 321 913 psit.
350 856 472 913 Quis
498 857 715 902 laetitiae
741 858 1022 914 lachrymas
1047 857 1304 902 continere
1334 868 1497 914 queat,
1536 854 1728 913 quoties
1763 873 1843 902 nu-

212 949 463 978 merosum
501 933 630 978 illum
665 934 991 979 conuiuarum
1027 943 1223 978 coetum
1263 934 1493 979 coelestis
1533 949 1731 979 mensae
1766 935 1845 980 de·

213 1010 333 1055 liciis
358 1010 453 1055 frui
479 1010 737 1066 conspicit?
763 1010 915 1055 Certe
941 1010 1209 1055 funduntur
1240 1011 1543 1067 lachrymae,
1578 1021 1844 1067 erumpunt

212 1088 440 1144 suspiria,
479 1097 597 1132 vota
633 1103 904 1144 precesque
938 1087 1223 1132 offeruntur
1257 1103 1285 1132 a
1317 1088 1405 1144 piis
1429 1088 1475 1132 in
1500 1088 1592 1132 hoc
1616 1087 1844 1132 conuiuio

211 1180 323 1210 cum
349 1165 511 1209 humili
541 1165 822 1209 reuerentia
848 1180 906 1209 ac
932 1164 1062 1209 filiali
1089 1165 1233 1221 plane
1258 1164 1450 1209 timore.

269 1241 312 1287 6.
377 1241 489 1301 Jam
510 1241 709 1285 scholae
730 1253 949 1288 nostrae.
978 1242 1091 1297 quin
1111 1241 1271 1297 potius
1291 1241 1580 1286 academiae
1600 1241 1839 1286 florentis-

210 1319 390 1375 simae,
428 1318 650 1363 ordinem
685 1328 833 1375 atque
859 1318 1149 1362 exercitium
1174 1318 1532 1374 describamus,
1560 1333 1686 1374 quae
1711 1333 1840 1362 nouo

212 1395 429 1452 quotidie
469 1394 695 1451 augescit
734 1395 1061 1450 incremento,
1105 1411 1216 1439 cum
1256 1395 1471 1439 maximo
1512 1395 1841 1440 studiosorum

211 1472 456 1529 profectu.
485 1470 586 1516 Sex
611 1472 923 1527 professores
942 1471 1136 1516 classici
1162 1473 1314 1528 probe
1339 1487 1427 1516 suo
1447 1471 1721 1529 funguntur
1743 1487 1842 1517 mu-

209 1565 330 1594 nere
354 1549 400 1594 in
426 1549 694 1594 erudienda
716 1547 974 1605 juuentute
1001 1558 1102 1593 tum
1129 1549 1172 1593 in
1207 1549 1426 1594 moribUs
1455 1558 1555 1594 tum
1591 1548 1635 1593 in
1671 1548 1841 1606 literis,

210 1627 354 1683 idque
390 1626 635 1671 indefesso
670 1642 876 1682 prorsus
912 1627 1100 1671 labore.
1138 1626 1249 1682 Ego
1286 1643 1406 1671 vero
1442 1627 1842 1682 prouectioribus

210 1704 501 1760 psalterium
523 1703 800 1748 dauidicum
827 1719 1009 1748 enarro
1035 1703 1207 1749 diebus
1232 1703 1470 1760 profanis.
1499 1703 1639 1750 Ordo
1671 1704 1708 1749 is
1743 1719 1843 1749 ser-

209 1792 356 1826 uatur
391 1781 471 1837 qui
505 1781 710 1837 imperio
737 1781 1003 1837 praepositi
1028 1781 1285 1837 Baptistae
1309 1782 1604 1826 constitutus
1629 1791 1718 1838 est,
1741 1791 1841 1826 tum

210 1859 255 1903 in
296 1858 688 1914 praelectionum
724 1858 991 1911 functione,
1035 1869 1136 1904 tum
1176 1859 1221 1904 in
1262 1874 1453 1904 morum
1495 1859 1841 1916 castigatione.

208 1935 398 1981 Diebus
423 1936 627 1992 singulis
652 1951 852 1981 sacrum
883 1936 1097 1991 auditur,
1132 1937 1379 1981 mensibus
1414 1937 1619 1993 singulis
1654 1936 1842 1982 confes-

208 2013 358 2058 sionis
392 2023 761 2058 sacramentum
797 2028 826 2057 a
860 2013 1108 2069 discipulis
1143 2013 1325 2059 nostris
1358 2013 1722 2070 frequentatur.
1755 2013 1842 2058 Mi-

209 2091 436 2135 raculum
462 2100 534 2136 est
554 2091 846 2146 stupendum
872 2091 1057 2136 exteris
1087 2091 1415 2136 millenarium
1447 2107 1601 2148 prope
1635 2091 1841 2148 discipu-

208 2168 370 2212 lorum
394 2183 657 2212 numerum
682 2167 1067 2224 circumquaque
1092 2169 1239 2213 altari
1265 2169 1595 2213 imminentem
1614 2184 1837 2214 cernere.

208 2245 429 2290 Decreto
474 2261 669 2302 quoque
713 2245 956 2290 sancitum
1002 2254 1097 2297 est,
1152 2258 1202 2290 vt
1254 2246 1470 2290 vniuersi
1521 2246 1841 2291 concionibus
1908 2302 1909 2306 Ἰ

206 2322 435 2367 intersint
465 2322 595 2367 haud
625 2322 896 2367 oscitanter
930 2338 1019 2367 nec
1053 2323 1403 2368 somnolenter.
1443 2322 1706 2368 Correctio
1742 2338 1840 2368 mo-
1908 2314 1909 2317 ¹

207 2415 317 2444 rum
353 2400 653 2444 obseruatur
678 2415 825 2455 quam
851 2399 1234 2456 religiosissime.
1264 2399 1518 2444 Exercitia
1542 2400 1840 2445 scholastica

207 2492 267 2521 ac
280 2476 655 2522 dissertationes
671 2476 898 2532 publicae
914 2487 1062 2532 atque
1079 2476 1304 2533 priuatae
1320 2477 1518 2522 habitae
1535 2488 1645 2522 sunt
1661 2477 1848 2531 haben:
1870 2491 1889 2526 sp

206 2562 386 2610 turque
410 2553 551 2598 statis
577 2553 762 2610 diebus,
786 2553 1020 2610 primario
1047 2553 1333 2609 professore
1357 2553 1603 2610 praeside.
1630 2553 1865 2598 Decimof

205 2630 415 2686 septimo
442 2630 656 2687 Augusti
681 2630 727 2675 in
752 2631 867 2675 aula
892 2630 1245 2676 canonicorum
1268 2630 1469 2676 habitae
1494 2641 1604 2675 sunt
1624 2630 1836 2687 disputa·
1865 2633 1881 2663 '2-

209 2707 365 2752 tiones
384 2708 613 2753 solennes
633 2707 961 2765 theologicae,
986 2708 1309 2764 depromptae
1329 2723 1393 2753 ex
1405 2707 1840 2753 obseruationibus

206 2784 251 2828 in
277 2785 591 2841 euangelium
611 2784 759 2841 (quod
782 2785 846 2830 ad
870 2785 1111 2830 decimum
1133 2800 1288 2841 vsque
1307 2794 1457 2842 caput
1481 2794 1582 2829 tum
1601 2783 1838 2841 temporis
1865 2779 1883 2802 ³

208 2870 503 2917 prosecutus
537 2861 693 2918 eram)
728 2861 790 2906 D.
827 2861 997 2906 Lucae
1031 2861 1296 2916 adnotatis,
1333 2862 1532 2907 habitae
1566 2870 1678 2906 sunt
1713 2860 1749 2916 Β,
1777 2860 1840 2905 ad
1874 2864 1881 2898 ’ἶ

253 3026 272 3045 ³¹
324 3027 394 3064 Sic
414 3038 508 3067 ms..
533 3028 657 3064 nulla
680 3039 724 3064 re
742 3027 896 3064 deleta.
