1909 3328
230 289 299 324 570
698 285 914 320 LITTERAE
944 285 1035 329 Qun
1044 293 1195 319 DmalEs
1207 294 1300 318 siffis

186 397 321 428 nnnc
350 397 405 427 eo
442 382 715 426 rhetorices
749 380 997 425 studiosos
1029 379 1233 435 impulit
1259 382 1312 423 nl
1334 384 1349 403 ³
1379 377 1490 430 bini,
1519 386 1618 421 tum
1644 375 1814 421 diebus

183 458 456 508 dominicis,
494 467 596 502 tum
632 457 770 501 festis
804 473 863 501 ac
898 456 1055 500 sacris
1095 455 1265 499 diebus
1305 454 1589 498 declamare
1628 461 1813 509 cogan-

185 540 270 580 tm'
300 535 335 580 ¹³.
383 535 528 579 Haec
570 539 692 598 sunt
730 534 964 591 profecto
994 532 1216 589 foelicia
1261 531 1524 587 cmspicz'a:
1568 529 1722 574 fidelis
1767 539 1816 574 et

184 628 372 668 aequus
406 611 662 665 Dominus,
701 610 780 666 qui
814 625 1009 665 semper
1045 608 1100 652 iis
1135 617 1337 664 praesto
1373 607 1529 660 adest,
1566 605 1645 663 qui
1679 621 1815 662 spem

185 705 379 734 omnem
403 689 447 733 in
474 689 578 744 ipso
603 697 789 744 ponunt
813 694 849 732 ς.

243 767 285 812 4.
352 766 460 811 Non
487 765 710 821 equidem
735 780 933 821 uereor,
961 763 1090 819 quin,
1118 771 1170 807 ut
1195 761 1431 818 paulatim
1456 760 1677 805 haeresis
1708 775 1813 805 suc-

185 860 333 889 censa
373 852 464 900 est,
508 843 574 888 ita
612 842 792 888 sensim
833 842 1168 897 extinguetur.
1216 839 1533 895 Argumento
1569 838 1683 882 mihi
1723 847 1811 894 est,

186 921 352 978 quinto
379 929 463 965 aut
487 929 629 965 sexto
654 920 832 964 abhinc
857 918 933 963 die
958 918 1093 962 facta
1117 917 1163 962 in
1184 916 1428 972 quendam
1449 914 1816 971 anabaptistam

186 997 569 1053 animaduersio,
599 997 644 1041 in
669 1012 764 1053 qua
794 996 928 1040 nulla
959 995 1049 1039 fuit
1082 994 1256 1039 seditio
1293 994 1516 1049 suborta,
1552 992 1713 1037 nullus
1745 1002 1816 1037 tu-

186 1075 366 1120 multus
392 1074 525 1118 uisus
550 1073 654 1129 suit,
682 1072 762 1128 qui
785 1081 949 1117 tamen
974 1070 1311 1115 huiuscemodi
1336 1068 1818 1114 animaduersionem

186 1166 536 1207 nonnunquam
561 1159 896 1205 consequutus
920 1159 1008 1193 est.
1036 1148 1311 1192 Praeterea
1345 1146 1646 1203 accepimus,
1688 1146 1819 1202 quod

187 1244 276 1273 nos
311 1243 480 1272 omnes
515 1226 776 1283 plurimum
801 1224 1116 1280 exhilarauit‚
1145 1224 1320 1269 ducem
1343 1222 1506 1281 Juliae
1532 1225 1543 1247 ¹
1571 1239 1597 1268 e
1621 1238 1710 1267 suo
1735 1222 1817 1267 du-

187 1316 299 1350 cato
323 1316 472 1360 atque
496 1303 701 1359 imperio
726 1303 1106 1348 concionatores
1130 1301 1411 1346 haereticos
1434 1301 1748 1356 exturbasse,
1769 1310 1818 1345 et

188 1382 459 1427 catholicos
494 1380 834 1437 assumpsisse.
875 1379 1116 1423 Dominus
1155 1378 1292 1423 Deus
1331 1376 1693 1422 exuscitabitur
1733 1376 1816 1421 ali-

188 1458 400 1516 quando,
442 1466 490 1502 et
526 1456 742 1501 uisitabit
776 1455 970 1501 uineam
997 1470 1153 1499 suam.
1180 1454 1283 1499 Det
1305 1453 1448 1498 nohis
1473 1454 1583 1509 ipse
1607 1453 1817 1498 clemen-

187 1535 421 1580 tissimus
444 1534 589 1579 Deus
612 1547 705 1578 nos
723 1546 832 1577 esse
852 1537 1006 1588 posse
1029 1532 1219 1589 dignos
1242 1535 1289 1576 et
1311 1530 1668 1575 accommodos
1690 1543 1818 1574 suae

190 1612 376 1657 uineae
400 1610 686 1667 operarios.
715 1609 824 1654 Nos
847 1609 1030 1653 obnixe
1062 1608 1111 1653 T.
1138 1608 1200 1653 P.
1224 1607 1466 1663 precihus
1488 1607 1819 1664 omniumque

188 1688 413 1734 Patz'mn
448 1701 507 1732 (τε
529 1687 770 1745 fratrum
806 1686 954 1730 isthic
989 1685 1259 1742 agentium
1295 1683 1661 1740 Coloniamqne
1691 1696 1818 1727 com-

189 1765 517 1810 mandamus.

279 1841 519 1887 Coloniae
538 1840 673 1896 1558,
700 1841 728 1884 A
750 1840 858 1885 idus
882 1840 1105 1884 Martias.
1136 1838 1213 1884 Ex
1248 1838 1482 1883 mandato
1516 1836 1614 1883 Rfl*
1655 1836 1819 1882 Patris

190 1919 253 1964 D.
280 1918 550 1975 Leonardi,
578 1917 636 1962 T.
664 1918 724 1962 R.
753 1917 806 1962 P.
833 1932 1008 1962 seruus
1034 1917 1079 1961 in
1107 1915 1325 1973 Christo,

1668 2028 1683 2052 2

1077 2028 1340 2074 HENRICUS
1375 2026 1635 2073 SOMALqu
1691 2064 1700 2072 .

238 2177 255 2196 a
303 2168 545 2205 Rhetorices
563 2166 730 2203 studiosi
747 2165 841 2206 bini.
898 2164 961 2192 -b
994 2165 1236 2201 declamant.
1293 2171 1355 2192 -C
1400 2163 1822 2203 Deszmtz'nHANSEN

191 2228 251 2266 20
266 2240 334 2265 vv.
353 2226 555 2274 praeced.

241 2385 249 2402 ¹
302 2382 552 2420 Gulielmus.
578 2380 728 2416 Parum
748 2383 884 2414 tamen
904 2377 1065 2413 veritati
1085 2390 1304 2414 consonum
1324 2377 1508 2414 nuntium
1528 2378 1601 2414 hoc
1621 2376 1742 2414 fuisse
1762 2389 1821 2413 as-

192 2443 291 2479 serit
309 2442 499 2483 HANsEN,
520 2441 595 2477 loc.
617 2439 699 2480 cit..
720 2437 802 2474 305.

241 2503 253 2522 ²
309 2502 412 2538 Vide
431 2500 630 2548 superius,
651 2511 744 2546 pag.
770 2497 847 2538 141,
869 2502 1005 2533 annot.
1030 2497 1060 2532 1.
