1909 3328
273 202 343 238 654
743 204 961 241 Lir'rERAF.
989 205 1344 250 QUADanfflsrREs

229 311 409 342 carcer
454 301 831 357 assumpserat),
879 300 1267 346 dimittebantur:
1326 303 1611 349 mulieribus
1665 320 1861 361 quoque

227 375 490 430 nonnullis,
518 376 762 422 nobilibus
784 378 979 433 quidem
1014 379 1100 423 sed
1135 379 1355 425 maxima
1390 396 1555 425 rerum
1592 382 1860 427 laboranti-

226 452 317 496 bus
342 452 521 509 inopia,
548 453 671 498 satis
694 469 957 511 superque,
986 465 1037 500 ut
1061 457 1299 512 temporis
1322 457 1606 513 patiebatur
1643 459 1856 515 occasio,

226 530 290 574 ab
329 529 574 585 aliquibus
612 540 898 577 nostrorum
939 532 1145 577 Patrum
1191 534 1594 590 persuasionibus
1632 536 1860 582 adductis

225 606 505 651 consultum
529 616 618 652 est.

282 683 325 728 5.
395 682 506 728 Huc
545 684 695 730 etiam
736 686 987 742 pertinere
1026 686 1223 732 uidetur
1262 688 1390 744 quod
1430 689 1522 734 hac
1562 691 1857 745 praesertim

224 760 615 817 quadragesima
638 771 710 808 tot
734 763 1114 809 concionatores
1139 780 1201 810 ex
1225 766 1408 811 nostris
1433 766 1495 811 ad
1520 767 1719 812 diuersa
1750 769 1858 814 loca

223 839 425 884 summis
452 840 681 896 precibus
707 842 1115 894 accersebantur,
1143 852 1194 888 ut
1229 844 1267 888 si
1302 844 1599 890 satisfacere
1633 846 1859 891 omnibus

224 918 533 962 reuerendus
577 917 659 963 Pr.
709 928 877 964 rector
922 921 931 942 ¹
975 919 1107 964 forte
1151 921 1404 975 uoluisset,
1451 937 1594 967 nemo
1632 923 1857 979 equidem

223 993 351 1038 domi
388 994 467 1050 qui
503 995 792 1040 necessaria
816 1005 1036 1048 curaret,
1064 996 1318 1043 adfuisset.
1351 998 1425 1044 Ac
1454 998 1571 1044 illud
1604 1015 1700 1056 ego
1736 999 1857 1045 fate·

223 1070 330 1127 bor,
358 1071 437 1128 qui
473 1071 549 1116 hic
584 1081 729 1117 natus
763 1088 951 1117 morem
988 1072 1202 1119 ciuitatis
1236 1075 1389 1130 probe
1423 1075 1553 1131 noui,
1580 1091 1677 1120 non
1711 1077 1856 1121 modo

222 1164 404 1193 nouum
430 1158 477 1194 et
502 1149 771 1194 inauditum
801 1150 910 1195 mihi
946 1150 1097 1196 fuisse
1131 1151 1305 1207 uisum,
1333 1152 1418 1197 sed
1444 1153 1572 1209 quod
1605 1169 1856 1210 nunquam

221 1237 371 1271 antea
410 1226 648 1282 futurum,
686 1228 725 1272 si
765 1228 872 1284 quis
907 1228 1128 1284 dixisset,
1163 1245 1314 1274 ausus
1350 1230 1552 1275 fuissem
1587 1230 1855 1277 affirmare.

222 1301 547 1349 Satisfactum
572 1314 647 1350 est
671 1314 836 1350 tamen
861 1306 1083 1361 pluribus
1108 1323 1254 1363 quam
1281 1299 1616 1353 credidissem.

279 1381 321 1426 6.
390 1381 494 1426 Nec
529 1382 749 1427 reticebo
783 1382 860 1427 hic
897 1383 1025 1439 quod
1060 1392 1170 1439 post
1204 1385 1623 1430 resurrectionem
1659 1385 1856 1432 Domini

220 1458 462 1504 accidisse
487 1474 677 1503 summa
702 1475 812 1503 cum
838 1460 1093 1516 uoluptate
1119 1461 1461 1506 recordamur.
1488 1461 1736 1507 Iubilaeus
1770 1479 1854 1507 nu-

221 1551 309 1592 per
333 1536 395 1580 ad
430 1546 628 1581 nostras
663 1547 833 1592 partes
866 1538 1188 1583 transmissus
1223 1539 1404 1584 multos
1439 1555 1548 1584 cum
1583 1540 1718 1585 uiros
1752 1549 1859 1586 tum

218 1612 451 1657 mulieres
476 1612 538 1657 ad
562 1622 762 1658 nostros
786 1614 986 1669 pellexit
1015 1613 1205 1669 Patres,
1245 1616 1324 1671 qui
1358 1616 1449 1660 etsi
1484 1616 1710 1672 proxima
1735 1633 1851 1674 qua-

220 1689 504 1746 dragesima
538 1690 721 1735 nostris
760 1689 973 1735 confessi
1015 1692 1379 1737 sanctissimum
1417 1694 1739 1749 sumpsissent
1777 1710 1853 1739 sa-

219 1776 546 1825 cramentum,
575 1783 748 1812 rursus
773 1777 938 1813 tamen
964 1769 1009 1813 in
1035 1779 1205 1814 nostro
1230 1771 1428 1827 templo,
1457 1781 1572 1816 tunc
1597 1780 1733 1817 certe
1768 1788 1850 1817 an-

218 1854 384 1900 gusto,
421 1844 606 1889 eisdem
641 1844 855 1889 confessi
891 1845 1100 1890 eundem
1135 1846 1297 1892 cibum
1333 1857 1380 1892 et
1415 1858 1585 1904 potum
1621 1849 1850 1905 degusta·

218 1929 348 1976 runt,
376 1937 499 1977 quos
523 1922 690 1977 plures
714 1921 866 1967 fuisse
891 1931 1062 1967 nostra
1087 1923 1303 1968 omnium
1329 1925 1555 1980 opinione
1589 1941 1682 1970 non
1718 1925 1850 1971 dubi-

217 2008 284 2042 to.
313 1996 387 2043 Sit
411 1998 654 2043 Dominus
672 1999 724 2044 in
750 1999 821 2044 his
845 1999 1069 2045 omnibus
1095 2001 1397 2046 benedictus.

276 2075 316 2120 7.
385 2075 565 2132 Quoad
590 2091 872 2120 mussaeum
897 2076 991 2121 hoc
1016 2086 1240 2122 nostrum
1264 2078 1697 2136 studiosorumque
1732 2081 1849 2125 mul-

216 2152 429 2208 tiplicem
465 2153 678 2208 pertinet
710 2152 928 2208 frugem,
969 2153 1100 2198 illud
1128 2154 1286 2199 latere
1318 2155 1574 2200 Reueren.
1610 2156 1668 2201 P.
1704 2160 1850 2202 tuam

217 2229 430 2274 minime
456 2230 626 2287 uelim,
653 2230 792 2287 quod
812 2230 910 2274 etsi
930 2232 1148 2286 saepius
1164 2232 1490 2287 scripsimus,
1514 2234 1849 2295 repetendum

216 2306 272 2350 id
292 2310 465 2351 tamen
491 2307 729 2352 arbitror.
759 2306 946 2352 Omnes
971 2308 1228 2353 scholares
1253 2318 1493 2364 quotquot
1511 2321 1732 2355 nostram
1751 2310 1847 2355 fre-

216 2393 456 2439 quentant
500 2385 828 2441 academiam,
870 2385 915 2430 in
961 2385 1061 2430 suis
1106 2386 1310 2442 quisque
1356 2387 1537 2431 scholis
1581 2403 1670 2443 pro
1710 2403 1847 2433 more

215 2472 516 2506 exercentur
540 2478 635 2506 non
660 2462 707 2506 in
732 2461 886 2506 literis
912 2462 1073 2519 modo,
1100 2462 1187 2507 sed
1212 2462 1360 2520 (quod
1396 2474 1570 2509 nostra
1604 2464 1846 2510 interesse

216 2539 376 2593 magis
400 2539 761 2593 existimamus)
787 2539 831 2583 in
857 2539 1048 2594 spiritu,
1075 2555 1136 2584 ac
1159 2540 1355 2595 optimis
1375 2539 1522 2586 officii
1549 2541 1840 2587 rationibus.

216 2615 352 2660 Multi
378 2616 504 2661 enim
529 2616 575 2661 in
601 2616 850 2672 principiis
874 2631 934 2661 ac
958 2616 1294 2662 fundamentis
1318 2618 1691 2674 grammatices,
1729 2634 1844 2664 non·
1896 2671 1903 2680 ,⁴

214 2693 329 2737 nulli
354 2693 398 2737 in
425 2693 643 2749 epistolis
668 2693 1020 2749 componendis
1043 2708 1104 2737 ac
1128 2694 1371 2751 uersibus,
1395 2695 1548 2750 aliqui
1580 2695 1624 2739 in
1662 2696 1843 2741 oratio·
1907 2744 1909 2746 ,

215 2770 355 2814 nibus
380 2771 697 2816 lucubrandis
727 2780 1042 2815 exercentur.
1080 2770 1170 2815 His
1204 2771 1452 2816 adduntur
1486 2771 1848 2828 disputationes.

212 2846 256 2890 in
283 2847 534 2893 rhetorica
558 2848 826 2903 praecipue
850 2863 910 2893 ac
934 2847 1211 2903 dialectica,
1241 2848 1320 2893 ubi
1345 2864 1438 2893 non
1465 2849 1623 2893 solum
1647 2849 1840 2906 quibus·
1899 2859 1901 2906 j

262 3022 270 3040 ¹
323 3020 367 3056 P.
390 3020 543 3058 Paulus
561 3022 609 3058 de
630 3021 829 3059 Achilles.
