1909 3328
226 252 296 288 912
692 249 820 284 erffi
828 259 910 284 ΒΑΕ
939 248 1293 293 QUADmMEsrREs

180 347 413 393 clamauit
438 362 547 391 cum
569 346 718 391 totius
736 345 967 390 auditorii
986 345 1229 402 singulari
1249 347 1490 402 applausu
1511 362 1570 391 ac
1588 347 1803 392 omnium

180 435 395 480 stupore.
438 424 503 468 M.
542 421 869 484 Gregoriusl
912 423 1215 467 contendens
1248 423 1480 479 pietatem
1512 423 1686 469 litteris
1724 439 1803 469 co-

180 502 443 558 pulandam
468 515 594 556 esse,
622 515 716 544 non
749 499 1049 544 mediocrem
1074 500 1270 545 laudem
1305 510 1352 545 et
1385 500 1601 546 fructum
1635 516 1802 547 conse-

179 589 320 624 cutus
346 588 435 623 est.
466 577 575 633 Ego
602 576 830 622 versibus
862 577 1075 622 heroicis
1111 578 1466 634 deplorandam
1497 578 1695 623 humani
1720 594 1801 635 ge-

179 655 310 700 neris
349 663 535 698 sortem
576 653 822 698 deliniaui.
851 653 1097 699 Henricus
1121 654 1423 699 dinantensis
1467 656 1499 708 2,
1542 655 1620 712 qui
1661 655 1803 711 parui

179 731 511 788 quotlibetarii
551 730 717 775 munia
756 730 968 782 subibat,
1006 731 1145 776 iuxta
1184 741 1407 794 veterem
1447 732 1587 777 huius
1625 733 1801 777 acade-

178 809 305 854 miae
331 808 750 864 consuetudinem,
778 809 1043 864 praeclara
1077 824 1167 853 sua
1201 809 1428 854 oratione
1463 810 1804 855 cz'cerorszz‘cmz's

162 885 404 941 flosculis
425 885 582 941 probe
606 885 860 930 instructa
884 886 1368 931 adolescentulorum
1393 886 1584 931 animos
1608 886 1804 943 (quibus

176 964 420 1007 malorum
460 961 715 1007 consortia
755 962 1048 1008 declinanda
1087 978 1197 1008 esse
1235 963 1496 1021 suadebat)
1537 964 1714 1009 mirum
1755 965 1802 1009 in

176 1040 373 1085 modum
397 1040 488 1085 sibi
513 1040 749 1094 deuinxit,
778 1040 891 1085 licet
915 1040 1134 1096 ipsorum
1165 1041 1288 1086 vitia
1321 1041 1442 1086 satis
1465 1041 1654 1086 acriter
1678 1042 1800 1087 inse-

176 1127 340 1162 ctatus
364 1127 510 1173 esset;
538 1117 623 1161 sed
648 1117 922 1162 dexteritas
947 1117 1143 1162 laudem
1169 1119 1456 1174 promeruit.

234 1194 274 1239 7.
341 1193 486 1251 Quod
520 1195 582 1239 ad
616 1194 803 1239 fratres
837 1194 1030 1250 attinet,
1058 1210 1230 1240 omnes
1254 1205 1390 1240 recte
1421 1196 1591 1240 valent
1622 1211 1682 1241 ac
1710 1195 1801 1241 sibi

174 1271 408 1327 delegata
432 1271 598 1316 munia
623 1272 793 1316 sedulo
828 1288 889 1316 ac
922 1272 1160 1324 alacriter
1195 1273 1392 1327 obeunt3
1420 1272 1467 1317 in
1490 1272 1700 1317 aliorum
1725 1288 1800 1318 sa-

175 1349 324 1394 lutem
349 1349 582 1405 gnauiter
606 1349 907 1404 incumbunt,
937 1359 985 1394 et
1010 1349 1055 1394 in
1079 1350 1252 1406 spiritu
1277 1349 1681 1406 progrediuntur.
1708 1355 1800 1395 Le-

174 1426 362 1471 ctiones
395 1425 601 1483 quisque
635 1442 725 1482 pro
760 1442 851 1471 sua
887 1426 1013 1472 virili
1048 1442 1158 1472 cum
1183 1428 1376 1472 honore
1399 1432 1447 1472 et
1469 1428 1800 1473 studiosorum

174 1504 385 1548 Vtilitate
415 1503 743 1560 persequitur,
771 1503 909 1549 cuius
934 1504 1069 1549 fama
1104 1504 1171 1549 ita
1206 1513 1407 1550 exteras
1441 1505 1669 1550 nationes
1693 1521 1799 1561 per-

174 1579 319 1636 uasit,
348 1590 399 1625 ut
423 1580 571 1625 etiam
596 1580 689 1625 hoc
714 1590 939 1636 tempore
965 1581 1190 1637 hyberno
1213 1581 1260 1626 in
1285 1591 1425 1627 tanta
1450 1581 1541 1627 celi
1566 1582 1798 1638 intempe-

174 1657 246 1702 rie
270 1672 330 1702 ac
355 1657 548 1711 iniuria,
577 1673 673 1702 non
698 1658 920 1703 dubitent
945 1658 1007 1703 ad
1031 1674 1120 1704 nos
1143 1659 1401 1705 aduolare.

262 1734 367 1779 Hec
390 1746 502 1779 sunt
527 1750 652 1790 quae
676 1733 921 1780 Dominus
954 1751 1043 1791 per
1076 1751 1166 1780 nos
1195 1735 1289 1781 hoc
1320 1751 1486 1781 mense
1511 1735 1708 1792 operari
1733 1736 1798 1780 di-

171 1820 352 1867 gnatus
392 1820 482 1867 est,
521 1811 600 1866 qui
633 1820 857 1856 nostram
891 1812 1173 1857 socordiam
1211 1811 1508 1857 extimulare
1547 1813 1796 1871 dignetur,

171 1887 524 1943 opitulantibus
548 1887 615 1933 V.
652 1888 713 1933 R.
752 1887 825 1941 R,
862 1888 1068 1933 Patrum
1093 1905 1152 1934 ac
1174 1888 1390 1935 fratrum
1421 1890 1619 1934 omniun
1644 1889 1797 1946 preci-

170 1965 276 2020 bus,
304 1975 356 2009 ut
389 1965 504 2009 dum
542 1965 821 2010 vberiorem
857 1981 1067 2010 messem
1102 1966 1148 2010 in
1184 1967 1368 2011 horrea
1399 1967 1641 2012 dominica
1665 1967 1796 2013 inue-

169 2042 404 2097 xerimus,
441 2041 508 2086 V.
546 2041 607 2087 R.
645 2058 755 2087 cum
780 2042 1005 2088 omnibus
1030 2043 1206 2088 maiori
1231 2044 1386 2089 letitia
1410 2044 1735 2090 delz'buamus
1761 2051 1793 2090 ³.

169 2116 462 2164 Scribebam
489 2118 729 2165 Coloniae
753 2119 1081 2176 Agrippinae,
1107 2119 1165 2165 29
1187 2120 1482 2167 Decembris
1505 2137 1636 2167 anno
1659 2121 1732 2168 58.

258 2195 315 2241 T.
353 2196 413 2241 R.
452 2195 525 2254 R,
563 2211 625 2241 ex
662 2196 896 2242 mandato
930 2196 991 2242 R.
1029 2196 1081 2242 P.
1120 2197 1372 2243 Leonardi
1395 2198 1591 2251 Kessel,
1618 2213 1797 2244 seruus

168 2273 396 2330 indignus
419 2271 688 2318 Societatis
710 2272 872 2331 Ihesu,

1029 2362 1295 2409 HENRICUS
1328 2363 1610 2410 DIONstJs
1642 2365 1674 2410 ³.

256 2455 547 2512 Inscriptio.
585 2461 614 2510 ἦ·
646 2456 772 2501 Rdo.
815 2456 863 2501 in
902 2454 1104 2502 Christo
1147 2456 1200 2503 P.
1243 2457 1309 2503 M.
1349 2457 1534 2505 Iacobo
1572 2458 1776 2516 Laynez

171 2532 457 2588 praeposito
481 2532 706 2589 generali
730 2531 998 2578 Societatis
1020 2532 1123 2578 Ihu.
1150 2532 1362 2580 Rornae.

213 2680 230 2701 ³
279 2674 578 2720 perfundamus.

215 2806 224 2824 ¹
278 2803 507 2852 Gregorius
525 2805 690 2844 Fabius.

212 2864 225 2883 ²
275 2864 479 2901 Henricus
497 2864 718 2903 Somalius.

212 2923 225 2942 ⁸
277 2923 385 2960 Vide
404 2936 501 2970 pag.
525 2924 606 2968 813,
629 2930 765 2963 annot.
787 2925 818 2963 1.
