1909 3328
251 263 319 299 922
719 261 769 297 lli
783 271 938 296 [TERAE
966 260 1322 305 QUADRmiEs'rREs

206 360 400 415 legatus
437 360 447 382 ¹
470 357 604 414 regis
625 356 875 413 Poloniae,
898 356 974 401 uir
994 365 1125 401 totus
1145 365 1313 401 noster
1335 362 1367 411 ³,
1390 355 1485 400 duo
1505 355 1719 412 episcopi
1738 360 1825 400 etc.

206 435 505 480 Curauimus
530 443 695 479 auten]
722 433 960 478 lectiones
984 442 1183 478 nostras
1207 442 1255 478 et
1289 432 1534 489 quaedam
1559 432 1657 477 alia
1691 448 1829 488 prae-

205 511 335 556 ludia
369 510 592 567 imprimi,
635 525 762 568 quae
802 509 1084 565 obtulimus,
1128 513 1182 554 nt
1219 510 1280 554 de
1320 509 1438 555 aliis
1477 509 1606 554 Jzz'lzz'l
1641 509 1827 566 dicam,
1858 565 1868 574 p

204 587 254 633 S.
283 587 339 632 C.
367 587 454 641 M,
480 586 795 632 serenissimo
821 585 1024 642 principi
1050 596 1099 631 et
1122 585 1328 642 principi
1354 585 1540 631 Carolo
1565 587 1580 611 '2
1605 590 1714 641 etc„
1752 586 1830 642 qui

203 681 262 710 ea
286 664 568 721 gratissime
593 673 913 720 exceperunt.
941 663 1049 709 Misi
1075 679 1268 720 quoque
1292 663 1483 718 cadem,
1517 679 1627 709 cum
1663 679 1828 720 supra·
1863 699 1866 702 ⁴

204 742 332 787 dicto
356 742 577 798 doctore,
604 750 746 798 patre
771 741 925 786 nostri
947 740 1263 797 conuictoris,
1286 757 1461 786 uersus
1481 741 1704 787 scholam
1724 740 1829 786 Phi-

204 819 315 876 lippi
339 820 371 876 ³,
399 819 715 875 quantumuis
738 818 834 865 sint
858 817 1061 864 minuta:
1089 834 1185 863 non
1204 818 1332 864 enim
1358 834 1446 864 nos
1471 834 1643 864 eorum
1670 817 1828 875 poeni-

204 906 272 943 tet
296 906 381 942 aut
404 897 568 954 pudet,
597 912 685 954 per
710 912 836 953 quae
859 905 1035 942 nostra
1070 896 1268 942 minima
1305 896 1633 954 Compagnm
1656 895 1676 923 ὓ
1709 911 1829 941 sem-

204 990 290 1032 per
314 989 611 1020 excrescere
636 973 698 1019 ad
724 973 915 1019 maiora
940 973 1085 1019 solita
1109 982 1197 1018 est.

266 1051 333 1097 19.
401 1051 760 1097 Numeramns
798 1050 844 1096 in
883 1050 1054 1096 schola
1092 1059 1265 1096 nostra
1305 1051 1506 1096 circiter
1549 1050 1659 1096 [20
1683 1056 1831 1106 cpue·

205 1144 288 1174 ros
341 1128 375 1184 d,
419 1142 638 1186 qnorum
663 1128 812 1186 sorte
849 1127 1034 1173 saltem
1068 1134 1083 1154 Ε
1124 1136 1319 1173 centum
1351 1136 1464 1173 sunt
1497 1127 1714 1173 hussitae
1748 1135 1832 1172 aut

204 1205 503 1251 hussitarum
540 1204 635 1251 filii.
665 1204 887 1250 Veniunt
920 1205 1125 1250 subinde
1154 1205 1337 1261 plnres
1367 1204 1377 1231 f
1404 1220 1495 1250 nec
1516 1205 1833 1250 deterrentur

206 1283 336 1340 quod
360 1298 450 1328 nos
473 1283 623 1328 simus
658 1282 898 1339 papistae,
927 1282 1039 1339 ipSe
1074 1296 1196 1327 nero
1230 1282 1478 1328 lmssz'tae.
1506 1282 1718 1339 Quidam
1755 1298 1830 1328 eo-

206 1377 330 1418 rum,
369 1360 444 1406 uir
483 1359 649 1417 magni
690 1359 913 1417 nominis,
956 1360 1025 1406 ait
1063 1360 1125 1405 ad
1165 1370 1378 1405 nostros:
1421 1360 1597 1405 vellem
1637 1360 1831 1416 quidem

204 1454 368 1484 meum
403 1437 552 1484 filium
576 1437 621 1483 in
646 1437 795 1483 aliam
829 1437 1131 1483 hussitarum
1162 1438 1382 1484 scholam
1407 1437 1622 1495 tradere3
1649 1438 1732 1483 sed
1759 1438 1834 1494 (nt

207 1518 320 1573 ipse
353 1516 446 1572 ait)
486 1516 637 1562 boues
671 1524 798 1572 sunt,
836 1515 1028 1572 ipsimet
1062 1515 1178 1561 nihil
1216 1515 1391 1561 sciunt.
1428 1515 1523 1561 Hic
1556 1524 1630 1561 est
1664 1525 1833 1562 noster

205 1610 424 1651 magnus
454 1593 658 1650 amicus,
686 1593 771 1639 sed
798 1609 950 1650 usque
985 1593 1047 1639 ad
1081 1593 1242 1639 fidem.
1269 1593 1484 1651 Rogate,
1514 1594 1601 1639 Pr.
1629 1595 1715 1651 mi,
1743 1610 1832 1651 pro

204 1673 303 1718 h‘ac
347 1672 528 1729 anima,
571 1680 622 1731 ut
664 1671 863 1717 tandem
908 1671 1042 1728 uelit,
1085 1672 1213 1728 quod
1258 1671 1408 1717 filiurn
1453 1671 1557 1717 eius
1596 1672 1721 1717 uelle
1766 1671 1830 1716 ui-

205 1750 393 1795 demus.

265 1827 336 1872 20.
403 1826 734 1872 Wenceslaus
769 1835 968 1883 praeest
1007 1826 1197 1882 primae
1230 1826 1392 1883 classi;
1431 1827 1618 1872 caeteri
1657 1840 1835 1872 onmes

206 1913 561 1960 praeceptores
596 1903 918 1960 profecerunt
952 1903 1158 1949 multum
1192 1904 1237 1949 in
1263 1903 1432 1961 lingua
1456 1902 1695 1960 boemica,
1723 1903 1833 1949 licet

207 1981 366 2026 bo'erni
405 1996 501 2026 non
539 1981 649 2027 sint.
693 1981 897 2026 Horum
937 1980 1248 2038 quibusdam
1281 1981 1502 2026 occurrit
1535 1981 1749 2039 quidam
1782 1981 1833 2026 in

206 2059 395 2114 plateis
425 2059 514 2116 qui
546 2059 643 2104 att:
665 2058 852 2115 Audio,
881 2059 1061 2116 inquit,
1098 2059 1236 2116 qnod
1267 2072 1360 2104 uos
1393 2058 1517 2103 bene
1551 2058 1836 2103 instituatis

206 2141 413 2193 pueros,
450 2135 654 2181 mittam
687 2148 812 2193 ergo
847 2149 1020 2180 meum
1039 2135 1219 2192 filium
1249 2148 1446 2193 quoque
1469 2135 1541 2180 ad
1562 2149 1677 2191 110ss
1700 2135 1835 2180 idem

208 2213 337 2258 miln'
369 2213 464 2258 aliz·
495 2213 686 2258 dicunt.
715 2211 1046 2258 Conuictores
1082 2212 1319 2258 habemus
1354 2221 1585 2269 quatuor,
1611 2228 1834 2258 summae

206 2290 306 2346 spei
347 2290 707 2347 adolescentes,
749 2300 795 2334 et
836 2288 960 2334 alios
999 2288 1122 2334 duos
1161 2293 1500 2346 expectamus;
1542 2298 1590 2334 et
1637 2289 1835 2335 ueniunt

207 2383 355 2423 saepe
380 2367 459 2424 qui
484 2367 651 2423 plures
685 2366 1068 2421 committerent,
1095 2366 1181 2412 sed
1217 2382 1390 2412 omnes
1424 2381 1509 2423 spe
1543 2366 1720 2412 alimus
1752 2366 1832 2412 ha-

209 2444 398 2490 bendae
423 2445 595 2490 domus
621 2443 890 2501 amplioris,
918 2459 979 2489 ac
1005 2443 1177 2489 deinde
1201 2443 1310 2490 illos
1334 2442 1614 2501 recipiendi.

255 2635 273 2653 ³
324 2640 376 2671 et.
429 2635 496 2662 -b
529 2633 726 2671 Societas.
781 2640 842 2662 —c
863 2633 1074 2670 Habemus
1093 2632 1178 2670 in...
1200 2634 1366 2670 multos.
1424 2633 1489 2660 —d
1510 2633 1680 2670 Eadem
1697 2644 1833 2670 manu

209 2694 313 2730 add.
335 2695 381 2731 in
402 2704 562 2740 marg:
580 2699 619 2731 et
639 2699 775 2731 essent
794 2693 901 2730 haud
928 2692 1047 2729 dubie
1072 2693 1225 2740 plures,
1253 2692 1294 2729 ni
1322 2705 1390 2730 eos
1421 2706 1444 2730 a
1471 2693 1609 2730 schola
1639 2692 1769 2739 frigus
1797 2697 1834 2728 et

208 2753 482 2801 longinquitas
503 2753 577 2791 loci
597 2758 769 2791 arceret.
840 2759 902 2781 -θ
921 2752 1063 2790 horum
1082 2751 1182 2789 fere.
1251 2752 1309 2780 -f
1335 2765 1386 2790 ex
1411 2752 1471 2790 his
1498 2753 1737 2800 complures.

259 2934 267 2952 ¹
320 2932 523 2970 Martinus
543 2932 730 2970 Cromer.

256 2991 269 3011 ²
315 2991 459 3038 Junior
477 2992 734 3039 imperatoris
752 2991 871 3029 filius.

257 3050 270 3070 ¹
322 3050 535 3098 Philippus
554 3051 846 3088 Melanchthon
864 3051 1032 3089 indicari
1057 3051 1228 3088 videtur.
