1900 3380
551 210 842 249 169.—BURG1S
868 210 914 248 25
940 210 1049 259 MAJI
1084 211 1174 248 1558
1566 210 1636 247 673

113 307 371 354 ceptz·.-—7-8.
397 307 651 345 Cardz'nalis
671 307 898 353 hmsgensis
917 309 1041 345 varie
1060 310 1100 344 et
1118 318 1220 344 cnm
1250 318 1409 353 magno
1419 307 1577 353 fructu
1599 307 1684 344 Pa-

111 371 229 404 tmm
248 368 396 404 'labore
414 367 657 405 utitem—9.
682 367 715 404 A
740 368 786 404 P.
813 367 1043 404 Francisco
1062 369 1231 404 socz‘mn
1250 369 1458 413 postulat,
1481 368 1684 414 qlcz'opzts

116 439 166 465 ex
191 439 353 474 graeca
385 429 431 464 in
463 428 654 464 latinam
687 428 892 473 linguam
923 428 1190 465 vertat—10.
1225 428 1350 464 Idem
1383 428 1495 465 duos
1526 428 1685 464 Patres

109 491 337 534 praeterea
373 488 494 534 petit,
540 488 619 534 qni
659 488 923 533 theologiam
968 491 1006 524 et
1041 488 1242 525 liberales
1277 492 1393 525 artes
1436 488 1684 524 doceant.—

113 548 168 585 11.
203 547 439 593 leeologus
457 547 659 594 qnidam,
677 548 870 593 peractis
889 549 1118 591 exercitiis,
1142 548 1414 585 laetissimus
1433 547 1685 584 discedit.—

116 607 172 644 12.
192 607 420 644 Sclzolares
439 606 526 644 dno
547 606 819 650 Societatem,
842 608 960 644 alius
976 618 1073 644 vero
1091 608 1343 652 religionem
1361 608 1438 644 Sti.
1456 607 1687 644 Domim‘cz'

113 666 487 713 ingreditur—13.
510 666 576 703 Ex
596 667 755 703 nostris
765 666 990 712 fratribus
1006 668 1120 704 alter
1133 667 1388 713 diaconatu,
1408 668 1521 704 alter
1541 678 1684 704 sacer—

115 727 231 764 dotio
251 727 501 764 decoratur.
529 726 691 764 Omnes
709 727 960 764 domesticis
979 727 1220 764 virtutibus
1238 738 1283 764 se
1303 731 1512 764 exercent.

110 853 148 898 1.
214 851 319 911 Jhs.
362 852 609 909 Perquam
650 853 966 898 obseruande
999 852 1045 898 in
1082 851 1234 898 Chro.
1274 852 1443 898 Pater.
1486 852 1593 897 Pax
1634 862 1682 898 et

44 930 212 988 gratia
237 929 440 976 Christi.
469 929 595 976 Cum
621 931 736 976 mihi
760 931 1029 976 iniunctum
1053 930 1131 987 sit,
1160 940 1212 975 vt
1247 931 1331 976 tibi
1367 930 1573 976 reddam
1606 946 1681 975 ra-

2 1054 4 1056 .
44 1008 225 1055 tionem
251 1023 443 1066 eorum,
471 1023 599 1065 quae
623 1008 753 1053 intra
788 1008 877 1054 hos
911 1016 1128 1065 quatuor
1163 1024 1357 1053 menses
1393 1008 1439 1053 in
1474 1008 1568 1053 hoc
1602 1024 1683 1053 no-

44 1095 148 1132 stro
173 1086 384 1143 collegio
409 1095 526 1132 acta
550 1085 768 1143 fuerunt,
803 1086 1024 1132 brebiter
1058 1085 1143 1132 tibi
1179 1102 1427 1143 exponam
1462 1086 1682 1143 nonulla,

46 1181 172 1222 quae
195 1180 306 1211 sese
332 1165 447 1210 mihi
471 1164 693 1210 offerunt
717 1165 999 1211 scribenda.

138 1242 201 1289 Et
223 1242 383 1300 primo
408 1242 622 1300 quidem,
649 1252 817 1288 tantus
842 1242 931 1287 fuit
962 1257 1199 1288 numerus
1234 1258 1424 1298 eorum,
1462 1241 1541 1298 qui
1577 1257 1680 1298 pec-

49 1328 164 1366 cata
198 1335 289 1365 sua
323 1319 557 1366 Patribus
591 1320 822 1366 reuelare
856 1320 1139 1377 cupiebant,
1180 1330 1230 1364 vt
1264 1335 1414 1376 saepe
1454 1335 1687 1364 necesum

48 1397 197 1443 fuerit
220 1397 267 1442 in
296 1397 429 1442 aliud
464 1407 660 1454 tempus
693 1396 1031 1443 confessiones
1067 1396 1262 1455 differe,
1300 1397 1459 1442 donec
1493 1396 1685 1442 confes-

49 1475 115 1521 sis
140 1475 264 1529 aliis,
291 1475 611 1532 sequentibus
636 1475 775 1521 locus
799 1475 1024 1521 daretur.

136 1552 236 1599 Sed
260 1569 371 1599 cum
394 1552 638 1599 Dominus
662 1563 834 1599 noster
856 1552 951 1598 hac
977 1552 1023 1597 in
1048 1568 1103 1598 re
1123 1552 1386 1609 plurimum
1406 1551 1685 1597 misericor-

26 1631 175 1677 diam
200 1646 341 1677 suam
366 1631 630 1677 ostendere
654 1631 827 1677 solitus
851 1630 929 1688 sit,
957 1631 1192 1676 nonnulla
1229 1631 1518 1686 recensebo,
1557 1645 1684 1686 quae

46 1709 93 1754 in
148 1708 542 1755 confessionibus
599 1717 892 1755 euenerunt.
949 1708 1282 1766 [Exemplum
1334 1723 1495 1754 amma
1544 1709 1685 1753 omit-

46 1786 242 1844 timus]

134 1863 278 1910 Alius
312 1879 435 1910 uero
470 1864 623 1910 Pater
663 1864 843 1909 multos
879 1863 1081 1921 audiuit,
1119 1863 1270 1910 totius
1310 1863 1441 1908 uitae
1477 1871 1686 1920 peccata

47 1940 352 1987 confitentes.
378 1941 514 1987 Idem
539 1941 687 1988 etiam
711 1941 815 1999 ipse
840 1951 1053 1999 quatuor
1078 1941 1300 1986 homines
1332 1940 1578 1998 conuenit,
1606 1940 1685 1998 qui

47 2035 143 2065 non
167 2019 390 2076 legitimo
415 2035 587 2065 amore
612 2019 1005 2078 delectabantur3
1036 2035 1211 2065 verum
1234 2028 1561 2075 posteaquam
1586 2018 1685 2062 ani-

48 2113 159 2143 mae
184 2112 305 2143 suae
338 2091 665 2143 confessionis
689 2106 1109 2155 praesentaneum
1143 2097 1418 2142 remedium
1453 2095 1685 2141 adhibue-

48 2185 177 2232 runt,
205 2184 355 2232 atque
375 2174 672 2221 dominicum
697 2190 881 2232 corpus
904 2183 1240 2232 sumpserunt,
1268 2174 1436 2219 statim
1461 2189 1548 2229 per
1573 2189 1686 2218 eun-

51 2252 161 2298 dem
186 2251 389 2299 Patrem
414 2253 649 2299 effectum
673 2264 763 2310 est,
790 2261 843 2298 ut
871 2252 971 2298 vita
995 2253 1041 2298 in
1064 2252 1238 2298 melius
1269 2260 1480 2307 mutata,
1508 2266 1685 2296 concu-

48 2329 190 2375 binas
215 2345 245 2375 a
267 2346 320 2376 se
344 2330 520 2388 procul
544 2330 860 2387 repellerent.

109 2407 150 2453 2.
217 2407 384 2465 Aliqui
408 2417 676 2465 praeterea
694 2407 902 2454 Patrum
921 2408 1087 2454 uocati
1106 2407 1324 2464 fuerunt,
1347 2414 1399 2451 ut
1418 2404 1686 2451 confessio-

0 2534 1 2542 ,
50 2501 136 2531 nes
160 2485 390 2532 audirent
413 2502 605 2543 eorum,
633 2486 714 2543 qui
748 2486 796 2531 in
830 2501 1038 2532 carcere
1073 2485 1438 2539 detinebantur,
1476 2499 1686 2540 quarum

0 2546 1 2576 ἶ
51 2564 282 2609 nonullae
305 2565 572 2620 generales
595 2564 813 2622 fuerunt,
842 2564 1034 2621 quibus,
1062 2563 1153 2609 etsi
1178 2577 1391 2619 corpore
1428 2561 1576 2607 uincti
1612 2577 1685 2606 re-

51 2649 357 2696 manserunt,
385 2641 603 2687 animam
627 2650 794 2687 tamen
819 2657 849 2687 a
873 2641 1080 2686 uinculis
1106 2640 1397 2686 liberarunt.

109 2717 153 2762 3.
220 2717 325 2764 Nec
348 2719 528 2764 tacebo
553 2718 749 2776 quidem
772 2718 886 2776 quid
910 2718 990 2764 alii
1016 2717 1193 2763 Patres
1218 2716 1446 2772 fecerint,
1475 2731 1685 2774 quorum

52 2809 175 2841 unus
199 2811 354 2841 causa
376 2794 484 2853 fuit,
510 2807 560 2842 ut
585 2796 738 2842 multa
762 2796 891 2842 male
914 2804 1062 2853 parta
1088 2794 1490 2840 restituerentur.
1523 2793 1687 2839 Etiam

53 2881 100 2917 et
123 2872 249 2918 alius
272 2872 458 2929 effecit,
485 2888 597 2919 curn
631 2873 706 2919 uir
741 2873 940 2930 quidam
975 2871 1152 2918 nobilis
1186 2871 1336 2917 alium
1373 2871 1485 2917 odio
1520 2886 1688 2927 prose·

54 2959 306 3008 queretur,
333 2961 384 2996 ut
407 2950 678 2997 amicitiam
702 2950 961 3007 pristinam
985 2950 1131 2994 ambo
1155 2948 1475 2994 resarcirent.
1513 2948 1686 3005 Neque

53 3025 164 3073 huic
187 3028 398 3086 negocio
423 3028 690 3074 admodum
708 3027 941 3073 dissimile
965 3035 1055 3083 est,
1078 3027 1207 3084 quod
1227 3026 1407 3072 iterum
1428 3026 1549 3083 egit;
1572 3041 1686 3071 nam

160 3122 327 3152 LITTERAE
346 3123 644 3157 QUADR1MESTRES.
667 3127 754 3152 TOM.
778 3122 816 3151 V.
1548 3121 1582 3147 43
