1909 3328
219 252 288 288 910
685 249 904 284 LITTERAE
931 248 1287 293 QUADRIMESTRES

172 363 260 403 per
284 362 372 390 nos
398 345 595 401 operari
621 344 851 400 dignatus
885 353 974 400 est,
1003 359 1130 400 quae
1155 344 1245 389 etsi
1270 344 1435 389 tenuia
1459 345 1570 398 sint,
1596 361 1691 390 non
1727 354 1795 390 ta-

172 441 277 469 men
315 438 481 467 sumus
518 421 667 467 nescii
703 421 814 477 quin
851 437 910 466 ea
945 437 1137 478 quoque
1162 421 1221 466 R.
1250 421 1303 466 P.
1331 421 1389 467 T.
1417 422 1506 467 sibi
1542 432 1797 478 comperta

172 516 279 546 esse
306 500 437 555 velit,
465 515 560 555 quo
596 498 836 543 Dominus
871 497 1007 543 Deus
1041 508 1138 543 tam
1174 499 1219 543 in
1256 499 1423 555 paruis
1457 514 1602 555 quam
1628 499 1673 543 in
1697 516 1796 544 ma-

170 578 279 634 gnis
310 576 448 621 donis
478 574 749 632 glorificari
785 584 949 631 queat3
978 591 1273 632 quamquam
1309 575 1526 621 fortasse
1550 577 1678 622 istud
1700 593 1799 622 non

170 653 547 699 existimandum
583 663 658 697 est
694 654 904 709 vulgare
938 652 1032 697 Dei
1068 654 1263 709 donum,
1291 653 1419 709 quod
1454 654 1681 699 iuuentus
1715 670 1796 699 no-

170 739 303 774 strae
328 729 437 774 fidei
466 729 752 774 concredita
777 738 877 774 tam
909 729 1128 785 insignes
1152 729 1303 775 faciat
1327 730 1372 774 in
1398 730 1551 775 literis
1575 741 1622 776 et
1647 730 1795 787 pieta-

169 816 215 851 te
256 822 573 863 progressus7
610 806 871 851 eliminatis
909 806 1102 852 interim
1142 807 1394 852 radicitus
1427 808 1699 865 erroribus,
1736 823 1797 853 ac

167 883 594 938 ambiguitatibus,
643 882 817 939 quibus
857 899 918 928 ex
957 884 1169 929 aliorum
1208 884 1512 940 perditorum
1547 885 1796 932 hominum

170 959 472 1004 institutione
496 959 665 1005 imbuti
691 970 850 1017 erant,
878 961 1087 1006 omnino
1111 962 1427 1019 profligatis,

227 1037 268 1082 2.
336 1036 466 1093 Quid
487 1037 661 1082 attinet
685 1052 1083 1083 commemorare
1108 1039 1165 1083 de
1189 1054 1410 1096 numero,
1433 1040 1511 1096 qui
1531 1040 1657 1085 adeo
1683 1056 1794 1097 quo-

166 1114 281 1159 tidie
317 1114 361 1159 in
397 1114 687 1159 immensum
718 1115 979 1172 excrescit,
1009 1125 1060 1162 ut
1083 1117 1222 1162 nobis
1246 1117 1442 1173 saepius
1468 1117 1527 1162 de
1550 1118 1692 1163 nouis
1717 1134 1795 1164 ae—

135 1238 139 1239 .
167 1191 309 1237 dibus
339 1192 687 1248 comparandis
721 1203 806 1237 aut
841 1192 1172 1239 conducendis
1205 1194 1337 1239 serio
1371 1196 1691 1252 cogitandum
1716 1197 1792 1242 sit.

168 1268 231 1314 Et
255 1278 307 1314 ut
331 1279 561 1314 caeteros
585 1270 807 1314 omittam
843 1271 922 1326 qui
958 1286 1020 1316 ex
1054 1280 1267 1328 utraque
1302 1270 1574 1318 Germania
1609 1273 1671 1318 ad
1705 1289 1795 1318 nos

166 1346 481 1402 glomeratim
505 1346 772 1398 confluunt.
810 1347 990 1403 elapsis
1024 1348 1211 1405 aliquot
1244 1349 1530 1405 septimanis
1563 1351 1792 1396 sollicita-

167 1423 235 1468 uit
258 1439 353 1468 non
379 1424 694 1469 mediocriter
728 1440 816 1469 nos
850 1424 975 1470 filius
1010 1426 1266 1472 cuiusdam
1301 1427 1493 1473 comitis
1517 1428 1562 1472 in
1587 1427 1794 1474 Geldria

164 1501 277 1558 (qni
307 1501 422 1558 regi
453 1501 678 1559 Angliae
712 1504 723 1526 ¹
761 1507 836 1547 est
869 1518 900 1547 a
937 1504 1187 1559 consiliis)
1222 1514 1273 1549 ut
1308 1505 1461 1560 possit
1495 1505 1540 1549 in
1572 1517 1793 1551 nostrum
1861 1517 1863 1520 ⁴

166 1579 448 1623 conuictum
483 1579 690 1624 admitti.
727 1579 960 1625 quenem
993 1597 1088 1638 ego
1123 1582 1302 1638 optime
1336 1584 1400 1628 ab
1433 1583 1620 1641 aliquot
1654 1584 1793 1629 annis

165 1657 296 1708 noui,
334 1657 472 1701 cuius
507 1657 685 1702 vultus·
707 1658 969 1714 angelicus
990 1665 1007 1685 ³
1038 1674 1229 1704 morum
1264 1661 1603 1717 integritatem
1638 1663 1793 1718 probe

165 1733 409 1789 exprimit.

222 1808 265 1854 3.
330 1809 437 1875 Nec
475 1810 569 1855 hoc
606 1810 800 1856 silentio
834 1811 1181 1858 inuoluendum
1221 1829 1329 1859 esse
1374 1815 1619 1869 existimo,
1663 1817 1793 1872 quod

165 1886 300 1931 circa
338 1886 516 1932 festum
551 1887 823 1933 natiuitatis
848 1889 1046 1935 Domini
1082 1890 1149 1936 ita
1184 1891 1412 1937 iuuentus
1436 1903 1608 1939 nostra
1633 1905 1790 1940 cater-

165 1964 317 2008 uatim
357 1964 419 2008 ad
459 1964 823 2011 confessionem
856 1956 904 2011 et
939 1981 1136 2012 sacram
1173 1970 1568 2015 communionem
1599 1986 1693 2016 non
1718 1987 1790 2017 se-

165 2056 251 2086 cus
277 2053 422 2098 atque
446 2043 508 2086 ad
532 2042 704 2098 epulas
728 2043 980 2100 confluxit,
1009 2060 1194 2100 magna
1217 2061 1328 2091 cum
1353 2047 1500 2092 animi
1525 2048 1790 2094 alacritate

164 2133 224 2163 ac
263 2134 357 2163 non
396 2118 571 2174 impari
611 2120 775 2165 cordis
816 2119 1014 2176 pietate;
1058 2124 1381 2178 quamobrem
1426 2134 1686 2180 parentum
1730 2141 1790 2171 ac

164 2196 372 2241 aliorum
413 2196 618 2253 animos,
656 2212 768 2242 cum
802 2198 864 2243 ob
897 2198 1135 2244 scientiae
1169 2208 1272 2245 tum
1307 2202 1369 2247 ob
1402 2201 1600 2258 pietatis
1633 2203 1788 2249 incre-

164 2282 398 2329 mentum,
426 2273 472 2318 in
496 2274 877 2320 admirationem
911 2276 1220 2331 pertrahunt.
1247 2277 1353 2323 Nec
1388 2279 1535 2335 pudet
1568 2279 1678 2325 illos
1712 2296 1786 2326 ro-

164 2349 298 2394 saria
323 2350 470 2407 (quod
505 2351 581 2396 hic
614 2350 719 2396 fere
753 2350 947 2396 ludibrii
971 2352 1081 2397 loco
1105 2353 1318 2411 ducitur)
1342 2363 1428 2400 aut
1451 2356 1676 2401 manibus
1706 2372 1788 2414 ge-

164 2437 298 2473 stare
323 2438 408 2473 aut
432 2429 641 2485 cingulis
665 2444 885 2485 appensa
908 2429 1236 2476 circumferre
1260 2440 1346 2477 aut
1370 2447 1479 2478 sese
1503 2433 1788 2490 imaguncu-

164 2505 324 2550 larum
350 2521 441 2550 vsu
468 2506 789 2552 vehementer
812 2506 1081 2552 oblectare.

220 2583 264 2627 4.
330 2582 602 2629 Praeterea
638 2583 864 2640 quamuis
898 2583 992 2629 sint
1027 2593 1193 2631 aetate
1230 2587 1590 2644 prouectioreS‚
1622 2599 1802 2634 tamen.

163 2659 455 2713 germanica
489 2659 802 2716 simplicitate
825 2660 1050 2718 praediti,
1077 2661 1139 2706 ad
1174 2663 1421 2718 quaelibet
1454 2663 1594 2709 iuxta
1625 2665 1786 2722 profli-

164 2745 398 2790 gatorum
436 2735 685 2782 hominum
719 2752 982 2783 censuram
1016 2739 1380 2795 contemptiora
1413 2749 1500 2786 aut
1532 2742 1786 2787 execrabi-

210 2877 228 2896 a
276 2872 387 2907 velut
406 2872 556 2918 angeli.

211 3002 221 3019 ¹
273 3000 332 3037 Ita
351 3002 550 3048 appellari
570 3003 731 3040 videtur
748 3004 823 3040 hoc
840 3004 928 3040 loco
946 3002 1159 3050 Philippus
1176 3003 1225 3046 II.
1245 3003 1480 3052 ,Hispaniae
1507 3018 1591 3051 rex,
1621 3008 1672 3044 ob
1699 3009 1805 3055 eius..
1873 3028 1877 3035 .

163 3071 330 3096 uxorem
349 3060 539 3104 Mariam,
559 3061 744 3108 Angliae
762 3063 965 3110 reginam.

1876 3058 1899 3091 'esf
