1900 3380
592 192 915 231 171.—C0L0N1A
940 192 982 229 31
1012 190 1121 240 MAJt
1153 192 1243 229 1558
1620 191 1689 228 687

99 289 336 335 Societati
362 289 576 335 maxime
602 305 756 335 curae
781 290 891 348 sint,
919 299 1019 335 tum
1043 290 1181 335 solae
1206 288 1564 346 perfectionem
1600 289 1734 334 adfe-

99 376 228 425 runt,
265 367 596 413 obedientiam
633 369 758 425 dieo,
796 377 844 413 et
877 368 950 413 sui
985 368 1031 412 in
1070 367 1298 413 omnibus
1332 367 1734 423 abnegationem,

97 445 332 491 adiuncta
356 444 604 502 profunda
628 445 921 503 humilitate,
949 446 1052 491 sine
1077 461 1175 502 qua
1199 444 1314 490 nihil
1348 444 1543 490 firmum
1580 444 1736 490 consi-

97 523 178 568 stit
210 526 244 569 a.
283 523 411 569 Tres
445 534 557 568 sunt
590 523 717 568 inter
752 524 861 568 illos
895 524 975 580 qui
1011 523 1327 580 subsequenti
1363 522 1642 568 Februario
1674 521 1736 567 ad

97 600 309 657 gradum
345 600 623 657 magisterii
658 601 999 646 admittentur.
1041 600 1291 646 Henricus
1325 600 1662 646 dionantensis
1703 601 1733 657 ¹,

97 677 275 723 Petrus
300 678 598 723 coloniensis
622 679 637 702 2
672 687 720 724 et
755 678 1058 724 Franciscus
1091 677 1407 735 Hemerqus,
1446 693 1535 723 sex
1569 687 1737 723 autem

99 755 177 800 vel
201 764 390 811 septem
428 754 473 799 in
508 754 638 800 festo
674 756 890 801 omnium
926 766 1213 801 sanctorum
1247 755 1567 801 baccalaurei
1599 770 1737 801 crea-

98 832 294 889 buntur,
322 831 394 877 his
419 832 546 878 enim
570 833 812 889 gradibus
837 833 913 878 hic
937 832 1281 889 magisterium
1306 833 1506 890 petitur.

158 909 199 955 2.
268 908 600 956 Conuictores
624 918 672 956 et
696 910 949 956 domestici
975 910 1175 956 circiter
1197 910 1256 956 60
1286 920 1415 968 sunt,
1442 920 1529 956 aut
1552 925 1611 955 eo
1636 925 1738 955 am-

99 986 241 1043 plius,
284 1002 494 1043 quorum
534 1003 771 1033 numerus
807 987 852 1032 in
887 987 991 1033 dies
1026 987 1094 1033 ita
1128 988 1275 1033 sumit
1309 996 1648 1044 augmentum,
1687 996 1739 1032 vt

97 1063 364 1121 collegium
390 1063 451 1109 ad
476 1074 668 1110 tantam
693 1064 1051 1110 multitudinem
1077 1065 1371 1121 capiendam
1396 1081 1492 1110 non
1523 1063 1739 1110 sufficiat

100 1142 213 1198 quin
238 1157 500 1187 necessum
521 1139 686 1188 'fuerit
720 1142 846 1188 alias
880 1143 1029 1188 aedes
1063 1143 1347 1188 conducere
1382 1143 1427 1188 in
1462 1158 1586 1200 quas
1620 1158 1735 1187 non-

96 1220 213 1265 nulli
238 1220 532 1277 migrarent.
561 1220 855 1267 Deliberant
879 1221 926 1266 in
951 1230 1128 1267 senatu
1161 1221 1221 1266 de
1255 1221 1488 1277 augendo
1518 1221 1628 1266 loco
1652 1236 1734 1266 no—

100 1307 222 1354 stro,
250 1297 317 1343 ita
351 1298 482 1344 bono
517 1298 671 1343 odore
705 1298 860 1343 nostri
895 1298 1144 1355 gymnasii
1178 1299 1391 1355 permoti
1416 1308 1529 1344 sunt
1554 1314 1736 1343 omnes.

102 1374 436 1421 Conuictores
460 1391 631 1421 omnes
654 1375 836 1433 optime
861 1385 964 1421 tum
998 1376 1044 1421 in
1069 1376 1244 1434 literis,
1271 1385 1372 1421 tum
1398 1375 1443 1420 in
1469 1376 1652 1432 pietate
1676 1391 1736 1421 ac

102 1453 243 1498 bonis
267 1453 486 1499 moribus
512 1453 530 1480 b
554 1452 833 1510 proficiunt.
862 1453 1066 1499 Plurimi
1091 1469 1153 1499 ex
1179 1454 1252 1508 iis,
1293 1454 1371 1499 vel
1404 1453 1511 1500 fere
1546 1469 1734 1511 omnes,

100 1540 281 1577 octauo
307 1546 503 1588 quoque
528 1531 605 1577 die
630 1541 839 1588 peccata
858 1530 1174 1587 confitentur,
1197 1547 1396 1578 sacram
1416 1532 1645 1588 synaxim
1665 1547 1738 1576 re-

98 1608 351 1666 cipientes.
379 1608 546 1666 Atque
571 1609 616 1654 id
641 1619 815 1666 sponte
841 1619 889 1656 et
912 1625 1105 1656 summo
1131 1625 1244 1656 cum
1276 1610 1536 1667 desiderio,
1575 1620 1627 1655 vt
1661 1609 1738 1655 de-

98 1687 213 1732 beat
232 1681 380 1732 etiam
402 1686 531 1732 RQ
549 1687 630 1733 Pr.
652 1687 949 1734 Leonardus
968 1689 1214 1735 nonnullis
1233 1698 1335 1734 tam
1355 1689 1588 1734 crebram
1608 1704 1739 1734 com-

98 1765 378 1810 munionem
408 1765 690 1823 prohibere,
728 1766 910 1822 partim
946 1767 1009 1812 ob
1043 1776 1270 1812 teneram
1306 1766 1466 1812 adhuc
1501 1775 1737 1820 aetatem,

98 1842 278 1899 partim
304 1851 356 1888 vt
380 1858 439 1888 eo
464 1842 637 1888 feruor
661 1843 740 1889 ille
764 1844 810 1889 in
836 1844 1199 1890 sanctissimum
1224 1843 1408 1890 Christi
1434 1860 1615 1901 corpus
1640 1860 1738 1889 ma-

99 1919 175 1976 gis
197 1929 447 1976 augeatur
471 1926 510 1966 ⁰.
549 1920 741 1966 Videre
766 1930 840 1967 est
864 1921 993 1978 apud
1019 1921 1107 1967 hos
1139 1937 1338 1979 pueros,
1377 1922 1457 1978 qui
1492 1921 1628 1967 multi
1663 1921 1741 1967 hic

100 2006 379 2056 morantur,
407 1997 686 2043 mirandam
711 1998 962 2056 pietatem.
991 1999 1265 2045 Dominicis
1289 1999 1516 2045 omnibus
1535 2010 1582 2045 et
1601 1998 1741 2045 festis

100 2073 272 2119 diebus
306 2074 574 2131 impetrata
608 2073 628 2103 d
663 2075 800 2133 prius
834 2076 1050 2134 licentia,
1087 2077 1390 2123 conueniunt
1424 2077 1470 2122 in
1505 2077 1740 2122 sacellum

101 2151 183 2197 vbi
207 2166 398 2197 summa
422 2168 533 2198 cum
568 2152 836 2199 deuotione
873 2169 1114 2211 vesperas
1149 2155 1343 2212 ipsimet
1376 2154 1504 2199 inter
1539 2170 1591 2199 se
1626 2169 1738 2199 can-

101 2238 208 2275 tant
231 2238 280 2275 et
303 2231 616 2276 ceremonias
640 2246 810 2277 omnes
833 2232 1068 2278 adhibent
1093 2247 1217 2289 quas
1242 2231 1510 2288 aliquando
1545 2232 1592 2277 in
1622 2240 1740 2277 tem-

102 2306 192 2363 plis
216 2306 448 2352 viderunt
472 2308 751 2354 obseruari:
778 2318 827 2354 et
850 2309 889 2354 si
912 2309 1110 2366 quando
1130 2309 1224 2355 ista
1244 2309 1457 2354 faciendi
1476 2307 1742 2354 difficulter

104 2383 299 2428 veniam
325 2384 562 2442 obtinent,
593 2385 675 2430 vix
699 2395 899 2431 cessant
923 2395 1089 2432 tamen
1121 2396 1387 2443 antequam
1422 2386 1741 2442 impetratum

102 2460 180 2515 sit,
208 2461 288 2506 vel
312 2477 551 2518 vesperas
576 2478 687 2508 cum
717 2463 944 2509 laudibus
968 2472 1017 2509 et
1051 2463 1379 2521 completorio
1414 2463 1475 2508 D.
1513 2463 1742 2520 Virginis

103 2538 455 2595 permittantur
478 2550 702 2586 cantare:
729 2550 778 2587 et
803 2541 917 2598 quia
941 2541 1080 2599 pueri
1106 2550 1216 2587 sunt
1247 2556 1419 2586 omnes
1443 2541 1534 2598 (11,
1562 2541 1739 2587 duode-

150 2693 170 2712 a
220 2694 255 2731 A
275 2705 339 2732 vv.
361 2706 433 2731 nos
453 2693 575 2731 etiam
595 2694 756 2732 desunt
773 2696 820 2732 in
839 2694 1029 2741 HANSEN,
1050 2695 1317 2733 Rheim'sche
1334 2694 1487 2742 Akten,
1508 2694 1608 2733 305.

34 2754 37 2758 ’
106 2753 172 2781 -b
217 2754 310 2801 Seq.
331 2765 371 2791 v.
393 2754 565 2791 multum
585 2754 718 2792 oblz'tt.
772 2762 835 2782 —C
880 2755 914 2792 A
935 2766 1002 2792 vv.
1024 2756 1121 2802 quin
1141 2767 1356 2791 necessum
1379 2765 1465 2792 nou
1484 2759 1591 2793 sunt
1620 2758 1666 2794 in
1686 2756 1739 2794 H.

106 2812 171 2840 -d
215 2813 354 2851 Prius
372 2813 524 2851 habita.

155 2959 164 2977 ¹
216 2957 422 2995 Henricus
439 2957 659 2996 Somalius.

153 3018 166 3037 ²
216 3017 363 3055 Petrus
382 3017 600 3066 Hauptius.
