1910 3380
585 326 847 362 fflffipfflffl
880 326 914 361 11
952 335 1054 372 JUNH
1085 325 1174 361 1557
1583 324 1653 361 265

66 438 154 480 pro
195 422 371 477 forma,
409 431 457 466 et
498 430 548 465 ut
586 421 823 477 paulatim
858 420 1056 475 linguae
1096 419 1276 464 latinae
1311 430 1699 475 praegustarem

65 514 220 552 usum,
257 508 306 543 et
339 498 627 554 parentibus
661 498 843 554 aliquid
878 497 1036 542 maius
1071 496 1446 552 pollicerentur,
1480 497 1568 540 has
1603 497 1696 552 epi-

66 575 485 631 stolasaaudirent.
511 573 820 630 Cuperemus
840 574 963 618 mitti
983 573 1124 618 nobis
1144 572 1433 617 Terentium
1456 588 1697 628 repurga-

64 664 165 697 tum
189 652 260 708 (ut
292 652 570 708 opinamur)
605 667 634 696 a
668 651 729 696 R.
768 651 917 695 Patre
953 650 1132 695 Frusio
1158 650 1267 706 piae
1303 650 1589 706 memoriae,
1618 665 1694 694 co-

65 729 282 775 moedias
316 729 423 785 pias
457 738 504 774 et
534 729 777 784 dialogos:
807 729 967 785 illlum,
995 729 1226 785 inqztcmz,
1254 728 1343 784 qni
1365 727 1700 784 luzhl'tnssm't

66 821 97 851 a
142 807 331 851 nostris
375 807 426 851 2⁰12
471 806 748 851 natiztz'ttzte
793 805 1006 861 Christi,
1049 805 1133 849 sni
1176 804 1578 849 [azsrodnczmtzscr
1607 805 1696 861 slt—

64 883 240 939 delens,
265 883 494 939 gentilis,
519 883 879 939 philosophus.
907 886 1016 937 etex,
1044 882 1341 939 similesque
1368 889 1400 937 ³,
1428 881 1510 937 qui
1544 881 1697 937 pieta-

64 969 161 1006 tem
185 959 348 1005 facete
373 960 601 1016 doceant,
623 961 784 1016 potius
809 975 956 1015 quam
980 960 1068 1004 hos
1093 959 1315 1003 homines
1339 959 1475 1003 circa
1499 967 1698 1003 contro-

63 1052 210 1083 uersa
233 1037 510 1082 mordeant:
533 1038 662 1094 quod
681 1037 795 1082 alibi
815 1037 998 1082 scimus
1023 1037 1223 1082 liberius
1248 1052 1392 1092 posse
1417 1035 1524 1081 fieri
1553 1051 1697 1092 quam

63 1114 155 1171 hic,
182 1114 263 1158 ubi
288 1114 432 1170 pauci
466 1124 578 1159 sunt
611 1130 707 1159 non
743 1114 981 1170 corrupti,
1009 1113 1106 1158 imo
1138 1113 1266 1158 inter
1297 1122 1473 1169 gentes
1497 1128 1606 1158 esse
1631 1113 1698 1157 ui-

64 1191 252 1249 demur,
279 1192 404 1237 adeo
429 1200 542 1236 sunt
564 1191 730 1236 omnia
753 1190 1186 1248 superstitionibus
1211 1190 1288 1235 hic
1313 1189 1496 1247 labique
1530 1189 1691 1246 plena.

120 1268 162 1314 2.
231 1269 477 1325 Magister
516 1268 764 1314 Henricus
798 1270 811 1292 1
848 1268 1226 1313 concionabitur
1265 1283 1437 1312 coram
1477 1267 1697 1324 principe

65 1345 139 1390 die
163 1345 406 1390 dominico
431 1345 676 1402 proximo,
698 1361 843 1402 quem
864 1345 1017 1390 uoluit
1041 1344 1229 1389 audire.
1249 1342 1301 1389 Si
1326 1344 1558 1400 placeant
1582 1359 1696 1406 con-

64 1421 243 1479 ciones,
272 1423 487 1480 uelitque
521 1439 633 1468 eum
667 1422 954 1468 concionari
988 1421 1195 1478 singulis
1220 1421 1390 1466 diebus
1423 1420 1694 1477 dominicis,

64 1498 211 1544 alium
236 1500 482 1555 oportebit
520 1499 677 1557 nobis,
705 1499 751 1544 id
785 1508 875 1557 est,
912 1508 1117 1544 nostrae
1152 1498 1395 1543 ecclesiae
1429 1513 1692 1554 quaerere,

65 1576 142 1633 qui
166 1576 352 1621 utinam
389 1576 628 1622 bohemus
662 1591 771 1622 esse
794 1576 966 1632 possit,
995 1576 1075 1632 qui
1099 1576 1239 1620 breui
1263 1574 1427 1620 Roma
1449 1575 1692 1619 mittatur.

65 1652 368 1709 Florianum,
386 1653 466 1710 qui
481 1653 720 1698 hactenus
736 1653 783 1698 in
800 1652 981 1698 scholis
997 1652 1163 1708 pueris
1179 1651 1413 1708 praefuit,
1432 1651 1696 1696 statuimus

67 1730 382 1775 concionibus
405 1730 526 1776 dare
551 1746 756 1787 operam
789 1729 1108 1787 germanicis,
1135 1729 1378 1786 simulque
1412 1728 1696 1774 rhetoricae

67 1807 357 1864 quibusdam
380 1808 516 1853 horis
538 1807 587 1852 in
611 1807 705 1864 die,
732 1823 1012 1865 curareque
1047 1817 1098 1852 ut
1132 1807 1340 1863 singulis
1365 1807 1535 1852 diebus
1559 1822 1588 1851 a
1611 1822 1696 1851 no-

67 1884 192 1930 uitiis
226 1901 313 1941 per
346 1885 521 1930 horam
556 1885 726 1930 audiat
760 1885 1115 1930 catechismum
1151 1884 1437 1941 recitantes,
1475 1892 1523 1928 et
1560 1883 1694 1928 illum

0 2009 3 2013 ,
65 1961 231 2007 iisdem
265 1962 478 2019 explicet
508 1962 821 2019 regulasque
853 1961 1186 2018 sz'tzgltlormn
1219 1975 1337 2006 cum
1370 1961 1583 2006 lectione
1624 1974 1697 2004 re-

62 2038 313 2095 gularum
363 2039 714 2084 communium
765 2038 1053 2083 Socz‘etatis.
1100 2037 1298 2094 Aliique
1348 2038 1537 2083 fratres
1587 2052 1698 2083 sese

66 2126 299 2160 exercent
321 2116 415 2160 hoc
439 2116 602 2171 modo,
624 2124 684 2168 ut,
700 2115 899 2171 quidam
923 2115 1013 2160 sibi
1033 2114 1255 2172 deligant
1278 2115 1487 2172 aliquos,
1510 2115 1589 2171 qui
1611 2130 1696 2160 eos

67 2191 362 2237 mortificent
384 2202 433 2237 et
456 2193 501 2237 in
527 2192 801 2237 humilitate
825 2201 1113 2237 exerceant.

83 2282 89 2290 ·
120 2267 163 2313 3.
229 2268 459 2326 ¹Quidam,
483 2269 667 2326 frater
702 2268 1139 2326 viennensisfecit
1174 2274 1333 2325 saepe
1371 2272 1599 2313 tentatus
1632 2267 1698 2312 (le

67 2344 324 2390 redeundo
361 2345 624 2391 Viennam.
674 2347 853 2390 Verum
889 2346 995 2390 lam
1030 2345 1168 2389 mallo
1204 2345 1353 2390 modo
1385 2345 1497 2389 nult
1526 2358 1694 2389 rener-

71 2421 120 2466 τί.
165 2421 307 2467 Dicit
348 2423 485 2468 enim
511 2422 720 2480 fratres
763 2423 1071 2467 viennenses
1113 2427 1233 2466 siml
1278 2422 1434 2467 nimis
1474 2422 1694 2479 delicati,

68 2511 160 2554 ego
204 2499 316 2544 nolo
355 2500 569 2545 solidior
591 2500 735 2557 fieres,
783 2503 903 2544 ante
941 2513 1099 2556 quam
1138 2504 1377 2544 reuertar
1428 2499 1692 2544 Wennam.

69 2572 211 2619 Foris
235 2577 528 2632 quandoque
552 2585 853 2621 exercentur
887 2576 1074 2621 fratres
1098 2576 1144 2621 in
1169 2576 1421 2632 patientia.
1450 2574 1540 2620 His
1565 2576 1696 2621 enim

69 2649 236 2697 diebus
270 2653 503 2708 colaphis
542 2653 799 2710 infractis,
839 2668 949 2697 cum
984 2652 1028 2697 in
1067 2653 1270 2698 ciuitate
1295 2651 1433 2696 multi
1464 2652 1696 2697 adessent

114 2805 131 2826 ὃ
176 2799 228 2836 In
256 2802 578 2847 margine-alia
607 2812 745 2838 manet
773 2802 880 2838 haec
906 2801 1066 2838 addita
1088 2801 1293 2846 fuerant.-
1321 2799 1471 2836 adferri
1503 2813 1696 2848 rogamus

71 2856 189 2895 etiam
211 2858 373 2896 Patrum
391 2860 605 2906 hystorias,
626 2860 667 2899 id
682 2865 755 2906 est,
772 2859 893 2897 Vitas
913 2866 1143 2896 sanctorum
1164 2871 1235 2905 per
1250 2859 1483 2906 episcopum
1498 2872 1697 2896 veronen-

68 2926 164 2962 sem;
193 2918 382 2964 epistolas
408 2919 453 2956 S.
482 2919 709 2956 Katherine
737 2920 786 2956 de
815 2918 935 2956 Senis
963 2919 1101 2963 latine;
1132 2917 1252 2954 Vitas
1278 2918 1447 2955 Patrum
1478 2918 1696 2956 heremita-

69 2985 168 3021 rum;
188 2987 299 3023 quae
317 2980 449 3015 etz'mn
469 2979 611 3016 deleta
630 2982 748 3015 sunt.

116 3120 126 3138 ¹
175 3119 220 3158 P.
244 3120 442 3158 Henricus
461 3121 714 3165 Blissemius,
733 3122 965 3168 theologiae
988 3123 1130 3157 lector.
