1900 3380
455 282 796 321 207.—PAN0RM0
821 281 868 321 25
894 281 1100 321 OCTOBRIS
1132 284 1224 321 1558
1541 282 1612 322 849

36 384 283 439 beranteS‚
311 393 358 428 et
381 399 538 441 nuper
561 385 753 442 puellae
778 385 973 431 cuidam
1007 401 1199 443 egenae
1233 385 1296 432 ad
1314 385 1569 443 religionis
1592 386 1658 432 in-

33 476 256 519 gressum
281 461 544 519 octoginta
569 477 756 508 aureos
777 469 795 490 ³
822 479 1015 509 summa
1038 480 1149 510 cum
1172 464 1419 510 charitate
1437 463 1657 521 suppedi-

32 546 214 584 tarunt.
241 537 349 583 Sed
368 538 506 596 quod
525 540 828 586 mirandum
847 541 1038 598 magis,
1060 541 1297 598 ipsaemet
1315 556 1462 598 saepe
1482 556 1659 598 panem

32 615 78 661 in
102 615 386 661 alimentum
411 631 686 673 pauperum
710 617 923 675 pinsere,
956 627 1005 664 et
1029 617 1282 675 religionis
1315 617 1497 676 officia,
1534 633 1659 676 quae

31 691 146 738 uilia
180 692 388 738 mundus
419 693 568 752 ducit,
596 710 836 741 exercere
869 711 966 741 non
1001 705 1299 753 grauantur‚
1337 695 1659 741 confessionis

32 778 79 816 et
102 770 460 816 communionis
484 783 804 818 sacramenta
827 772 1033 830 singulis
1053 772 1309 818 dominicis
1333 787 1524 818 summa
1548 788 1659 818 cum

31 847 213 905 pietate
236 847 568 905 frequentant.
597 849 788 906 Quibus
814 851 963 896 rebus
988 849 1066 907 (ne
1091 850 1180 895 sim
1203 865 1365 907 aequo
1400 849 1659 908 prolixior)

32 924 208 970 mirum
247 939 394 981 quam
433 925 581 970 diuini
602 926 763 972 cultus
802 942 945 972 arnor
978 935 1225 973 acrescat.
1264 925 1442 973 Gloria
1480 927 1540 973 sit
1574 926 1656 972 uni

32 1001 157 1059 Deo,
215 1001 292 1047 cui
341 1001 570 1059 quicquid
624 1003 864 1049 habemus
916 1004 1049 1061 boni,
1101 1012 1355 1061 tamquam
1405 1003 1660 1050 donorum

32 1078 247 1124 omnium
272 1079 617 1126 liberalissimo
641 1080 660 1107 ¹³
691 1089 954 1137 acceptum
978 1080 1237 1127 ferendum
1262 1090 1352 1127 est.

86 1156 130 1203 5.
196 1157 342 1203 Haec
364 1158 470 1203 sint
491 1158 646 1214 satis,-
668 1158 953 1204 modestiae
976 1159 1267 1216 enimfmes
1290 1158 1581 1216 egrederer,
1614 1157 1664 1203 si

29 1234 153 1280 milii
173 1235 351 1281 omnia
373 1235 647 1293 seguinum
672 1239 843 1281 essent
864 1236 1184 1281 enarranda.
1212 1235 1321 1281 Res
1344 1248 1466 1281 uero
1489 1235 1659 1280 litera-

31 1311 127 1370 ria,
168 1325 232 1357 ne
264 1312 326 1357 de
363 1313 461 1358 liac
495 1318 713 1370 prorsus
750 1313 882 1359 nihil
916 1313 1114 1359 dixisse
1153 1313 1352 1369 uidear,
1403 1313 1661 1358 consuetis

31 1389 498 1447 exercitationibus,
526 1390 779 1447 uersibus,
817 1390 1050 1448 epistolis
1082 1404 1174 1436 nec
1207 1405 1309 1436 non
1344 1394 1393 1435 et
1420 1390 1661 1436 orationi-

30 1466 123 1513 bus
146 1468 515 1524 componendis
538 1472 895 1514 conseruatur.
927 1468 995 1514 At
1026 1468 1274 1526 discipicli
1304 1468 1461 1514 bonos
1493 1482 1663 1514 mores

31 1557 146 1590 cum
169 1544 331 1591 literis
354 1545 685 1603 coniungere,
713 1550 813 1603 pro
848 1546 994 1592 uirili
1023 1546 1239 1604 quisque
1270 1560 1371 1592 sua
1404 1546 1664 1602 lahorant;

31 1621 336 1680 illorumque
359 1637 625 1681 numerus,
660 1624 775 1669 licet
805 1624 1071 1682 nucusque
1099 1628 1319 1682 propter
1340 1624 1558 1683 infestos
1590 1624 1662 1670 ni-

31 1699 194 1746 mium
229 1701 427 1746 calores
464 1701 740 1748 mediocris
772 1702 955 1760 fuerit,
990 1703 1295 1760 augendum
1324 1702 1664 1748 nihilominus

31 1776 128 1823 hac
149 1777 442 1824 studiorum
462 1778 799 1825 innonatione
816 1784 1114 1836 speramus.
1136 1779 1242 1825 Sed
1257 1779 1561 1825 laetandum
1580 1792 1662 1823 no-

31 1853 107 1900 bis
129 1859 218 1912 est,
245 1855 384 1914 quod
398 1869 484 1901 eos
507 1855 664 1913 ip303‚
692 1856 782 1914 qui
803 1870 895 1902 nec
917 1856 1201 1902 admodum
1224 1856 1384 1912 pauci
1398 1860 1535 1913 sunt,
1562 1869 1663 1901 non

29 1931 235 1987 frustra
277 1937 483 1990 tempus
526 1934 820 1980 exercuisse
863 1939 1184 1992 compertmn
1221 1935 1311 1990 sit,·
1354 1934 1406 1979 in
1451 1934 1663 1991 collegio

32 2023 229 2068 quoque
253 2012 608 2070 imusquisque
631 2012 684 2058 in
708 2012 925 2058 comisso
948 2011 1048 2058 sibi
1069 2011 1132 2058 ab
1166 2011 1457 2057 obedientia
1488 2025 1664 2057 mune-

33 2099 88 2132 re
111 2086 388 2145 diligenter
403 2092 712 2147 strenueque
736 2103 792 2134 se
820 2089 976 2148 gerit.
1010 2088 1263 2146 Superest
1290 2102 1427 2134 nunc
1462 2091 1518 2133 ut
1548 2087 1664 2133 R.‘¹‘¹

33 2163 94 2210 P.
130 2163 178 2210 T.
205 2164 259 2210 in
285 2165 484 2211 sanctis
516 2166 837 2212 orationibus
869 2180 931 2212 ac
961 2166 1237 2224 sacrificiis
1270 2180 1363 2211 nos
1396 2169 1665 2210 aeternam

33 2240 123 2286 tibi
134 2241 482 2299 foelicitatem
511 2247 790 2300 precantes
821 2257 980 2302 quam
1014 2242 1304 2288 arctissime
1337 2241 1666 2288 comendatos

34 2318 233 2364 habeat.
269 2319 403 2365 Vale.
431 2319 630 2366 Octauo
655 2321 890 2367 calendas
909 2319 1212 2366 Nouembris
1235 2319 1302 2365 M.
1329 2319 1392 2364 D.
1418 2318 1602 2364 LVIII.

122 2395 405 2442 Admodum
429 2396 555 2442 Rflae
574 2397 667 2443 P.³t
689 2406 805 2444 tuae
828 2413 1008 2443 seruus
1032 2396 1230 2453 inutilis,

898 2504 1165 2552 GEORGIUS
1198 2504 1478 2550 MERCATUS
1512 2504 1542 2549 ¹.

80 2629 99 2650 a
147 2622 294 2660 dotem.
332 2622 398 2651 -b
429 2623 716 2662 liberalissimo
730 2624 928 2663 donatori.

81 2756 92 2776 ²
142 2755 188 2793 In
207 2755 491 2793 informatione
509 2755 674 2802 collegii
692 2755 964 2804 panormitani
982 2755 1134 2792 mensis
1154 2754 1336 2801 Augusti
1358 2755 1462 2799 1558,
1482 2756 1584 2793 haec
1610 2756 1666 2794 in-

35 2817 98 2851 ter
126 2815 208 2852 alia
234 2815 284 2852 de
311 2815 506 2863 epistolae
537 2821 704 2853 auctore
729 2816 919 2853 dicuntur
949 2815 1004 2860 (in
1038 2814 1174 2852 codice
1207 2814 1291 2852 Sic.
1324 2814 1394 2859 59,
1427 2828 1492 2853 nn.
1527 2815 1664 2862 78-79):

40 2874 155 2912 «MJO
173 2874 356 2922 Georgio
374 2874 572 2920 Mercato,
593 2875 632 2912 di
650 2875 855 2921 Palermo;
877 2876 1002 2912 dieta
1028 2874 1067 2911 di
1097 2874 1142 2911 18
1173 2874 1211 2911 in
1240 2874 1287 2911 20
1313 2875 1421 2921 anni;
1451 2875 1544 2922 lege
1573 2877 1667 2913 nela

36 2939 181 2981 quarta
206 2934 344 2971 schola
369 2934 580 2972 humanita
607 2940 647 2972 et
673 2947 808 2982 greco.
836 2935 904 2972 Ha
923 2936 1029 2972 lecto
1057 2934 1098 2971 in
1116 2933 1345 2981 Saragossa
1363 2935 1458 2971 nela
1476 2947 1667 2981 suprema

36 2993 173 3031 schola
191 3005 356 3042 apresso
374 2994 413 3031 di
431 3007 484 3031 vn
503 3007 608 3032 anno
626 3007 702 3032 con
720 2996 844 3033 molto
863 2998 1191 3032 contentamento
1211 2994 1292 3031 deli
1311 2993 1485 3031 scholari
1515 2999 1554 3031 et
1584 3006 1668 3032 cre-

37 3052 130 3091 dito.
158 3053 225 3091 Ha
250 3053 356 3091 bona
385 3054 555 3091 habilita
582 3060 621 3091 et
647 3055 727 3092 ben
752 3054 919 3092 fundato
946 3054 989 3091 in
1015 3054 1163 3091 lettere
1184 3053 1360 3091 humane
1381 3058 1422 3091 et
1439 3054 1609 3102 grechc,
1629 3054 1667 3091 le

9 3128 11 3130 ·
36 3113 156 3159 quale
186 3113 239 3150 ha
266 3113 465 3162 imparato
495 3115 591 3152 nela
618 3114 874 3162 Compagnia
904 3114 1007 3151 doue
1034 3114 1140 3151 intro
1167 3112 1206 3150 di
1236 3113 1279 3150 14
1304 3112 1413 3151 anni.
1442 3112 1513 3151 Ma
1540 3114 1591 3151 ha
1616 3126 1669 3151 vn

181 3195 349 3226 LITTERAE
367 3196 666 3231 QUADRIMESTRES.
688 3197 779 3226 ΤΟΜ.
801 3196 838 3226 V·
