1909 3328
272 281 341 317 ⁵³76
736 280 956 317 LITTERAE
984 279 1341 325 QUADRIMESTRES

286 380 325 421 2.
393 377 594 421 Plurimi
620 386 730 421 sunt
756 376 970 432 optimae
995 376 1095 432 spei
1122 376 1466 421 adolescentes
1490 374 1569 432 qui
1599 389 1653 419 se
1683 371 1848 419 Socie-

226 455 314 499 tati
339 454 569 498 addicere
593 468 904 509 summopere
931 452 1235 509 desiderant,
1263 467 1385 508 quos
1409 451 1481 496 his
1505 450 1752 507 principiis
1778 466 1851 495 re—

225 532 391 586 cipere
416 546 511 575 non
536 530 656 575 satis
681 540 856 587 tutum,
884 544 972 574 suo
996 539 1220 586 tempore
1246 528 1508 574 difficultas
1532 529 1656 573 haec
1688 527 1851 584 plures
1883 561 1887 564 -

224 623 333 651 cum
369 607 574 652 foenore
611 607 798 652 reddet.
836 606 975 651 Visis
1010 606 1073 650 illi
1107 606 1293 650 sanctis
1330 614 1710 662 praeceptorum
1744 619 1852 649 suo-

226 701 333 729 rum
368 684 586 729 moribus
623 683 693 740 (vt
730 684 844 729 mihi
879 683 1073 740 quidem
1110 683 1327 728 nonnulli
1359 697 1532 727 eorum
1558 681 1851 738 retulerunt)

227 770 504 806 mouentur.

283 838 325 883 3.
395 836 754 883 Conuictorum
794 851 1006 893 magnus
1051 851 1285 881 numerus
1324 835 1590 892 collegium
1629 843 1851 879 nostrum
1908 836 1909 893 j

225 915 487 972 plurimum
528 914 855 970 commendat,
898 914 1113 959 maxime
1154 928 1276 958 vero
1316 912 1505 957 nobiles
1538 912 1618 968 qui
1657 911 1735 956 hic
1772 926 1852 956 no·
1907 899 1909 984 4

225 992 412 1037 biscum
439 1001 597 1047 agunt
619 1007 716 1036 non
741 990 900 1047 pauci.
936 990 1293 1036 Conuenerunt
1322 989 1451 1035 enim
1482 998 1740 1046 regentem
1774 1003 1854 1033 no·
1908 985 1909 1003 ¹

225 1079 382 1114 strum
418 1070 430 1093 ¹
467 1067 546 1112 filii
582 1068 786 1124 aliquot,
823 1076 925 1112 tum
957 1067 1207 1123 comitum,
1247 1077 1350 1112 tum
1385 1067 1647 1122 baronum,
1684 1065 1765 1121 qui
1803 1080 1854 1110 se

225 1157 427 1192 nostrae
451 1160 604 1190 curae
629 1144 925 1190 erudiendos
950 1145 1277 1199 tradiderunt,
1305 1152 1353 1188 et
1378 1143 1422 1188 in
1447 1158 1706 1188 numerum
1742 1157 1854 1187 con-

225 1224 469 1269 uictorum
494 1238 592 1268 vna
617 1237 729 1267 cum
754 1222 853 1267 suis
877 1221 1188 1278 paedagogis
1212 1221 1401 1278 recepti
1426 1231 1536 1265 sunt
1559 1226 1596 1265 ³.

283 1301 325 1345 4.
393 1300 584 1344 Domus
608 1299 846 1344 hactenus
870 1313 1034 1355 capax
1067 1299 1283 1344 omnium
1317 1313 1413 1343 non
1451 1297 1555 1353 fuit,
1592 1297 1679 1342 sed
1715 1297 1855 1343 hodie

224 1387 326 1422 tres
370 1377 498 1422 aliae
542 1375 807 1421 adiunctae
850 1386 977 1432 sunt,
1015 1384 1062 1420 et
1102 1384 1332 1431 quartam
1371 1389 1462 1431 pro
1501 1373 1746 1419 nobilibus
1784 1373 1854 1419 his

224 1455 430 1511 aliisque
455 1453 842 1507 conuictoribus,
871 1453 1011 1498 nobis
1035 1452 1375 1497 conduximus.

283 1532 326 1577 5.
393 1531 638 1576 Miramur
663 1545 832 1575 omnes
855 1530 983 1574 inter
1007 1529 1352 1574 adolescentes
1375 1528 1495 1574 istos
1519 1538 1709 1573 tantam
1743 1542 1853 1584 pro-

226 1609 446 1663 bitatem,
483 1623 693 1664 quorum
729 1607 865 1652 multi
900 1607 918 1634 b
953 1623 1064 1652 cum
1100 1616 1148 1652 et
1181 1606 1371 1651 nobiles
1395 1605 1491 1652 sint
1514 1615 1563 1651 et
1586 1616 1852 1662 prouectae

164 1742 167 1747 .
224 1686 346 1731 satis
385 1685 581 1741 aetatis,
608 1693 710 1730 tam
750 1684 844 1729 sint
866 1690 882 1710 ⁰
912 1683 974 1728 ad
1004 1683 1237 1740 pietatem
1268 1682 1465 1728 addicti.
1494 1680 1747 1739 Optimam
1780 1681 1855 1727 hic

225 1762 458 1807 discimus
481 1777 591 1806 esse
615 1761 826 1806 indolem
850 1760 1208 1818 germanicam,
1236 1759 1383 1804 modo
1407 1758 1426 1786 d
1450 1774 1511 1805 ea
1534 1760 1688 1815 probe
1712 1773 1854 1804 exco-

225 1840 372 1884 latur.

283 1915 326 1961 6.
393 1915 504 1960 Hac
528 1914 838 1960 solemnitate
869 1913 1085 1959 omnium
1120 1924 1409 1958 sanctorum
1443 1911 1648 1958 studiosi
1682 1911 1851 1969 nostri,

224 2003 271 2038 et
305 1991 563 2037 domestici
597 2000 645 2036 et
679 1990 888 2048 externi,
924 1990 1076 2035 credo
1111 2004 1266 2046 prope
1297 2004 1467 2034 omnes
1507 1987 1721 2034 confessi
1745 1995 1856 2033 sunt

225 2069 382 2125 nobis,
410 2083 620 2125 quorum
646 2067 984 2113 confessiones
1009 2066 1087 2123 qui
1120 2066 1398 2120 audierunt,
1432 2065 1648 2122 quidam,
1690 2064 1772 2110 vix
1804 2079 1855 2110 se

228 2154 457 2203 poterant
491 2160 521 2189 a
555 2143 805 2190 lachrimis
839 2152 1138 2200 temperare.
1165 2142 1280 2200 Ego
1319 2143 1499 2187 multos
1537 2141 1703 2186 audiui
1728 2147 1745 2168 θ
1776 2139 1854 2197 qui

225 2226 418 2280 quanto
452 2221 709 2278 ftempore
732 2220 989 2267 haeretica
1020 2220 1268 2276 prauitate
1308 2219 1496 2276 imbuti,
1528 2234 1625 2264 non
1658 2217 1855 2263 fuerant

225 2299 439 2345 confessi
473 2299 672 2356 ignoro.
710 2298 926 2358 Juuenes
960 2307 1104 2343 erant
1137 2297 1353 2353 optimae
1386 2296 1561 2342 indolis
1596 2295 1676 2352 qui
1706 2294 1852 2340 etiam

225 2375 357 2421 mihi
378 2382 397 2408 g
421 2375 700 2421 haereticos
724 2389 840 2419 suos
864 2374 1015 2419 libros
1040 2373 1368 2419 tradiderunt.
1392 2371 1717 2429 Deploranda
1736 2370 1852 2416 mul-

226 2452 288 2498 tis
311 2451 564 2497 lachrimis
588 2467 669 2497 res
693 2461 782 2508 est,
810 2450 940 2508 quod
964 2450 1102 2507 pueri
1134 2450 1405 2496 istiusmodi
1439 2450 1680 2494 hactenus
1713 2445 1852 2504 pesti-

226 2528 337 2575 fera
372 2529 454 2574 illa
489 2528 729 2585 dogmata
763 2527 1058 2584 imbiberint,
1093 2527 1173 2584 qui
1207 2526 1405 2583 alioqui,
1440 2526 1481 2571 si
1513 2525 1726 2570 indolem
1750 2525 1871 2580 spe-l

226 2616 348 2662 ctes,
380 2606 444 2651 ad
477 2605 571 2650 Dei
606 2605 810 2651 seruitia
844 2603 1344 2650 accommodatissimi
1378 2602 1621 2649 videntur.
1657 2600 1863 2646 Verum

225 2682 317 2728 illis
341 2682 489 2727 modo
523 2681 938 2738 congaudendum
973 2690 1063 2737 est,
1101 2680 1230 2737 quod
1263 2679 1427 2737 patria
1461 2678 1636 2724 relicta
1670 2677 1734 2723 ad
1766 2689 1863 2722 nos

272 2854 289 2874 ³
336 2847 371 2884 A
404 2859 443 2884 v.
476 2847 647 2884 Plurimi
679 2847 839 2884 desunt
868 2846 993 2893 apud
1023 2845 1077 2882 H.
1131 2845 1196 2872 ——b
1235 2818 1449 2890 [non]nulli
1479 2843 1532 2881 H.
1587 2850 1648 2870 -c
1685 2839 1849 2887 tam[en]

225 2912 318 2942 sunt
337 2906 390 2944 H.
444 2906 509 2933 ——d
538 2907 780 2952 [dum]modo
799 2905 852 2943 H.
906 2911 969 2933 ——e
1005 2904 1245 2942 audiuimus.
1296 2903 1355 2931 —f
1390 2904 1533 2950 longo.
1588 2910 1653 2947 ÷g
1678 2901 1804 2939 nobis.
1866 2946 1869 2950 Ι

273 3073 284 3092 ¹
336 3072 381 3109 P.
398 3072 576 3119 Joannes
596 3073 782 3110 Rethius.
