2043 3467
425 268 472 304 90
896 269 1114 306 LITTERAE
1141 271 1498 314 QUADRIMESTREs

376 365 609 421 quoniam
642 364 840 420 singula
876 379 1176 420 percurrere
1200 365 1407 422 nequeo,
1435 365 1531 410 iam
1571 381 1659 411 nos
1694 367 2009 413 sanctissima

376 440 742 486 existimatione
774 455 834 485 ac
865 440 1083 486 maxima
1108 441 1535 487 commendatione
1559 441 1741 487 florere
1765 442 1912 498 scias;
1940 442 2009 489 ita

376 528 430 564 ut
453 534 563 564 cum
583 527 864 574 aegrotent,
889 518 1049 563 nullos
1073 518 1094 538 a
1113 529 1379 564 accersant
1399 534 1546 575 quam
1564 528 1779 576 nostros,
1802 534 1915 564 cum
1933 535 2008 565 sa-

375 610 514 641 crum
539 594 713 639 audire
738 594 1038 652 desiderant,
1064 596 1355 640 sacerdotes
1372 595 1492 653 Jesu
1512 596 1772 653 aduocent3
1801 611 1911 641 cum
1931 596 2008 642 de-

374 672 519 729 nique
539 672 833 728 moriuntur,
856 687 944 717 nos
963 672 1160 728 adeant,
1180 682 1330 729 utque
1350 672 1586 730 adsimus,
1608 673 1787 719 obnixe
1807 682 2006 731 rogant,

375 765 434 795 ac
459 764 568 794 sese
587 749 834 805 supplices
859 749 922 794 ad
946 759 1143 795 nostros
1168 751 1317 806 pedes
1337 749 1589 795 abiiciunt.

437 826 503 872 10.
572 826 665 871 Hic
700 842 796 871 non
831 827 894 871 ab
929 842 983 871 re
1016 825 1124 872 fore
1159 828 1345 883 putaui,
1373 826 1562 872 afferre
1587 827 1701 883 quid
1732 827 1805 872 his
1839 827 2009 872 diebus
2039 844 2041 846 ·

374 914 572 960 gestum
606 903 683 949 sit.
722 903 937 960 Quidam
973 920 1034 949 ex
1068 904 1285 950 ciuitatis
1320 905 1584 961 primariis,
1620 913 1668 949 et
1703 905 1783 961 qui
1817 905 1945 949 alter
1979 919 2008 949 a

374 980 497 1026 duce
521 996 645 1036 pene
669 990 795 1037 erat,
824 996 973 1036 saepe
997 981 1129 1037 apud
1154 981 1311 1037 ipsum
1335 981 1512 1026 ducem
1544 996 1634 1026 nos
1660 982 1789 1026 clam
1814 980 2007 1026 morde-

372 1058 474 1115 bat,
502 1067 549 1102 et
573 1057 620 1101 in
643 1072 733 1101 nos
758 1058 994 1113 latrabat,
1022 1067 1069 1103 et
1094 1059 1361 1103 uerborum
1387 1057 1574 1103 aculeis
1599 1073 1823 1114 pungere
1860 1074 2005 1103 cona-

373 1136 537 1181 batur.
566 1134 792 1190 Denique
817 1134 898 1179 ubi
923 1134 1125 1179 minima
1159 1150 1282 1180 ansa
1318 1136 1548 1191 dabatur,
1574 1134 1621 1178 in
1646 1149 1736 1179 nos
1767 1134 2005 1191 grauissi-

371 1228 448 1257 me
472 1222 520 1257 et
544 1211 895 1256 accerbissime
929 1211 1272 1257 inuehebatur.
1301 1211 1498 1256 Accidit
1524 1221 1575 1256 ut
1598 1211 1645 1256 in
1672 1212 1901 1256 morbum
1936 1211 2000 1256 in-

372 1289 574 1346 cideret,
614 1288 693 1345 qui
728 1299 940 1333 mortem
975 1304 1170 1345 quoque
1205 1289 1247 1334 ei
1282 1289 1460 1334 attulit.
1490 1288 1631 1333 Tunc
1664 1304 1753 1333 nos
1788 1288 2000 1344 benigne

372 1366 655 1423 aduocauit,
684 1381 743 1410 ac
775 1375 825 1410 ut
849 1381 961 1410 eum
985 1365 1236 1410 consolari
1277 1366 1534 1422 uellemus,
1562 1364 1810 1410 humiliter
1843 1364 1997 1421 petiit.

371 1442 536 1487 Media
571 1451 715 1487 nocte
750 1443 904 1487 nostri
938 1451 1152 1499 surgunt
1177 1457 1237 1487 ac
1261 1442 1342 1487 citi
1369 1442 1431 1487 ad
1456 1442 1560 1487 eius
1590 1442 1786 1487 domum
1812 1457 1864 1486 se
1890 1457 1998 1487 con-

369 1519 554 1576 ferunt,
582 1519 716 1564 nullo
747 1527 848 1564 tum
884 1506 1127 1564 monacho
1162 1529 1444 1576 praesente,
1471 1519 1603 1564 nullo
1638 1528 1814 1564 extero
1839 1533 2004 1566 sacer-

371 1596 483 1641 dote
518 1606 809 1653 apparente,
843 1612 904 1642 ac
939 1596 1106 1641 tandiu
1141 1596 1184 1641 ei
1220 1583 1505 1652 adfuerunt,
1532 1595 1784 1653 quamdiu
1808 1595 1827 1622 b
1852 1595 2005 1641 uitam

370 1687 482 1717 cum
508 1682 667 1717 morte
693 1673 920 1718 mutauit
939 1679 969 1718 ς.

433 1750 500 1794 11.
568 1750 776 1794 Multum
801 1766 923 1794 uero
945 1750 1224 1794 detrimenti
1250 1749 1320 1794 rei
1345 1749 1589 1806 spirituali
1614 1749 1777 1794 attulit
1797 1758 1996 1806 quarta-

370 1836 433 1865 na
452 1824 559 1878 tna,
581 1835 609 1865 0
634 1821 785 1866 Pater
810 1821 1075 1866 Pelletarie
1100 1822 1117 1847 ό
1145 1823 1172 1865 ¹.
1198 1821 1464 1865 Permultis
1488 1820 1634 1875 enim,
1657 1820 1813 1877 iisque
1832 1820 2004 1865 ciuita-

369 1897 429 1942 tis
455 1898 770 1954 primoribus,
805 1914 1011 1955 operam
1043 1903 1188 1943 tuam
1223 1898 1592 1955 exoptantibus,
1626 1898 1824 1943 inuitus
1855 1911 1999 1955 sane,

369 1974 664 2020 satisfacere
698 1975 961 2031 nequiuisti
991 1982 1032 2033 ῗ.
1063 1976 1300 2020 Attamen
1332 1975 1559 2020 ducissae
1584 1975 1768 2031 liberis,
1795 1972 2000 2031 ancillis,

369 2052 751 2108 domesticisque
787 2052 895 2108 (etsi
931 2068 1026 2097 non
1062 2053 1260 2097 omniuo
1295 2068 1324 2097 a
1358 2052 1486 2097 febri
1520 2051 1662 2109 liber)
1688 2066 2001 2108 nequaquam

368 2128 566 2174 defuisti
595 2128 633 2186 f;
669 2129 865 2174 illarum
899 2130 1077 2174 etenim
1111 2129 1452 2174 confessiones
1486 2128 1716 2173 audiuisti
1749 2135 1783 2185 g,
1825 2136 1873 2173 et
1911 2127 2002 2173 illis

369 2205 554 2252 Christi
578 2221 760 2263 corpus
784 2207 1176 2263 sanguinemque
1201 2206 1531 2251 administrati
1556 2205 1592 2250 ¹¹.
1621 2205 1752 2261 Quin
1783 2205 1931 2250 etiam
1954 2214 2002 2250 et

368 2284 471 2340 ipse
491 2284 591 2328 dux
615 2284 629 2308 2
654 2283 740 2329 tibi
768 2283 776 2310 ¹
816 2284 907 2328 hoc
942 2284 1095 2328 natali
1120 2299 1210 2328 sua
1234 2293 1443 2340 peccata
1474 2283 1722 2328 humiliter
1748 2282 1998 2340 patefecit3

368 2375 427 2405 ac
452 2360 623 2406 tandiu
647 2361 693 2405 in
717 2361 948 2406 eiusdem
972 2360 1158 2416 palatio
1183 2359 1515 2405 remansistii
1546 2360 1801 2405 audiendis
1820 2360 1999 2405 aulico·
2030 2384 2032 2387 ·

368 2454 477 2483 rum
501 2438 779 2483 sceleribus
805 2437 839 2494 k,
866 2447 918 2482 ut
942 2453 1041 2481 nox
1065 2437 1360 2493 intempesta
1384 2446 1530 2492 esset,
1558 2451 1669 2481 cum
1689 2436 1888 2482 domum
1919 2452 1999 2482 ex·
2032 2442 2034 2447 '

368 2524 596 2571 pectatus
619 2515 819 2560 tandem
844 2514 1028 2559 rediisti
1069 2514 1092 2559 ¹.

415 2657 434 2676 a
484 2659 618 2693 nullos
643 2657 755 2693 alios.
810 2657 874 2683 ἐὺ
901 2656 1041 2692 donec.
1096 2663 1157 2683 -c
1183 2661 1462 2692 commutaret.
1517 2655 1582 2682 —d
1608 2656 1742 2693 Patris
1773 2655 1996 2693 Pelletarii.

367 2724 430 2743 -θ
452 2717 539 2764 ejus
558 2717 802 2763 optantibus,
825 2716 989 2753 minime
1016 2715 1252 2752 satisfacere
1273 2715 1414 2761 potuit.
1469 2715 1526 2742 —f
1551 2715 1691 2752 defuit.
1745 2724 1811 2751 -g
1830 2714 1997 2752 audiuit·
2019 2706 2022 2738 Ῐ

367 2776 432 2802 —h
465 2777 775 2813 administrauit.
830 2775 884 2803 ——i
912 2775 961 2812 ei.
1017 2775 1070 2809 ——i
1100 2775 1287 2811 eumdem
1319 2774 1504 2812 detinuit.
1561 2775 1625 2802 ——k
1658 2775 1991 2812 confessionibus.
2019 2795 2022 2798 -

368 2834 422 2860 -Ι
450 2835 581 2871 rediit.

415 2960 424 2978 ¹
479 2957 543 2994 Cf.
564 2958 811 3005 ΡοιΑΝςυΜ,
838 2959 1006 3003 Clwon„
1027 2958 1101 3002 VI,
1126 2957 1290 2994 197-198.
2007 2987 2009 2989 .

414 3018 425 3036 ²
476 3017 678 3054 Hercules
697 3018 733 3055 II
752 3019 800 3055 de
820 3018 931 3060 Este,
953 3019 1112 3055 ducissa
1130 3030 1228 3054 vero
1247 3024 1335 3054 erat
1354 3019 1516 3054 Renata
1539 3018 1700 3064 (Renee
1728 3018 1776 3054 de
1803 3017 1838 3053 F
1840 3017 1992 3062 ranee);
2008 3020 2025 3070 [2

366 3089 505 3113 eorum
524 3076 631 3113 filiae
651 3077 859 3124 innuptae,
880 3077 1076 3114 Lucretia
1095 3084 1134 3113 et
1156 3076 1373 3114 Eleonora.
2003 3074 2021 3081 *⁴

1986 3319 2031 3467 &2322
1995 3259 2021 3311 v's·
2002 3226 2019 3250 ..1
2003 3087 2025 3153 ..affl
