2054 3530
375 289 399 326 8
841 288 1059 326 LITTERAE
1086 291 1440 335 QUADmMEsTREs

329 385 564 432 scientiae
588 400 735 431 casus
768 395 1055 443 exponeret,
1083 386 1161 442 qui
1186 394 1333 432 antea
1356 401 1386 431 a
1410 385 1560 432 Patre
1585 386 1758 432 Marco
1792 386 1966 433 Geor-⁷

329 463 430 520 gio,
458 463 536 519 qui
562 461 930 508 Conimbricam
954 472 1220 509 reuocatus
1254 471 1343 518 est,
1371 465 1747 519 exponebantur
1771 465 1802 510 ¹.
1832 463 1970 509 Eius.

330 539 573 585 aduentus
606 554 697 584 nos
729 554 1043 595 summopere
1078 539 1343 585 recreauit.
1381 538 1427 585 Is
1461 554 1586 597 ergo
1620 549 1731 596 post
1764 555 1950 596 paucos

331 615 432 660 dies
466 615 711 672 frequenti
748 615 995 661 auditorio
1030 631 1233 662 casuum
1265 615 1622 672 expositionem
1646 626 1721 662 est
1743 632 1949 674 aggres-

281 720 283 725 ·
331 707 428 747 sus,
465 692 682 737 maxima
706 708 896 747 eorum,
924 692 1004 750 qui
1029 692 1250 750 audiunt⁷
1277 693 1652 750 approbatione.
1681 692 1778 749 Qui
1802 693 1969 740 etiam.

330 769 634 826 singularem
658 769 760 814 eius
786 768 832 814 in
856 784 916 814 ea
946 768 1184 815 facultate
1203 770 1478 815 doctrinam
1502 779 1550 814 et
1584 770 1837 815 scientiam
1872 773 1951 816 ad-

330 845 591 902 mirantur,
613 846 828 891 maxime
848 860 960 890 cum
984 846 1336 902 quaerentibus
1360 857 1461 891 tam
1487 847 1630 892 docte
1655 856 1703 892 et
1725 847 1943 893 enuclea-

329 932 376 967 te
400 922 533 967 illum
559 922 861 978 respondere
881 921 1063 968 uident.
1092 922 1261 979 Quare
1285 923 1572 980 frequentes
1597 923 1790 980 adsunt,
1818 923 1951 969 illum

329 999 656 1045 attentissime
696 999 916 1056 audiunt,
959 1008 1008 1045 et
1047 999 1356 1056 perstudiose
1396 1001 1558 1045 multis
1598 1001 1655 1046 de
1690 1001 1837 1046 rebus
1877 1016 1950 1046 ro-

328 1085 465 1133 gant;
493 1093 555 1122 ex
578 1076 715 1122 cuius
740 1076 895 1122 doctis
916 1077 1167 1133 responsis
1184 1081 1205 1102 ²²
1224 1077 1514 1134 eruditaque
1533 1093 1738 1123 casuum
1762 1077 1951 1134 exposi-

327 1152 458 1199 tione
481 1169 716 1211 magnum
740 1168 859 1199 sane
877 1154 1078 1210 capiunt
1096 1153 1328 1199 fructum.

387 1230 427 1275 2.
495 1230 583 1275 Illo
607 1239 771 1275 autern
802 1245 968 1275 mense
1002 1240 1050 1276 et
1084 1241 1226 1287 parte
1260 1231 1529 1288 superioris
1563 1241 1767 1288 propter
1800 1232 1952 1277 maxi-

329 1322 435 1352 mos
459 1309 670 1364 calores,
696 1316 799 1352 turn
824 1307 973 1352 etiam
998 1308 1111 1364 quia
1135 1308 1269 1353 multi
1293 1318 1640 1365 aegrotarunt,
1663 1309 1953 1355 uacationes

328 1384 374 1430 in
395 1384 714 1430 humanitatis
738 1385 918 1430 scholis
936 1384 1150 1430 fuerunt.
1183 1384 1373 1430 Verum
1398 1385 1501 1431 dies
1525 1387 1712 1443 aliquot
1734 1396 1849 1433 ante
1873 1403 1951 1433 ca-

327 1461 497 1507 lendas
521 1460 772 1518 Octobris,
799 1461 950 1507 Pater
974 1461 1079 1507 Leo
1103 1462 1265 1507 studia
1289 1478 1534 1508 reuocare
1558 1464 1734 1520 coepit,
1762 1474 1814 1510 ut
1839 1475 1952 1512 ante

329 1554 547 1583 mensem
572 1537 844 1584 Octobrem
870 1539 1093 1595 discipuli
1117 1539 1389 1584 examinari
1414 1549 1629 1596 possent.
1657 1541 1804 1598 Quod
1834 1543 1901 1588 ita
1924 1558 1953 1588 a

331 1615 583 1672 magistris
606 1615 792 1661 factum
817 1624 906 1661 est.
940 1615 1034 1660 Die
1068 1631 1188 1661 uero
1223 1615 1327 1672 ipso
1361 1617 1454 1662 cal.
1492 1616 1605 1663 Oct.
1643 1626 1694 1663 ut
1726 1619 1953 1676 gimnasii

328 1692 484 1738 nostri
514 1692 787 1738 institutum
816 1692 1118 1748 postulabat,
1150 1707 1180 1737 a
1210 1692 1368 1738 fratre
1393 1692 1722 1750 Conspaeano
1747 1697 1761 1720 ²
1785 1696 1954 1742 habita

329 1769 490 1815 oratio
515 1778 603 1823 est,
632 1770 706 1815 cui
733 1768 954 1814 interfuit
978 1784 1162 1826 magna
1186 1770 1410 1816 uirorum
1441 1781 1489 1817 et
1522 1772 1756 1818 nobilium
1790 1782 1838 1818 et
1871 1774 1952 1819 do-

330 1855 521 1892 ctorum
556 1846 832 1892 multitudo.
860 1845 994 1892 Inter
1019 1861 1143 1903 quos
1166 1847 1342 1893 aderat
1366 1847 1406 1893 is
1429 1848 1525 1905 qui,
1552 1849 1771 1906 principe
1794 1851 1952 1896 cardi-

329 1924 427 1968 nali
466 1924 687 1979 absente,
730 1923 878 1980 ipsius
911 1922 1017 1969 fere
1052 1924 1239 1969 obtinet
1263 1925 1441 1982 locum,
1469 1942 1612 1982 quem
1646 1928 1954 1984 prouisorem

330 1999 532 2045 dicimus
557 2000 588 2056 ³,
616 2015 726 2046 cum
753 2000 917 2045 multis
942 2000 1051 2045 aliis
1074 2000 1324 2046 canonicis
1348 2010 1396 2047 et
1430 2003 1786 2050 sacerdotibus.
1823 2005 1952 2051 Ade-

330 2086 442 2122 rant
485 2086 750 2133 praeterea
794 2077 1021 2122 monachi
1066 2077 1358 2123 dominicani
1399 2088 1446 2124 et
1485 2081 1834 2136 augustiniani.
1879 2082 1953 2128 Ea

376 2273 395 2291 ἃ
447 2276 684 2310 correctum
706 2284 755 2309 ex
774 2272 1111 2319 responsionibus.

378 2446 388 2466 ¹
444 2444 569 2490 «Quia
592 2443 637 2481 P.
665 2443 829 2480 Marcus
856 2442 1061 2490 Georgius
1086 2443 1127 2479 in
1153 2443 1431 2482 Universitate
1460 2445 1779 2486 Conimbricensi
1806 2448 1953 2500 magno

330 2504 370 2540 in
389 2503 517 2551 pretio
535 2502 640 2549 quod
659 2503 709 2538 ad
728 2501 1020 2549 philosophiam
1040 2502 1185 2539 attinet
1212 2503 1444 2547 haberetur;
1473 2505 1561 2543 ideo
1588 2507 1692 2544 bona
1717 2521 1807 2546 cum
1835 2513 1953 2550 venia

332 2563 581 2604 Cardinalis,
614 2562 751 2599 Ebora
782 2561 1082 2599 conimbricam
1113 2564 1334 2600 translatus
1365 2571 1442 2609 est,
1476 2571 1519 2602 ut
1553 2567 1626 2603 hoc
1656 2581 1761 2605 anno
1792 2582 1952 2610 cursum

331 2623 478 2659 artium
497 2622 739 2659 inchoaret.»
762 2621 994 2662 POLANCUS.
1013 2623 1086 2659 loc.
1108 2622 1189 2666 cit„
1211 2622 1283 2664 VI,
1305 2623 1385 2661 751.

378 2682 390 2701 ²
436 2681 614 2728 Joannes
634 2680 911 2728 Conspeanus.
935 2680 998 2718 Cf.
1020 2681 1264 2727 POLANCUM‚
1286 2683 1395 2728 ibid.,
1422 2681 1490 2729 VI,
1512 2684 1592 2722 730.

377 2741 390 2761 ³
440 2740 629 2777 Provisor
647 2740 735 2787 iste,
757 2740 796 2776 in
815 2740 1088 2777 Monumentis
1108 2746 1200 2778 ante
1220 2742 1293 2779 hoc
1311 2746 1470 2790 tempus
1488 2757 1512 2780 a
1529 2744 1643 2782 nobis
1668 2746 1796 2793 editis,
1825 2749 1952 2788 dictus

332 2805 392 2836 est
410 2799 592 2842 subinde,
613 2799 719 2835 idem
739 2812 827 2835 esse
847 2799 913 2846 qui
933 2799 1142 2846 episcopus
1161 2801 1375 2847 targensis,
1397 2801 1682 2849 suffraganeus
1705 2807 1771 2842 vel
1795 2809 1953 2857 coadju-

331 2864 394 2896 tor
423 2858 636 2895 cardinalis
666 2858 846 2905 Henrici‚
880 2858 1123 2896 Emmanuel
1154 2859 1337 2897 Sanchez
1365 2862 1431 2898 vel
1462 2862 1591 2908 potius
1623 2862 1783 2903 santos.
1813 2867 1950 2913 Epist.

333 2917 582 2964 Quadrima„
603 2917 676 2958 IV,
700 2917 778 2960 154,
800 2922 840 2954 et
857 2917 1089 2960 POLANcUs.
1116 2919 1282 2964 Chron„
1304 2919 1376 2961 VI.
1398 2920 1479 2966 730,
1500 2927 1634 2959 annot.
1665 2923 1696 2969 1;
1726 2925 1796 2961 sed
1822 2926 1953 2965 obstat

333 2978 445 3014 locus
463 2976 526 3013 hic
545 2976 629 3022 ipse
648 2976 827 3021 Polanci,
848 2977 959 3013 locus
977 2978 1097 3024 paulo
1116 2977 1280 3015 inferior
1298 2979 1338 3015 in
1356 2980 1430 3016 hac
1450 2981 1632 3027 epistola,
1654 2987 1693 3018 et
1710 2996 1803 3030 pag.
1827 2985 1895 3022 155
1911 2987 1952 3024 in

335 3036 472 3082 Epist.
501 3035 750 3082 Quadrim„
778 3035 851 3078 IV.
882 3036 948 3073 ubi
975 3037 1157 3083 provisor
1182 3050 1253 3074 seu
1281 3038 1454 3076 vicarius
1480 3040 1530 3076 ab
1558 3040 1742 3088 episeopo
1772 3047 1953 3091 targensi

334 3095 605 3141 distinguitur.
