1900 3380
527 289 626 325 131.ἡ
661 287 818 323 Bunffls
844 288 864 322 7
887 286 1084 333 δῘΑΝυΑιἯι
1117 286 1206 321 1558
1554 283 1625 319 493

819 492 901 542 131

539 610 888 657 ANTONIUS
924 611 965 654 'l‘
975 610 1013 655 U
1024 608 1197 654 RRES

582 717 728 743 BURG1s
747 707 981 753 7JANUAR11
1006 704 1095 740 1558
1117 706 1139 740 ¹.

47 795 78 831 1.
110 793 272 830 Fausta
292 802 489 839 quaeque
511 791 666 827 Laz'm'o
694 787 1063 836 (zdprecatm‘.-2.
1098 787 1350 824 Cardimzlz's
1376 789 1420 823 in
1449 788 1679 824 dioecesim

115 852 309 889 adventu
336 853 487 887 onznia
515 851 763 887 illucescere
781 850 1017 895 incipiunt.
1044 848 1133 894 *Qus
1150 849 1282 883 elsam
1305 848 1464 883 nostris
1484 848 1681 883 maxime

117 912 370 948 benevolmn
405 921 450 947 se
483 910 782 956 ,maman—3.
823 909 929 954 Spes
964 908 1154 953 (alid-zet
1189 918 1238 943 ex
1275 907 1486 943 maximis
1522 906 1681 942 domins

117 972 334 1017 angustiis
353 970 702 1016 enzergendz·.n4
730 969 980 1014 Disciplina
1001 967 1240 1004 domestica
1262 970 1300 1002 et
1320 970 1567 1003 nostrormn
1595 969 1680 1001 slu-

117 1031 192 1068 dia
212 1032 376 1077 vigent:
392 1041 478 1067 non
499 1031 560 1066 isa
580 1030 941 1066 scholasticorum
963 1031 1255 1064 extem-zormu.
1273 1048 1287 1049 ff
1311 1026 1347 1062 5.
1378 1025 1515 1062 Fater
1534 1029 1571 1061 et
1586 1025 1681 1070 sra-

116 1092 242 1128 [estin
264 1093 475 1126 montana
498 1091 753 1126 mittuntur.
784 1088 939 1125 Crasse!
960 1087 1139 1123 illorum
1166 1086 1399 1122 hominnm
1428 1086 1680 1130 Ignorantia

117 1149 515 1187 descrz'hz·tnr.—6.
563 1149 716 1186 Cuncti
749 1149 855 1184 socii
887 1150 985 1193 post
1019 1147 1191 1192 aliquos
1227 1146 1339 1182 leves
1375 1145 1545 1180 morbos
1581 1144 1686 1180 hene

120 1211 280 1247 valent.

110 1294 147 1338 1.
212 1297 238 1345 †
272 1292 366 1337 Ihs.
399 1291 641 1347 Perquam
677 1291 801 1335 Rde.
841 1290 918 1334 Pr.
951 1290 994 1334 in
1032 1288 1182 1334 Chro.
1214 1288 1321 1333 Pax
1356 1287 1558 1343 Christi,
1586 1298 1679 1331 etc.

49 1370 184 1416 Deus
202 1369 511 1425 omnipotens
536 1368 615 1424 qui
642 1368 735 1413 hoc
754 1367 927 1412 salutis
946 1353 1150 1411 nostrae
1169 1373 1394 1420 tempore
1413 1363 1552 1409 nobis
1574 1379 1681 1420 par-

50 1447 191 1492 uulus
225 1446 359 1491 nasci
396 1455 443 1491 et
479 1445 780 1490 infantilibus
815 1443 999 1488 inuolui
1025 1442 1308 1498 crepundiis
1332 1442 1565 1497 dignatus
1590 1450 1680 1486 est:

51 1525 177 1570 hunc
211 1538 392 1569 annum
417 1523 476 1568 T.
505 1522 558 1567 P.
586 1521 800 1579 Spiritus
834 1521 1005 1567 Sancti
1041 1530 1089 1565 et
1124 1520 1292 1577 gratia
1328 1528 1376 1564 et
1410 1519 1550 1564 donis
1584 1518 1682 1563 foe-

50 1600 397 1647 cundissimum
431 1615 541 1644 esse
580 1599 711 1654 velit,
749 1614 808 1644 ac
848 1613 1044 1654 semper
1077 1596 1449 1642 foecundiorem
1489 1596 1680 1641 uberio-

0 1676 2 1692 '
51 1693 254 1734 remque
289 1677 513 1729 reddere,
543 1676 608 1722 uti
645 1676 683 1721 si
719 1691 814 1732 qua
850 1674 1191 1731 superioribus
1225 1673 1533 1729 temporibus
1568 1687 1681 1729 gra-

50 1756 147 1802 tiae
172 1755 409 1801 sterilitas
433 1763 481 1799 et
505 1753 664 1799 fames
699 1753 790 1798 fuit
823 1753 869 1797 in
905 1762 1041 1797 terra
1078 1750 1278 1808 Aegipti
1304 1751 1524 1807 (eramus
1555 1749 1682 1795 enim

51 1832 315 1889 aliquando
349 1831 610 1887 tenebrae)
636 1830 800 1876 foelici
826 1830 968 1875 huius
1002 1839 1050 1874 et
1085 1829 1387 1885 reliquorum
1413 1828 1510 1885 (qui
1542 1827 1684 1872 Tuae

52 1910 345 1957 Paternitati
370 1910 391 1930 a
423 1909 591 1955 diuina
625 1908 925 1954 liberalitate
959 1907 1256 1963 acceserint)
1293 1915 1534 1963 prouentu
1571 1921 1686 1962 pen-

57 1998 207 2034 setur.

109 2065 150 2111 2.
217 2066 293 2111 De
326 2065 483 2110 solitis
517 2063 786 2111 Societatis
821 2063 1160 2120 spiritualibus
1194 2062 1462 2117 exercitiis,
1497 2061 1688 2107 confes-

28 2138 203 2200 sione,
239 2142 602 2199 communione,
639 2151 754 2195 etc.‚
783 2141 913 2198 quod
948 2152 1062 2186 tuae
1088 2140 1140 2185 P.
1169 2140 1449 2196 impertiam
1485 2148 1689 2195 praeter

52 2220 248 2266 solitum
283 2220 443 2266 habeo
476 2219 608 2264 nihil.
638 2219 832 2264 Maiora
867 2218 994 2263 enim
1029 2218 1336 2263 incrementa
1360 2226 1409 2262 et
1432 2216 1571 2273 quasi
1606 2231 1687 2260 no-

53 2313 142 2344 uas
165 2298 297 2343 uires
321 2297 367 2342 in
392 2297 496 2342 dies
521 2297 752 2353 accipere
777 2296 1021 2352 uidentur,
1049 2295 1301 2352 multoque
1325 2294 1555 2340 auctiora
1580 2308 1688 2350 pro-

53 2390 195 2421 cessu
233 2374 471 2432 temporis
506 2374 675 2419 futura
700 2388 963 2430 speramus
988 2372 1205 2417 aduentu
1231 2371 1530 2428 praesertim
1556 2369 1686 2416 Rmi.

53 2452 317 2498 cardinalis
351 2451 670 2507 eiusdemque
706 2451 847 2495 huius
885 2450 1089 2507 insignis
1124 2450 1260 2494 urbis
1295 2448 1509 2505 episcopi
1545 2449 1577 2503 ²,
1611 2447 1689 2505 qui

54 2539 153 2576 tam
177 2530 415 2576 ardenter
438 2539 486 2575 et
511 2529 686 2586 cupide
711 2527 877 2574 ouium
904 2542 1111 2572 suarum
1136 2525 1405 2572 commodis
1430 2525 1692 2570 consulere

100 2675 119 2694 ³
168 2674 214 2712 P.
236 2674 361 2711 aetati
382 2685 462 2711 ms.

103 2811 112 2829 ¹
163 2808 227 2846 Ex
258 2807 461 2856 originali,
494 2806 666 2844 fortasse
700 2805 970 2853 autographo,
1005 2804 1044 2841 in
1075 2804 1210 2841 codice
1239 2803 1367 2850 Hz'sp.
1401 2802 1467 2848 96,
1500 2801 1541 2841 ff.
1569 2801 1692 2845 25-26;

36 2869 165 2921 ¹prius
190 2869 272 2915 359,
300 2868 383 2905 360.
412 2867 457 2904 In
484 2867 525 2905 ff.
554 2865 665 2904 27-28
691 2872 752 2903 est
780 2866 890 2903 aliud
911 2866 1157 2911 exemplum,
1180 2863 1301 2900 etiam
1321 2863 1535 2910 originale„
1558 2863 1598 2900 in
1616 2875 1695 2910 quo

58 2929 193 2976 aliqua
216 2929 417 2975 castigata
444 2933 550 2971 sunt,
582 2927 663 2964 alia
690 2927 933 2970 cancellata,
963 2930 1005 2961 ut
1034 2923 1282 2971 paragraphi
1312 2923 1443 2970 prima
1471 2929 1510 2960 et
1537 2924 1693 2961 ultima.

59 2987 383 3036 Orthographiae
404 2988 550 3025 menda
570 2987 712 3023 lectori
733 2985 973 3032 corrigenda
993 2984 1273 3031 relinquimus.

104 3050 116 3068 ²
166 3048 410 3086 Franciscus
428 3048 477 3084 de
497 3047 711 3092 Mendoza,
734 3046 945 3094 episcopus
965 3043 1197 3091 burgensis,
1220 3048 1259 3079 et
1279 3042 1324 3080 S.
1355 3044 1407 3081 R.
1437 3043 1485 3081 E.
1515 3043 1695 3080 cardina-

57 3108 119 3154 lis,
139 3109 206 3156 qui
225 3109 345 3157 paulo
366 3114 460 3145 ante
480 3120 530 3145 ex
547 3107 666 3144 Italia
686 3107 725 3143 in
745 3106 987 3154 Hispaniam
1011 3109 1190 3141 venerat.
1216 3102 1323 3140 Vide
1343 3116 1436 3151 pag.
1459 3103 1540 3141 368.
