2043 3467
401 271 447 312 62
867 273 1085 315 L1TTERAE
1113 273 1467 324 QUADRIMESTRES

355 371 435 418 alii
455 382 566 419 sunt
585 371 836 431 lotoringi;
858 374 954 420 duo
973 374 1123 421 etiam
1142 375 1329 421 nobiles
1347 375 1606 423 nobiscum
1625 385 1754 435 sunt,
1774 392 1981 435 quorum

356 466 480 496 vnus
504 459 578 496 est
597 451 695 496 dux
714 451 772 497 de
796 450 1044 509 Hijmmen
1070 454 1100 499 ¹.
1127 453 1411 499 Dominium
1436 454 1552 499 illud
1571 454 1717 500 situm
1737 464 1810 501 est
1830 470 1983 512 prope

354 527 720 585 Nouiomagum
756 528 801 574 in
836 527 1058 575 Geldria.
1100 530 1242 576 Alter
1275 540 1349 576 est
1389 531 1790 589 buscoducensis,
1832 532 1981 577 etiam

353 605 450 650 iam
484 605 530 650 in
565 606 757 652 artibus
790 606 1034 663 magister
1067 608 1445 665 promouendus.
1480 607 1709 666 Vterque
1739 624 1791 654 se
1816 607 1981 654 Socie-

352 681 441 727 tati
466 681 613 728 dedit.
640 682 833 728 Futuro
857 698 985 728 anno
1009 684 1174 740 plures
1198 684 1487 730 habebimus
1511 700 1573 730 ex
1597 685 1796 743 nostriS,
1824 685 1904 743 qui
1935 686 1981 732 in

353 759 544 805 artibus
568 761 1011 817 promouebuntur,
1038 760 1147 807 Deo
1172 761 1389 808 fauente.

410 836 453 882 6.
520 837 704 883 Redus.
732 838 813 883 Pr.
840 838 979 894 prior
1002 839 1286 885 carthusiae
1325 841 1340 864 2
1375 848 1423 885 et
1458 840 1519 885 D.
1557 838 1854 897 Grupperus
1901 841 1983 887 3et

352 915 494 960 amici
514 931 698 973 omnes,
721 915 766 961 in
786 915 1000 962 Domino
1020 917 1222 963 multum
1242 926 1537 963 recreantur
1556 932 1615 963 eo
1633 917 1762 974 quod
1782 917 1983 964 videant

352 1007 431 1037 res
455 991 720 1039 Societatis
742 993 820 1039 hic
844 994 913 1039 ita
946 993 1161 1040 feliciter
1193 995 1479 1040 succedere.
1518 993 1798 1041 Ostendunt
1831 1011 1983 1052 opere

352 1085 498 1126 quam
523 1070 775 1116 charitate
798 1070 1038 1128 singulari
1062 1077 1079 1098 ³
1107 1086 1233 1128 erga
1258 1087 1345 1116 nos
1376 1071 1545 1117 affecti
1576 1071 1687 1117 sint.
1721 1071 1781 1118 R.
1819 1072 1872 1118 P.
1910 1072 1978 1119 V.

352 1146 398 1191 in
422 1146 636 1193 Domino
669 1148 937 1194 salutatam
976 1147 1240 1205 plurimum
1280 1149 1495 1206 cupiunt,
1533 1157 1581 1194 et
1616 1164 1705 1194 nos
1738 1149 1978 1206 similiter,

351 1223 558 1270 Re.‘¹⁰¹¹¹¹¹¹
598 1224 804 1270 Patrum
837 1241 898 1271 ac
930 1224 1147 1271 fratrum
1182 1225 1411 1283 precibus
1445 1240 1534 1271 nos
1559 1227 1978 1285 commendantes,

350 1317 472 1358 quos
496 1318 667 1348 omnes
691 1303 737 1348 in
761 1303 976 1349 Domino
1001 1304 1289 1359 salutamus,
1326 1303 1548 1349 salntem
1577 1308 1892 1361 prosperam
1926 1306 1978 1350 in

350 1379 484 1425 Duo.
522 1379 583 1425 P.
634 1380 683 1426 V.
720 1381 934 1438 longam
964 1385 1223 1437 optamus.
1257 1380 1391 1426 Bene
1417 1381 1584 1427 valeat
1609 1381 1661 1426 Ρ.
1691 1381 1754 1427 V.
1780 1381 1977 1439 Raptim

352 1455 591 1504 Coloniae
615 1457 662 1504 in
686 1468 869 1505 octaua
894 1458 1217 1516 Epiphaniae,
1245 1473 1373 1503 anno
1401 1457 1528 1504 1557.

438 1534 498 1580 R.
526 1535 578 1581 P.
607 1535 674 1581 V.
702 1551 880 1582 seruus
903 1536 950 1582 in
976 1535 1123 1593 Dno.,

1238 1624 1550 1670 LEONARDUS
1583 1623 1789 1672 KESSEL
1824 1627 1855 1671 4.

438 1750 728 1808 Inscriptio.
756 1757 784 1805 †
808 1750 915 1797 R.‘¹⁰
938 1750 984 1796 in
1009 1749 1101 1796 X.⁰
1125 1749 1262 1796 Patri
1286 1749 1351 1794 M.
1379 1747 1573 1807 Jacobo
1596 1748 1869 1808 Laynezio,
1891 1749 1978 1796 So-

353 1826 546 1873 cietatis
569 1828 687 1888 Jesu
711 1828 904 1874 vicario
928 1828 1170 1886 generali,
1198 1829 1409 1877 Romae.

437 1904 615 1962 Sigilli
634 1906 931 1963 vestigium.

441 1981 560 2028 Alia
584 1996 770 2028 manu:
792 1982 984 2039 Quadr.
1012 1983 1188 2028 coloni.
1216 1983 1329 2042 Jan.
1355 1984 1428 2030 57.
1459 1984 1664 2030 Emend.

396 2156 415 2175 ³
465 2156 663 2203 singulari
683 2155 891 2193 charitate.

397 2320 406 2338 ¹
460 2317 567 2355 Vide
587 2318 725 2364 Epist.
748 2316 886 2361 Mz'xt„
907 2316 960 2363 V,
982 2316 1062 2362 484,
1086 2317 1153 2353 ubi
1180 2322 1345 2354 vocatur
1365 2316 1557 2364 joannes,
1587 2328 1636 2353 ex
1664 2328 1769 2363 pago
1796 2314 1979 2352 Blitters-

349 2378 476 2426 wyck,
498 2391 577 2415 non
596 2378 735 2425 procul
754 2390 778 2414 a
796 2377 1019 2423 Neomago.
1042 2376 1105 2414 Cf.
1127 2376 1207 2413 ibid
1225 2376 1394 2422 505-506,
1412 2376 1479 2413 ubi
1495 2376 1544 2413 de
1560 2376 1701 2413 eodem
1717 2374 1783 2422 agi
1804 2374 1976 2411 videtur.

348 2438 515 2487 Hijmen
534 2438 665 2481 hodie,
686 2443 729 2474 ut
747 2437 791 2474 P.
814 2449 893 2473 van
911 2436 1034 2473 Miert
1053 2436 1167 2474 nobis
1194 2436 1365 2484 scripsit,
1396 2448 1485 2473 esse
1512 2436 1673 2472 videtur
1699 2447 1828 2482 pagus
1856 2433 1978 2470 Hem-

351 2510 455 2535 men.
486 2497 681 2543 Quisnam
708 2510 805 2535 vero
833 2496 954 2534 fuerit
982 2496 1043 2533 vir
1069 2497 1117 2533 de
1145 2509 1223 2543 quo
1252 2496 1400 2543 agitur,
1431 2495 1634 2532 affirmare
1662 2505 1743 2531 non
1767 2493 1977 2536 audemus,

350 2558 534 2604 quamvis
553 2563 593 2594 et
612 2569 758 2595 nomen
778 2562 817 2594 et
836 2557 917 2594 alia
935 2556 1135 2604 quadrent
1154 2569 1243 2594 cum
1263 2556 1323 2592 his
1342 2568 1447 2603 quae
1466 2556 1506 2592 in
1525 2555 1615 2592 aliis
1635 2553 1814 2601 epistolis
1845 2553 1978 2590 dicun-

348 2623 413 2654 tur
431 2617 480 2654 de
495 2616 653 2664 Joanne
673 2630 696 2654 a
714 2617 886 2654 Linden.
910 2615 973 2654 Cf.
995 2615 1184 2659 HANSEN,
1206 2617 1279 2652 loc.
1302 2615 1383 2661 cit.,
1400 2615 1482 2658 328,
1502 2614 1584 2660 330,
1605 2613 1686 2656 332,
1707 2612 1789 2655 337,
1810 2612 1893 2650 338.

399 2676 412 2695 ‘²
462 2676 571 2714 Vide
591 2689 683 2725 pag.
704 2676 738 2723 2,
761 2681 895 2714 annot.
916 2675 950 2712 2.

398 2737 410 2755 ³
463 2735 527 2774 Cf.
548 2737 657 2784 ibid„
679 2742 814 2774 annot.
838 2736 869 2774 l.

395 2797 407 2814 ⁴
460 2795 566 2833 Vide
586 2810 679 2844 pag.
702 2797 737 2841 4,
757 2802 893 2834 annot.
914 2796 948 2833 3.
