1900 3380
601 215 923 252 176.—B1LL01v10
949 215 970 251 4
994 214 1103 261 JUNn
1133 213 1224 249 1558
1574 249 1580 262 ,
1613 210 1683 246 713

95 330 201 359 xus.
251 311 546 358 Scholastici
593 312 790 369 pietatis
835 311 996 357 studio
1040 309 1384 367 prouectiores
1433 308 1726 353 dominicam

96 406 319 437 mensam
345 390 661 446 frequentant
685 389 819 434 feriis
845 389 1002 433 minus
1026 388 1173 434 etiam
1198 387 1497 433 solennibus.

151 468 195 514 5.
265 467 578 513 Infirmorum
611 467 761 512 aedes
785 466 1015 512 accersiti
1041 466 1246 511 adimus
1275 464 1630 510 Dissidentium
1656 479 1727 508 re—

96 545 428 592 conciliationi
453 546 628 590 damus
653 560 875 601 operam,
904 554 952 590 et
976 560 1075 600 pax
1097 544 1223 589 inter
1244 543 1483 600 coniuges
1501 558 1612 588 cum
1630 541 1729 587 foe-

94 640 217 670 nore
244 624 493 670 amicitiae
517 623 862 688 redintegrata
887 631 975 668 est.
1004 622 1126 667 Dns.
1155 621 1334 667 Petrus
1365 620 1569 666 Canalis
1593 620 1729 665 scho-

98 701 284 748 lasticis
310 709 383 746 est
407 716 436 746 a
460 700 872 757 confessionibus,
901 708 948 745 et
966 699 1213 744 aduersae
1234 698 1530 744 valetudinis
1550 698 1729 743 incom-

97 780 295 825 modum
319 794 431 824 cum
458 794 703 836 prospera
728 777 1012 823 valetudine
1038 777 1081 821 in
1108 777 1201 822 hoc
1225 782 1344 822 a'ere
1374 791 1528 832 prope
1563 775 1731 820 natiuo

95 857 436 903 commutauit.
470 856 631 901 Feriis
655 855 939 901 solennibus
975 863 1214 910 quotquot
1247 869 1416 899 sumus
1449 868 1731 898 sacramen-

96 945 259 981 torum
314 934 585 980 ministerio
637 949 784 990 quam
829 929 1214 989 oc'cupatissimi,
1264 931 1404 976 verbi
1454 930 1731 987 euangelici

98 1004 490 1059 consolationem
518 1011 689 1057 vicinis
715 1010 837 1055 locis
862 1026 1052 1066 negare
1077 1009 1433 1066 compellimur,
1461 1018 1609 1066 atque
1647 1008 1732 1053 vti-

96 1107 209 1136 nam
236 1090 486 1146 duplicato
511 1104 719 1134 numero
744 1088 910 1145 plures
934 1101 1176 1136 essemus3
1204 1102 1359 1142 aegre
1384 1086 1545 1131 adhuc
1564 1102 1731 1131 aruer-

97 1184 277 1214 norum
302 1168 433 1213 votis
459 1167 761 1223 respondere
791 1180 1065 1222 possemus,
1102 1164 1305 1209 Nobiles
1339 1179 1398 1209 ac
1432 1163 1735 1220 praediuites

98 1248 285 1305 aliquot
312 1255 573 1292 matronae
609 1244 872 1290 confessae
906 1251 1115 1300 peccata
1149 1241 1391 1299 singulari
1415 1241 1599 1298 pietate
1633 1241 1733 1286 illu-

96 1326 306 1372 striores
340 1339 569 1370 euasere.
597 1321 882 1380 Impudicae
921 1321 1109 1377 aliquot
1134 1320 1366 1366 mulieres
1401 1319 1585 1365 Christi
1621 1335 1732 1377 gra-

99 1404 197 1450 tiae
222 1418 311 1460 per
336 1400 686 1459 poenitentiam
712 1410 882 1445 nostro
908 1397 1178 1444 ministerio
1204 1397 1556 1443 reconciliatae
1581 1412 1641 1442 ac
1661 1413 1735 1443 sa-

99 1480 248 1527 lutari
269 1479 619 1526 exhortatione
639 1477 985 1533 confirmatae,
1009 1485 1146 1522 caste
1167 1475 1312 1521 modo
1333 1475 1503 1520 viuunt
1522 1483 1671 1531 atque
1690 1476 1736 1521 in

100 1560 193 1605 Dei
223 1559 401 1605 timore
435 1565 780 1615 perseuerant.
819 1554 1139 1613 [Omz'ttz'mus
1173 1553 1415 1610 exempla
1450 1552 1737 1610 nonnulla]

158 1637 200 1683 6.
269 1636 365 1693 Qui
397 1634 609 1681 antehac
643 1634 707 1679 ab
741 1647 917 1678 errore
952 1631 1283 1689 resipuerunt,
1311 1639 1601 1676 constanter
1626 1646 1735 1687 pru·
1786 1637 1788 1641 ’

103 1715 375 1770 denterque
415 1720 597 1758 cauent
640 1726 700 1756 ne
745 1710 1054 1755 relabantur.
1103 1708 1242 1754 Multi
1288 1724 1314 1753 e
1359 1708 1500 1753 vario
1545 1708 1737 1764 peccati

101 1791 383 1837 discrimine
422 1791 633 1836 salutem
674 1788 839 1845 adepti
874 1787 935 1833 ad
960 1787 1205 1832 victoriae
1231 1786 1459 1831 brauium
1485 1786 1735 1831 anhelant.

102 1869 289 1916 Omitto
324 1868 519 1914 nefaria
552 1867 747 1912 scelera
782 1882 808 1911 e
843 1865 1019 1922 quibus
1053 1873 1366 1910 emerserunt
1399 1864 1534 1909 multi
1565 1863 1643 1919 qui
1675 1863 1738 1908 ad

101 1956 380 1993 extremum
407 1945 642 1991 vitiorum
666 1943 961 1990 barathrum
986 1942 1286 1999 praecipites
1311 1942 1540 1997 ruebant,
1568 1956 1736 1997 quam-

103 2041 247 2082 quam
274 2023 529 2080 plaerique
554 2023 876 2078 incorruptae
902 2021 1036 2066 vitae
1060 2028 1498 2066 sacramentorum
1532 2018 1735 2064 familia-

105 2102 143 2147 ri
173 2118 261 2147 vsu
286 2100 460 2146 salutis
485 2115 605 2147 suae
628 2099 883 2156 negotium
909 2115 1020 2144 cum
1047 2098 1255 2143 foenore
1275 2105 1618 2154 promoueant.

162 2179 203 2225 7.
274 2179 527 2236 Quantum
562 2171 683 2222 vero
719 2176 781 2222 ad
816 2176 1107 2221 academiae
1148 2184 1351 2221 nostrae
1386 2175 1634 2219 celebrem
1670 2173 1737 2218 fa-

105 2273 236 2303 mam
261 2272 321 2302 ac
344 2255 621 2302 studiorum
654 2253 897 2300 exercitia
931 2254 1121 2310 attinet,
1149 2253 1504 2309 discipulorum
1530 2260 1739 2296 caterua

105 2333 470 2380 confertissima
504 2331 935 2378 numerum-facile
960 2333 1175 2388 complet
1209 2330 1554 2376 millenarium.
1581 2328 1633 2374 In
1658 2344 1739 2374 ex-

105 2423 264 2457 trema
298 2411 460 2456 classe
495 2409 691 2455 ducenti
726 2420 853 2466 sunt3
881 2409 927 2454 in
962 2409 1192 2465 proxima
1226 2407 1447 2461 totidem;
1481 2406 1527 2450 in
1559 2414 1740 2462 quarta

106 2489 487 2547 sesquicentum;
516 2487 560 2532 in
585 2487 733 2533 tertia
767 2503 920 2544 prope
944 2497 1156 2543 centum;
1184 2486 1228 2530 in
1254 2485 1472 2531 secunda
1496 2500 1556 2530 ac
1579 2484 1740 2540 prima

107 2566 387 2623 pauciores,
416 2574 585 2622 vtpote
620 2564 934 2610 eruditiores.
961 2564 1183 2609 [nfinitus
1206 2572 1280 2608 est
1304 2577 1539 2607 numerus
1574 2562 1739 2618 alpha-

109 2643 433 2700 betariorum,
457 2643 538 2700 qui
563 2659 592 2688 a
617 2643 717 2688 suis
741 2642 1052 2700 paedagogis
1078 2641 1308 2698 priuatim
1333 2640 1671 2694 instituuntur,
1693 2649 1741 2685 et

108 2721 306 2778 legendi
350 2721 697 2778 scribendique
751 2720 992 2766 exercitio
1047 2719 1344 2764 formantur.
1393 2717 1598 2762 Nobiles
1648 2717 1741 2762 viri

108 2800 343 2857 ciuesque
384 2799 768 2856 praecipuarum
804 2798 1000 2844 vrbium
1036 2797 1220 2842 liberos
1253 2811 1370 2841 suos
1411 2795 1506 2840 huc
1545 2796 1742 2840 mittunt

109 2876 421 2922 erudiendos.
452 2875 494 2921 E
528 2875 796 2932 prouinciis
833 2874 1184 2920 remotioribus
1219 2881 1367 2929 atque
1402 2873 1528 2918 adeo
1553 2888 1580 2918 e
1605 2872 1740 2918 Pari-

110 2954 297 2998 siorum
349 2953 610 2998 academia
661 2952 849 3009 aliquot
894 2952 956 2997 ad
1001 2966 1090 2996 nos
1129 2950 1479 2995 conuolarunt.
1527 2948 1742 2994 Scholae

112 3030 361 3076 exercitia
384 3046 448 3076 ex
470 3030 642 3075 ordine
667 3030 1005 3075 obseruantur
1038 3027 1365 3085 praescripto,
1391 3042 1503 3073 cum
1527 3026 1744 3073 maxima
