1909 3328
271 184 339 219 740
738 183 958 220 LirrssssAE
987 183 1346 229 QUADRIMESTRES

216 294 315 324 >eon
340 278 622 334 allegrezza
647 277 847 323 attende
883 294 912 323 a
947 278 1024 334 pie
1056 293 1224 335 opere.
1253 279 1358 325 Che
1393 280 1501 325 diro
1536 281 1640 337 pisi?
1664 281 1856 339 Questo

223 357 426 401 bastera
451 354 713 410 agionger'
739 370 768 399 a
793 354 836 400 1ε
860 370 976 400 eose
1001 355 1076 400 del
1103 355 1225 400 ditto
1250 355 1430 413 Padre,
1457 357 1548 402 che
1572 357 1656 413 gia
1687 373 1778 414 per
1809 359 1856 404 la

223 431 320 476 cita
345 446 440 475 non
475 446 563 486 per
598 431 801 487 proprio
837 446 998 487 nome,
1036 447 1117 477 ma
1142 441 1285 477 santo
1310 436 1336 478 e
1359 432 1626 478 chiamato.
1652 434 1715 479 Et
1748 450 1856 490 per-

223 508 311 553 che
336 512 362 553 e
386 508 571 552 hauuto
596 507 641 552 in
668 523 797 564 gran
829 508 1102 553 riuerentia
1127 508 1189 553 da
1214 509 1352 554 molti
1386 509 1553 564 nobili,
1579 510 1742 555 alcuni
1767 511 1857 556 ohe

221 584 447 641 sogliono
483 584 528 628 in
563 584 713 629 molte
749 584 970 630 maniere
1009 585 1261 631 biasmare
1292 597 1465 641 questo
1491 586 1720 643 collegio,
1746 603 1856 632 son·

222 662 328 706 nosi
353 661 572 717 alquanti
598 660 856 706 rafredati.

277 737 319 783 3.
386 737 423 782 Il
447 737 603 783 frutto
628 737 856 795 adunque
880 738 970 784 che
995 754 1083 795 per
1108 748 1282 795 questo
1308 748 1355 784 et
1380 755 1470 795 per
1495 739 1524 784 li
1549 740 1664 785 altri
1697 741 1854 786 nostri

222 814 473 859 sacerdoti
508 814 559 860 fa
593 815 622 859 il
653 814 884 872 Signore,
912 819 938 861 e
963 816 1096 861 assai
1120 816 1331 872 grande.
1359 816 1498 862 Molti
1529 816 1856 863 confessatosi

218 892 594 948 generalmente
617 891 656 936 si
679 906 836 938 sonno
862 892 972 938 uisti
998 893 1176 938 essersi
1201 892 1558 949 grandemente
1583 894 1849 939 emendati.

220 969 413 1014 Aloune
437 968 669 1014 etiamdio
693 970 902 1023 uedoue,
941 970 1151 1015 laseiata
1186 971 1232 1016 la
1267 970 1434 1015 uanita
1469 970 1547 1016 del
1582 971 1779 1025 mondo,
1817 972 1856 1016 si

220 1061 376 1091 sonno
402 1046 627 1092 dedicate
652 1062 681 1091 a
706 1047 802 1091 Dio
828 1047 871 1092 in
898 1047 1204 1093 continentia
1228 1056 1487 1104 perpetua.

277 1124 318 1168 4.
382 1123 465 1168 Ma
490 1124 578 1169 che
603 1124 711 1168 diro
736 1125 844 1172 dele
872 1125 1081 1181 vergine
1107 1125 1213 1170 dele
1238 1125 1369 1181 quali
1395 1125 1529 1170 eirca
1560 1134 1725 1171 trenta
1756 1126 1855 1171 cal-

221 1201 590 1247 dissimamente
614 1202 909 1248 desiderano
944 1202 1277 1259 eongregarsi
1312 1202 1358 1247 in
1393 1203 1468 1247 un'
1496 1218 1661 1248 nuouo
1686 1219 1852 1249 mona-

219 1279 388 1335 steriO,
426 1279 516 1324 che
551 1279 805 1336 pensiarno
839 1279 1134 1336 s'edificara‚
1171 1296 1260 1336 per
1294 1279 1374 1325 far
1408 1279 1690 1325 santissima
1730 1280 1854 1326 vita?

218 1356 508 1412 Imperoehe
534 1371 632 1401 vna
656 1357 944 1402 venerabile
979 1357 1143 1402 donna
1176 1372 1404 1408 monaca,
1433 1358 1547 1414 qual
1581 1357 1633 1402 fu
1668 1358 1853 1414 moglie

220 1433 329 1477 d'un
370 1433 560 1478 barone
599 1433 919 1490 nobilissimo,
957 1434 1065 1479 dice
1095 1434 1141 1479 di
1173 1433 1406 1480 edificare
1447 1450 1509 1479 un
1551 1434 1856 1480 monasterio

221 1525 314 1554 oue
340 1510 725 1566 perfettamonte
750 1511 982 1556 s'osserui
1009 1512 1055 1556 la
1080 1512 1273 1568 regula,
1301 1512 1380 1557 nel
1403 1512 1495 1556 ohe
1519 1511 1690 1557 ehiede
1715 1512 1854 1568 agiu-

219 1595 269 1631 to
293 1586 356 1631 da
381 1586 392 1631 i
417 1587 572 1632 nostri
598 1586 766 1644 Padri,
795 1603 891 1633 non
916 1588 1153 1634 aceioche
1177 1588 1362 1645 piglino
1387 1588 1641 1634 uniuersal
1665 1604 1787 1634 eura
1806 1589 1852 1634 di

219 1664 396 1720 quello,
425 1664 607 1720 perche
632 1669 684 1710 sa
707 1674 881 1721 questo
906 1681 1001 1710 non
1022 1664 1060 1710 si
1086 1674 1230 1722 poter
1248 1665 1373 1721 fare,
1397 1681 1477 1710 ma
1501 1665 1736 1711 aceioohe
1761 1681 1855 1711 eon

221 1740 474 1797 prediehe,
501 1741 821 1786 essortationi
851 1750 899 1786 et
924 1742 1038 1786 altri
1072 1742 1135 1798 pii
1170 1742 1411 1787 essereitii
1436 1743 1482 1787 lo
1506 1742 1744 1798 agiutino.
1771 1742 1855 1788 Ma

220 1832 316 1862 non
341 1832 494 1873 penso
528 1817 618 1862 ohe
651 1818 712 1863 lei
747 1827 920 1874 questo
955 1821 1183 1864 ottenera
1208 1817 1366 1864 finche
1402 1834 1499 1864 non
1533 1819 1799 1864 habbiamo
1823 1819 1857 1864 il

224 1910 404 1951 parere
429 1895 507 1940 del
531 1894 658 1940 Rdo.
686 1894 741 1940 Ρ.
769 1895 1078 1951 prouinciale
1104 1898 1132 1940 ¹.

278 1972 320 2017 5.
388 1971 426 2017 Il
459 1971 616 2017 frutto
641 1972 730 2017 ohe
754 1972 881 2017 nelle
905 1972 1141 2029 prediehe
1166 1972 1245 2029 qui
1269 1972 1309 2018 si
1332 1973 1400 2030 fa,
1428 1973 1457 2018 li
1482 1973 1624 2018 stessi
1657 1972 1855 2018 eitadini

219 2063 311 2093 eon
357 2064 507 2104 opere
552 2049 909 2094 dimonstrano.
958 2049 1250 2106 Imperoehe
1293 2050 1425 2095 nella
1465 2050 1853 2107 quadragesima

220 2141 315 2170 non
342 2126 644 2182 predicando
668 2127 699 2171 il
725 2126 888 2172 Padre
922 2142 975 2172 se
1010 2143 1107 2172 non
1140 2128 1216 2173 tre
1250 2128 1384 2172 uolte
1415 2128 1463 2172 la
1494 2127 1774 2181 settimana,
1802 2127 1854 2172 fu

215 2212 436 2260 pregato
460 2204 593 2249 assai
628 2204 691 2249 da
725 2204 887 2249 alcuni
922 2204 1071 2250 nobili
1108 2205 1289 2250 dottori
1314 2205 1403 2250 ohe
1429 2205 1713 2262 predicasse
1737 2204 1854 2262 ogni

220 2281 417 2337 giorno,
445 2281 654 2326 dicendo
689 2281 780 2327 ohe
814 2281 1014 2338 magior
1047 2281 1205 2327 frutto
1239 2282 1481 2339 potrebbe
1506 2282 1604 2339 egli
1628 2281 1737 2327 fare
1761 2281 1852 2327 che
1905 2276 1909 2279 ³

218 2358 286 2414 gli
311 2359 425 2404 altri
450 2359 753 2415 predicatori
791 2359 851 2405 de
885 2359 932 2404 la
966 2359 1082 2415 eita3
1110 2360 1155 2404 di
1180 2359 1405 2405 maniera
1429 2359 1519 2404 che
1541 2359 1639 2405 mai
1664 2359 1695 2404 li
1719 2374 1853 2411 man·

219 2438 277 2479 eo
303 2436 398 2480 bon
421 2450 667 2481 concorso
701 2436 946 2482 d‘homeni
970 2445 1018 2482 et
1042 2436 1217 2481 donne.
1247 2435 1329 2481 Ma
1363 2436 1423 2481 de
1458 2437 1501 2481 le
1536 2436 1664 2481 altre
1696 2435 1854 2493 predi-

219 2511 309 2556 ehe
331 2527 428 2556 non
453 2511 580 2558 dieo.
607 2511 660 2558 In
694 2513 859 2570 quella
883 2512 973 2558 che
997 2512 1036 2558 si
1060 2512 1108 2558 fe
1137 2512 1169 2557 il
1193 2527 1347 2558 uener
1380 2521 1541 2572 santo,
1568 2520 1709 2558 tanta
1731 2511 1784 2557 fu
1806 2512 1854 2557 la

219 2588 527 2634 moltitudine
551 2589 610 2635 de
634 2590 666 2635 li
689 2589 924 2645 auditori,
960 2589 1052 2635 che
1085 2604 1182 2635 non
1217 2589 1384 2647 potian
1414 2588 1585 2646 capire
1623 2589 1736 2635 nela
1769 2604 1852 2634 no·
1907 2643 1909 2648 Ι

210 2674 324 2710 >stra
348 2665 533 2724 chiesa3
560 2667 687 2712 onde
721 2667 882 2713 alconi
906 2667 987 2712 for
1010 2667 1069 2712 de
1099 2667 1143 2712 le
1166 2675 1311 2723 porte
1345 2666 1578 2713 vdiuano.
1601 2666 1699 2712 Dal
1724 2665 1852 2723 prin-

219 2741 346 2798 cipio
370 2757 400 2787 a
423 2743 471 2788 la
494 2742 590 2789 fine
613 2743 666 2789 fu
689 2744 759 2789 tal
782 2744 951 2801 pianto
976 2742 1092 2801 qual
1114 2758 1255 2789 esser
1279 2744 1383 2789 sole
1417 2758 1478 2789 ne
1513 2743 1562 2789 la
1592 2751 1752 2789 morte
1777 2743 1854 2788 del

219 2818 489 2875 vnigenito.

269 2940 278 2958 ¹
330 2938 375 2975 P.
397 2939 674 2988 Hieronymus
692 2939 944 2985 Domeneeh,
973 2944 1067 2976 tune
1095 2940 1252 2976 Romae
1288 2938 1337 2976 ob
1373 2939 1616 2976 electionem
1644 2937 1851 2984 generalis

210 3009 359 3043 agens.
