1900 3380
467 318 802 354 ila-fssiissiono
835 320 874 355 10
906 319 1146 355 UEcEMBRls
1177 322 1264 356 1337
1565 321 1630 356 451

54 414 234 460 nostris
258 414 319 458 D.
348 414 621 470 Pasquasio
655 430 712 459 ac
738 415 963 471 Baptista
998 415 1173 459 abhinc
1212 425 1396 470 septeni
1434 417 1682 462 mensibus

54 491 116 536 nil
154 490 506 546 audiuerimus‚
549 493 773 547 quamuis
807 507 979 537 eorum
1020 492 1264 536 aduentus
1298 493 1340 536 in
1380 494 1680 539 Aruerniam

52 576 272 613 nostram
298 578 411 613 ante
436 584 524 613 sex
547 584 742 613 menses
766 578 1120 625 expectaretur
1153 571 1180 613 ¹.
1220 569 1329 613 Non
1355 570 1579 625 equidem
1604 586 1680 615 su-

53 660 158 690 mus
182 645 331 690 nescii
358 646 509 690 multa
534 646 597 690 ab
622 661 680 690 eo
705 655 927 702 tempore
951 647 1154 702 negotia
1181 647 1348 691 forsan
1375 648 1535 691 ardua
1555 648 1680 692 acci-

53 722 168 766 dere
208 722 443 778 potuisse,
485 732 585 767 tum
624 724 874 778 generalis
912 722 1123 778 eligendi
1160 723 1287 767 inter
1331 732 1402 768 tot
1446 725 1681 768 tumultos

53 797 159 857 [Sic]
185 798 387 844 bellicos
421 800 603 855 gratia,
630 810 731 844 tum
757 799 1010 844 infortunii
1040 815 1099 844 ac
1124 799 1290 844 diluuii
1315 801 1506 845 romani
1532 810 1680 858 atque

52 875 176 921 adeo
219 875 462 920 florentini
505 877 541 927 2;
589 876 830 921 miramur
874 886 1093 922 attamen
1141 877 1269 932 quod
1316 876 1571 921 literarum
1616 878 1679 922 nil

50 962 187 999 tanto
212 953 448 1009 temporis
472 954 632 1009 spatio
657 962 928 1005 transacts),
957 970 986 998 a
1010 954 1152 999 vobis
1176 955 1255 998 vel
1291 955 1352 999 ah
1387 954 1442 999 iis
1476 969 1679 1011 accepe-

51 1030 216 1075 rimus.
261 1030 488 1075 Ferimus
527 1030 721 1075 interim
762 1046 920 1087 aequo
960 1031 1122 1076 animo
1163 1040 1384 1075 nostram
1425 1030 1679 1076 fortunam

51 1107 263 1152 contenti
298 1107 336 1151 si
372 1106 584 1152 Domino
624 1107 856 1164 episcopo
891 1107 1271 1152 claramontano
1296 1109 1311 1131 3
1342 1107 1427 1152 fiat
1461 1109 1596 1153 satis.
1633 1109 1680 1153 Is

51 1185 192 1229 modo
217 1184 426 1229 diuersis
461 1185 522 1230 oh
558 1185 874 1240 episcopatus
914 1184 1100 1229 reditus
1135 1200 1325 1229 annuos
1361 1186 1588 1241 negotiis,
1631 1197 1678 1231 et

50 1261 260 1307 nondum
287 1262 329 1306 in
360 1262 431 1306 Ar
437 1262 657 1306 uerniam
683 1278 774 1317 par
779 1278 867 1306 ans
895 1263 1122 1313 1⁴,editum
1150 1271 1319 1318 posset
1343 1263 1569 1307 aduersis
1588 1263 1676 1308 flu-

49 1339 207 1384 ctibus
231 1354 290 1383 ac
317 1357 344 1383 v
351 1339 468 1384 ariis
493 1339 746 1384 desideriis
772 1339 971 1395 ag-itaii
995 1339 1140 1384 licet
1130 1355 1173 1384 1n
1201 1340 1330 1384 bono
1350 1355 1440 1384 suo
1459 1340 1678 1420 ptoposi-

49 1424 98 1460 to
122 1415 281 1472 maois
306 1430 365 1460 ac
390 1415 548 1472 maois
573 1431 904 1471 perseuerare
928 1432 981 1460 se
1010 1415 1346 1472 profiteatut

106 1492 146 1537 2.
213 1493 325 1552 Jam
350 1509 472 1538 vero
497 1493 559 1538 ad
585 1509 644 1538 ea
675 1509 769 1550 que
803 1504 1027 1539 nostram
1062 1504 1291 1550 spectant
1325 1495 1676 1552 cono-segatio-

48 1584 173 1621 nem
201 1570 364 1614 venio.
392 1569 578 1626 Scripsi
603 1586 771 1615 mense
795 1586 944 1626 super
950 1571 1054 1615 iore
1074 1571 1318 1627 quomodo
1339 1571 1562 1616 dominus
1580 1571 1677 1616 Ro—

48 1645 133 1691 bei
138 1654 254 1691 tus
263 1646 459 1696 frater
482 1656 667 1704 noster,
696 1658 1022 1693 concionatui
1027 1663 1082 1692 us
1117 1657 1227 1693 erat
1260 1647 1402 1693 huius
1437 1648 1680 1694 aduentus

47 1734 267 1779 tempoie
291 1723 470 1775 Riomi
499 1724 626 1780 quod
651 1724 915 1780 negocium
950 1734 1050 1769 tam
1087 1724 1183 1769 foel
1190 1724 1330 1769 icitei
1364 1725 1591 1781 prestitit,
1619 1741 1679 1770 ac

48 1814 154 1845 curn
172 1809 311 1846 tanto
331 1801 547 1846 omnium
568 1801 827 1857 applausu,
850 1811 903 1846 vt
922 1802 983 1846 ad
1004 1802 1252 1847 dominum
1277 1802 1562 1859 episcopum
1582 1804 1677 1848 cla-

48 1887 391 1923 romontanum
432 1879 564 1923 ciues
599 1879 748 1924 scribi
788 1879 1027 1936 curarint,
1065 1889 1118 1925 vt
1156 1880 1202 1924 in
1238 1880 1676 1936 quadragesimam

47 1955 322 2011 proximam
347 1955 564 2001 eiusdem
589 1971 793 2012 operam
818 1956 1094 2002 concedere
1119 1957 1431 2013 dignaretur.
1459 1957 1558 2002 Alii
1578 1957 1676 2002 fra-

48 2040 146 2077 tres
168 2042 368 2078 strenue
393 2049 587 2091 quoque
611 2049 701 2078 suo
725 2033 1002 2090 funguntur
1031 2033 1196 2079 officio
1231 2034 1274 2079 in
1312 2034 1585 2080 erudienda
1608 2034 1676 2091 ju-

24 2118 259 2164 .uentute,
297 2110 481 2155 nullum
522 2110 655 2168 [non]
685 2117 702 2136 ³
725 2121 983 2156 mouentes
1016 2111 1228 2167 lapidem
1270 2127 1366 2168 quo
1402 2127 1486 2156 eos
1511 2113 1555 2157 in
1581 2112 1677 2168 pie-

46 2193 145 2230 tate
168 2192 228 2230 ac
247 2186 475 2232 doctrina
494 2188 656 2244 magis
675 2203 735 2232 ac
757 2187 918 2244 magis
937 2203 1236 2244 promouere
1256 2187 1484 2233 sentiant.
1508 2188 1672 2244 Magr.

45 2261 336 2308 Leonardus
367 2263 382 2287 ⁶
407 2279 468 2309 ex
501 2263 665 2309 Patris
699 2264 954 2321 Baptistae
988 2265 1299 2321 praescripto
1338 2265 1677 2321 philosophiae

91 2434 110 2454 a
159 2436 252 2473 Hoc
271 2437 467 2482 negandi
482 2438 663 2474 verbnm
682 2439 897 2475 sententia
917 2439 1015 2484 ipsa
1037 2439 1233 2484 requirit.

93 2598 103 2617 ¹
153 2597 407 2644 Paschasius,
429 2612 450 2636 e
470 2600 608 2646 primis
626 2599 775 2647 Ignatii
794 2600 924 2644 sociis,
947 2605 987 2637 et
1001 2600 1180 2647 Joannes
1199 2599 1245 2636 B.
1265 2599 1402 2641 Viola,
1419 2600 1584 2646 collegii
1602 2601 1675 2637 bil-

46 2656 232 2695 lomensis
250 2659 600 2706 superintendens,
619 2661 791 2696 Romam
811 2659 979 2707 profecti
998 2666 1126 2701 erant„
1149 2660 1198 2696 ad
1223 2659 1442 2706 praepositi
1467 2660 1677 2706 generalis

0 2726 1 2731 ¹
47 2716 296 2756 electionem.

92 2776 105 2795 ²
154 2777 260 2814 Vide
280 2791 413 2825 supra,
435 2792 528 2826 pag.
551 2779 632 2821 435,
655 2785 791 2816 annot.
812 2779 847 2817 2.

91 2836 104 2856 ³
153 2836 360 2875 Guilelmo
379 2839 428 2875 de
447 2838 570 2875 Prato
591 2839 657 2883 (du
675 2839 804 2884 Prat)‚
826 2839 989 2886 collegii
1009 2838 1226 2875 fundatori.

91 2895 106 2915 ⁴
153 2897 304 2934 Verbis
321 2897 428 2934 facta
446 2905 751 2936 consenserunt.
774 2897 837 2937 Cf.
866 2899 1147 2942 FOUQUERAY‚
1177 2898 1373 2936 Histoire
1403 2899 1458 2936 de
1484 2900 1527 2936 la
1558 2899 1676 2937 Com-

43 2958 204 3002 pagnie
219 2957 274 2994 de
285 2957 434 3004 jesus,
454 2958 483 3001 Ι,
508 2957 674 2995 188-192.

92 3014 106 3033 ⁵
154 3016 357 3053 Robertus
376 3016 641 3064 Clayssonius
661 3017 907 3065 (Claysson),
926 3019 1040 3066 cujus
1060 3017 1242 3054 meminit
1266 3030 1390 3064 saepe
1408 3017 1673 3066 Fouqueray,

47 3084 165 3120 opere
183 3076 316 3114 citato.

92 3133 106 3154 ⁶
154 3133 391 3173 Leonardus
410 3136 620 3173 Masserus
639 3136 840 3182 (Masser).
