1909 3328
217 234 287 271 752
685 232 904 268 LITTERAE
932 231 1287 277 QUADRIMESTRES

171 345 284 375 nam
309 329 527 385 gratiam
554 327 768 373 restituti
794 337 921 373 sunt.
947 327 1228 372 Nonnullae
1252 326 1543 374 meretrices
1562 325 1625 370 ad
1643 324 1805 370 Deum

171 421 473 456 conuersae,
520 422 546 450 e
595 405 884 461 turpissima
927 404 1182 450 daemonis
1231 404 1473 449 seruitute
1518 399 1579 448 ad
1635 416 1806 447 ueram

173 483 357 528 Christi
383 483 664 527 libertatem
690 482 1013 527 transierunt.

228 562 269 605 l.
339 559 614 605 Praeterea
650 575 759 605 cum
795 559 1017 615 pluribus
1051 558 1374 604 concionibus
1408 557 1469 602 R.
1507 557 1560 602 P.
1599 555 1804 601 Benedi—

174 649 296 685 ctus,
325 646 436 693 post
466 637 655 692 pascha
689 647 736 682 et
770 647 900 687 ante,
939 636 998 681 de
1033 635 1328 681 sanctissimi
1364 633 1698 680 eucharistiae
1731 647 1805 677 sa-

171 713 411 759 cramenti
438 713 679 769 dignitate
704 722 898 769 ageret,
925 728 984 757 ac
1009 713 1328 758 uemehenter
1358 711 1404 756 in
1430 726 1517 756 eos
1552 709 1806 754 inuehere-

171 804 251 835 tur
276 790 371 846 qui,
400 790 530 835 omni
556 789 749 846 penitus
773 790 1019 835 exhausto
1045 790 1245 843 rubore,
1284 788 1548 834 ueritatem
1584 786 1687 832 eius
1721 786 1804 830 im-

170 868 410 924 pudenter
443 876 593 924 atque
627 867 871 913 audacter
905 878 1081 912 contra
1115 866 1427 912 orthodoxae
1464 864 1721 910 Ecclesiae
1754 862 1802 907 fi-

173 946 280 990 dem
306 959 497 1000 negare
521 944 720 995 audent,
749 944 827 989 uel
852 945 915 990 ab
939 944 1044 989 eius
1075 943 1476 1001 frequentatione
1510 941 1696 996 fideles,
1724 956 1803 985 ne-

169 1024 271 1067 scio
297 1037 392 1078 quo
421 1021 618 1077 pietatis
653 1031 934 1077 praetextu,
973 1036 1217 1066 reuocare
1251 1036 1347 1065 non
1383 1028 1637 1075 ueremur,
1675 1033 1805 1063 com-

169 1100 337 1156 plures
361 1098 543 1144 eximio
567 1099 711 1144 huius
735 1099 1037 1144 sacramenti
1062 1113 1234 1144 amore
1259 1108 1371 1143 sunt
1395 1096 1610 1142 accensi.

227 1178 269 1222 5.
338 1175 435 1221 Alii
471 1176 867 1221 sacramentario
901 1186 1050 1232 atque
1086 1175 1297 1220 aliarum
1332 1175 1596 1219 haeresum
1633 1173 1806 1217 morbo

178 1270 238 1299 ac
262 1264 399 1310 peste
424 1252 609 1305 infecti,
637 1252 982 1298 detestandum
1016 1267 1243 1298 errorem
1280 1267 1420 1297 suum
1456 1258 1805 1306 agnoscentes,

175 1331 369 1376 haeresi
414 1331 726 1380 abdicarunt,
774 1331 1024 1388 librosque
1067 1345 1185 1375 suos
1229 1330 1626 1375 combusserunt.
1670 1326 1804 1372 Inter

172 1416 402 1453 caeteros
426 1417 591 1453 autem
617 1407 814 1465 quidam
840 1407 1111 1453 monachus
1137 1417 1186 1452 et
1209 1406 1448 1452 sacerdos
1479 1414 1710 1461 apostata
1733 1403 1805 1449 fa-

171 1495 297 1536 ctus,
325 1500 436 1530 cum
461 1484 881 1541 perniciosissima
906 1485 997 1529 hac
1023 1484 1217 1529 haeresi
1243 1484 1541 1538 laborasset,
1569 1482 1631 1526 ad
1666 1491 1800 1527 octa-

171 1576 284 1606 uum
309 1577 464 1618 usque
488 1577 689 1618 annum,
717 1561 864 1607 immo
889 1571 937 1606 et
967 1576 1175 1606 uxorem
1211 1560 1448 1608 duxisset.
1486 1558 1805 1605 concionibus

171 1638 334 1684 Patris
359 1638 419 1684 ad
446 1638 797 1695 poenitentiam
820 1638 1066 1693 inductus,
1094 1638 1139 1682 in
1170 1636 1526 1683 monasterium
1561 1651 1701 1681 suum
1733 1644 1807 1680 est

174 1730 427 1760 reuersus.

228 1792 271 1837 o.
339 1791 451 1837 Huc
474 1791 669 1837 accedit
700 1792 829 1848 quod
863 1792 926 1836 ad
960 1790 1296 1848 quadraginta
1331 1791 1408 1835 uel
1444 1788 1803 1846 quinquaginta

173 1884 233 1913 ex
259 1868 553 1925 primatibus
577 1867 714 1913 urbis
738 1868 800 1913 ad
825 1867 989 1913 Patris
1013 1867 1281 1913 conciones
1304 1865 1602 1922 compuncti,
1629 1875 1677 1910 et
1702 1880 1806 1910 cre-

175 1946 278 1991 bris
301 1946 407 1991 eius
440 1944 873 1990 adhortationibus
908 1944 1072 1990 diuino
1108 1959 1282 1989 amore
1316 1942 1623 1995 inflammati,
1662 1941 1806 1986 uehe-

172 2032 364 2068 menter
388 2022 642 2079 cupientes
666 2022 879 2067 alienam
903 2022 949 2067 in
973 2031 1228 2078 posterum
1262 2021 1326 2066 ab
1350 2019 1481 2065 omni
1516 2019 1704 2075 flagitio
1739 2019 1804 2063 ui-

172 2109 274 2144 tam
294 2099 478 2144 ducere
503 2108 552 2144 et
574 2098 897 2144 christianam
922 2097 1153 2154 pietatem
1179 2110 1437 2148 exercere,
1464 2096 1635 2141 eodem
1661 2093 1804 2139 simul

173 2190 344 2221 omnes
387 2175 561 2232 spiritu
605 2185 964 2226 conuenerunt,
1011 2174 1214 2220 Patrem
1259 2182 1485 2219 nostrum
1525 2187 1676 2228 super
1714 2171 1807 2216 hoc

173 2253 505 2310 consulentes;
531 2252 672 2297 cuius
696 2251 999 2297 authoritate
1024 2267 1083 2296 ac
1108 2250 1354 2296 sententia
1385 2248 1599 2306 Spiritus
1633 2246 1805 2293 Sancti

176 2330 343 2387 gratia
367 2329 638 2375 constituta
672 2338 747 2374 est
782 2329 1113 2386 congregatio
1148 2327 1344 2385 pietatis
1378 2326 1572 2372 nomine
1605 2336 1803 2371 uocata:

173 2418 221 2452 et
244 2408 308 2453 ab
333 2407 509 2452 eodem
533 2406 684 2451 Patre
708 2405 838 2451 ratio
863 2420 922 2451 ac
941 2405 1137 2450 uiuendi
1158 2404 1333 2449 modus
1351 2402 1692 2460 praescriptus
1712 2412 1802 2446 est.

174 2485 405 2540 Longum
429 2483 571 2529 nimis
595 2481 728 2528 esset
747 2483 943 2538 singula
966 2482 1177 2534 referre,
1213 2480 1299 2526 sed
1333 2496 1393 2526 ne
1426 2479 1608 2526 tacitus
1641 2478 1807 2523 omnia

174 2570 509 2617 praeteream,
536 2575 831 2605 summmam
855 2559 1004 2604 totius
1027 2558 1099 2603 rei
1124 2557 1297 2614 paucis
1321 2556 1597 2614 expediam.
1624 2555 1678 2600 In
1712 2555 1805 2611 pri-

174 2636 264 2682 mis
288 2652 459 2683 omnes
483 2637 622 2682 istius
645 2635 1053 2693 congregationis
1077 2644 1275 2691 oportet
1299 2635 1540 2680 selectam
1569 2632 1821 2689 propriae·

176 2715 452 2760 sanctitatis
475 2729 649 2759 curam
669 2728 869 2771 gerere;
895 2712 1080 2758 idcirco
1116 2711 1322 2768 singulis
1356 2711 1528 2756 diebus
1562 2709 1806 2755 matutino

173 2800 396 2847 tempore
435 2806 524 2847 per
563 2789 813 2835 dimidiam
853 2790 1027 2835 horam
1066 2789 1227 2834 Deum
1268 2787 1467 2845 precari
1508 2795 1668 2843 atque·
1701 2785 1807 2831 eius

173 2866 412 2912 auxilium
436 2876 607 2923 petere
632 2867 829 2923 debent,
856 2874 904 2911 et
927 2874 1074 2912 noctu
1099 2876 1215 2910 ante
1239 2863 1451 2910 cubandi
1482 2864 1676 2919 horam,
1713 2862 1804 2908 sin-

172 2942 275 2999 guli
300 2958 427 2999 quae
446 2944 711 3000 gesserint,
734 2959 823 3000 per
841 2943 1071 2988 trientem
1095 2943 1250 2987 horae
1270 2941 1577 2986 examinare:
1600 2939 1821 2996 singulis-

174 3020 322 3065 etiam
346 3020 620 3077 quibusque
644 3020 894 3066 mensibus
928 3018 1246 3073 confitentur,
1284 3027 1333 3064 et
1367 3026 1711 3063 sacrosantam
1746 3016 1804 3061 si-
