1900 3380
552 215 924 252 15O.—FL0RENT1A
950 216 997 252 26
1022 216 1182 253 MARTn
1212 217 1302 253 1558
1622 216 1689 253 581

106 311 245 355 nobis
280 326 402 366 opus
436 322 524 366 est,
562 311 736 367 quibus
772 328 860 357 nos
893 327 1063 357 omnes
1104 327 1166 357 ex
1205 313 1367 357 animo
1402 312 1551 357 etiam
1587 321 1738 370 atque

107 388 254 433 etiam
288 388 707 433 commendamus.
751 389 891 434 Haec
925 404 1051 445 quae
1091 389 1231 434 nobis
1269 389 1329 434 de
1370 390 1518 435 rebus
1557 390 1739 435 nostris

104 464 368 510 scribenda
392 476 549 510 erant.

195 541 345 599 Vale,
372 542 498 587 Reu.
527 542 692 587 Pater.

193 616 466 663 Ferrariae
492 618 585 663 XII
609 620 844 664 calendas
868 620 1085 676 Aprileis
1110 619 1437 666 M.D.LVHI.

194 693 381 740 Inutilis
404 711 581 741 seruus
606 694 872 742 Societatis
896 705 945 742 et
968 697 1028 741 R.
1058 696 1110 741 P.
1138 705 1269 753 tuae,

781 791 1002 837 IOANNES
1037 791 1241 837 PAULUS
1276 792 1609 838 MIRABELLUS
1644 794 1674 838 ¹.

191 892 297 937 Pro
321 893 673 948 inscriptione.
702 899 729 946 †
753 893 1160 949 Quadrimestres
1185 893 1529 940 ferrarienses,

876 1131 971 1182 150

454 1249 521 1294 IN
526 1248 919 1296 NOCENTIUS
963 1249 1385 1296 SPATAFORA

589 1366 825 1392 FLORENTIA
851 1356 899 1392 26
924 1367 1070 1393 MARTII
1100 1357 1189 1393 1555
1214 1357 1240 1393 ².

102 1450 134 1487 1.
155 1450 307 1487 Nostri
323 1451 369 1486 in
389 1450 544 1486 litteris
571 1461 623 1486 ac
648 1451 810 1496 spiritu
834 1451 1242 1496 proficz‘zmt.—2-10.
1263 1451 1467 1497 Qnatnor
1490 1452 1738 1489 sacerdotes

171 1511 310 1546 sacris
341 1511 601 1546 ministeriis
631 1521 793 1556 magno
825 1522 926 1547 cum
947 1511 1104 1556 fructu
1137 1511 1417 1547 incmnbnnt:
1450 1511 1654 1549 Didacns
1684 1512 1740 1548 de

173 1569 389 1613 Guznwn,
440 1569 622 1606 Fulvius
656 1570 912 1613 Androtins,
951 1570 1149 1616 Jacolnts
1168 1570 1367 1617 flander,
1415 1571 1738 1609 Desiderins.—

170 1630 225 1666 11.
240 1629 542 1666 Flandrormn
557 1630 1295 1675 quommdamvitaenzzctatz·0.*12.
1314 1630 1382 1666 De
1391 1632 1485 1667 suis
1501 1632 1643 1677 ipsius
1657 1633 1738 1668 mi-

170 1689 489 1726 misteriis—13.
525 1689 587 1726 De
606 1691 886 1726 renovatione
902 1692 1231 1727 votorum-151.
1261 1690 1328 1726 De
1351 1691 1552 1727 alumnis
1576 1693 1738 1728 nostris

170 1752 208 1785 et
239 1748 294 1784 de
322 1749 576 1785 studzormn
607 1751 945 1786 znstanmtz'one.
958 1749 1071 1786 —15.
1100 1750 1169 1786 De
1197 1750 1434 1787 sodalztate
1463 1750 1735 1796 (sacacium.—

172 1806 239 1842 16-
249 1807 307 1844 18.
341 1808 648 1845 Convezsiones
673 1808 897 1854 quaedam
917 1810 1194 1855 znsz'gmwes.
1213 1809 1322 1846 —19
1358 1810 1516 1846 Cresczt
1534 1811 1737 1855 confiten-

171 1867 283 1904 tium
304 1878 531 1904 numerus.

161 1964 199 2008 1.
266 1967 294 2015 ’ἰ-
328 1962 454 2008 IHS.
483 1963 591 2009 Pax
615 1964 729 2021 Xpi.
768 1964 988 2021 Tempus
1022 1975 1112 2021 est,
1150 1965 1275 2011 Rde.
1313 1965 1360 2010 in
1395 1965 1524 2022 Xpo.
1564 1966 1733 2023 Pater,

98 2055 196 2097 quo
230 2040 290 2085 R.
329 2040 383 2086 P.
412 2040 470 2085 T.
508 2041 694 2086 certior
728 2040 814 2086 fiat
847 2041 907 2086 de
942 2042 999 2086 iis
1034 2043 1183 2087 rebus
1216 2058 1344 2098 quae
1384 2058 1471 2098 per
1506 2042 1733 2097 indignos

100 2117 225 2164 filio's
248 2128 359 2164 tuos
383 2118 457 2163 his
480 2119 719 2175 proximis
743 2119 993 2165 mensibus
1027 2120 1075 2165 in
1109 2120 1202 2165 hoc
1236 2119 1496 2166 florentino
1520 2120 1734 2176 collegio

98 2204 273 2252 gestae
297 2204 424 2240 sunt.
449 2195 497 2240 A
513 2205 799 2241 nostrorum
823 2196 989 2252 itaque
1013 2197 1454 2242 exercitationibus
1478 2197 1731 2255 incipiens,

99 2272 163 2317 ad
187 2282 424 2317 externos
447 2288 605 2329 eaque
629 2288 757 2329 quae
782 2273 828 2318 in
853 2288 1024 2318 eorum
1049 2274 1312 2319 utilitatem
1330 2284 1477 2330 gesta
1501 2285 1630 2331 sunt,
1652 2275 1732 2321 de-

100 2364 312 2394 ueniam.

186 2425 486 2471 Nostrorum
510 2426 725 2472 omnium
750 2426 850 2483 (qui
884 2426 931 2471 in
965 2427 1059 2472 hoc
1092 2427 1353 2472 florentino
1385 2428 1596 2484 collegio
1620 2444 1732 2474 sex-

98 2502 258 2548 decim
292 2503 480 2560 sumus)
519 2503 678 2549 maior
713 2519 830 2560 pars
864 2503 1040 2550 litteris
1074 2504 1327 2550 incumbit.
1365 2504 1574 2550 Duobus
1603 2505 1732 2551 enim

98 2581 319 2637 exceptis
359 2581 591 2638 (quorum
635 2582 765 2626 alter
809 2597 959 2627 cocus
1003 2592 1099 2635 est,
1147 2583 1277 2627 alter
1322 2598 1407 2627 eas
1458 2598 1538 2628 res
1587 2593 1734 2630 curat

97 2659 480 2714 comparandas,
508 2674 636 2715 quae
660 2659 800 2704 nobis
824 2669 936 2704 sunt
959 2659 1022 2704 ad
1047 2660 1230 2705 uictum
1255 2660 1539 2717 cultumque
1563 2676 1730 2707 neces-

147 2839 157 2858 ¹
210 2838 317 2874 Vide
336 2838 533 2884 superius,
556 2851 649 2884 pag.
669 2837 752 2883 329,
773 2843 913 2874 annot.
941 2839 973 2875 1.

144 2897 157 2917 ⁹
212 2897 276 2934 Ex
293 2897 545 2944 autographo
563 2897 603 2934 in
619 2898 753 2934 codice
770 2898 897 2934 Rom.
918 2898 998 2935 126
1014 2898 1049 2935 A
1067 2902 1106 2935 et
1119 2898 1202 2935 126
1214 2898 1268 2942 B,
1284 2898 1307 2935 3
1321 2897 1379 2944 ff.,
1397 2912 1463 2936 nn.
1480 2898 1603 2945 464&
1619 2900 1730 2947 prius

95 2956 154 2994 60.
174 2957 390 2994 Praecedit
409 2957 639 3004 exemplum
658 2957 800 2993 italum
819 2957 860 2993 in
878 2957 919 2994 ff.
937 2957 1059 2994 42-45.
1079 2956 1311 2994 Secundum
1330 2958 1521 3001 ΗΑΝΞΕΝ,
1552 2959 1730 2996 Rham·-

97 3017 196 3054 sche
213 3017 380 3053 Aleten..
406 3046 412 3057 .
433 3016 514 3058 766,
537 3021 599 3053 est
617 3018 896 3064 apographum
917 3016 1130 3054 Coloniae.
