1925 3509
549 271 786 308 3.——I{1³oi<.›x
814 272 855 307 31
887 270 1133 306 DEcEMssRis
1164 269 1252 303 1550
1648 268 1671 301 k)

83 367 235 425 igitur
260 366 488 412 oratione
514 375 752 422 perorata
777 374 825 410 et
848 366 911 409 ab
935 363 1160 408 omnibus
1194 361 1523 407 attentissime
1546 360 1716 417 jucun-

84 445 380 500 dissimeque
405 443 575 489 audita
599 452 804 499 propter
828 441 931 486 eius
955 449 1003 486 et
1027 440 1221 485 uariam
1242 453 1410 483 rerum
1431 438 1641 493 copiam,
1669 446 1717 483 et

85 521 390 578 splendidum
416 529 645 565 ornatum
671 520 955 573 uerborum,
983 516 1211 572 dialogus
1236 515 1433 572 quidam
1458 523 1600 560 actus
1624 524 1713 570 est,

84 598 292 644 festiuus
315 597 457 642 simul
482 605 529 641 et
554 595 763 641 mordax
783 594 838 651 (si
859 603 1023 639 tamen
1045 593 1164 638 uitia
1184 592 1567 648 reprehendere,
1591 606 1717 636 mor-

86 676 201 720 dere
226 673 392 718 dicere
416 672 712 729 possumus).
741 671 793 715 In
818 671 898 715 illo
924 669 1051 715 enim
1076 669 1323 714 hominum
1345 668 1481 723 uitia,
1505 668 1720 714 maxime

85 765 373 804 auarorum,
410 750 712 795 notabantur
746 763 858 792 cum
892 746 1058 802 aliqua
1081 745 1388 803 jucunditate
1413 754 1462 790 et
1491 746 1611 790 sale.
1642 745 1720 790 Ex

85 843 180 883 quo
214 826 401 872 factum
436 836 524 880 est,
562 835 614 870 ut
649 824 776 869 risus
810 823 992 874 fletum,
1027 832 1074 868 et
1098 822 1242 868 fletus
1267 823 1419 867 risum
1445 822 1718 878 exciperet.

85 904 277 960 Quibus
302 905 450 949 rebus
474 903 556 947 illo
580 902 656 947 die
680 902 800 946 satis
825 917 888 946 ex
922 900 1067 945 animi
1103 900 1259 945 nostri
1299 899 1544 945 sententia
1579 915 1718 955 pera-

85 981 194 1037 ctis,
216 980 449 1038 postridie
469 979 593 1024 illius
613 978 704 1023 diei
726 978 984 1022 literarum
1003 977 1164 1022 studia
1184 976 1409 1021 exerceri
1430 985 1718 1033 coeperunt,

85 1058 158 1103 his
183 1056 591 1114 praeceptoribus
616 1055 677 1099 ad
703 1054 908 1099 docendi
934 1069 1108 1098 munus
1144 1053 1440 1098 constitutis:
1479 1053 1523 1098 in
1559 1052 1720 1109 prima

86 1135 255 1179 schola
278 1133 438 1178 fratre
463 1132 811 1188 Conspaeano,
846 1131 891 1175 in
922 1131 1141 1176 secunda
1165 1130 1317 1175 Patre
1342 1129 1589 1176 Cabreria
1615 1131 1644 1180 ¹,
1673 1130 1719 1175 in

87 1211 237 1256 tertia
261 1210 420 1255 fratre
455 1209 617 1265 Rego,
652 1209 697 1253 in
733 1217 945 1264 quoarta
980 1207 1137 1253 fratre
1161 1207 1419 1264 Rapha‘ele
1444 1208 1475 1252 2.
1504 1207 1721 1252 Philoso—

89 1289 234 1346 phiae
259 1303 379 1333 uero
404 1276 581 1332 cursus
605 1295 809 1343 coeptus
833 1301 891 1331 eo
916 1286 1020 1342 ipso
1053 1285 1128 1330 die
1154 1301 1249 1329 non
1276 1294 1366 1338 est,
1394 1285 1626 1341 quoniam
1651 1285 1719 1330 ita

86 1367 316 1422 princeps
340 1363 622 1418 cardinalis,
650 1363 728 1420 qui
754 1362 1040 1419 Olisippone
1066 1372 1426 1417 commoratur,
1454 1362 1722 1407 constitue-

88 1453 182 1488 rat.
224 1442 373 1487 Breui
413 1441 540 1486 enim
579 1456 632 1486 se
675 1440 771 1485 huc
815 1448 1077 1485 uenturum
1118 1440 1374 1495 sperabat:
1419 1448 1724 1495 quapropter

88 1519 270 1565 artium
295 1517 576 1580 liberalium
600 1516 892 1574 principium
917 1517 978 1561 ad
1004 1532 1144 1561 suum
1170 1516 1437 1561 aduentum
1468 1516 1722 1561 reseruari

88 1598 305 1642 uolebat.
349 1595 593 1652 Cupiebat
632 1610 845 1651 namque
885 1594 1216 1639 fundamentis
1255 1594 1346 1639 illis
1386 1593 1724 1650 philosophiae

88 1674 323 1719 iaciendis
348 1673 604 1729 interesse,
629 1688 724 1728 quo
743 1672 984 1717 maiorem
1004 1671 1152 1716 animi
1174 1671 1480 1727 uoluptatem
1501 1680 1720 1728 caperet.

90 1750 188 1796 Sed
213 1766 322 1795 cum
358 1750 403 1795 id
438 1749 567 1806 quod
602 1764 919 1807 summopere
953 1748 1200 1805 cupiebat,
1238 1757 1446 1804 propter
1480 1748 1723 1793 maximas

91 1828 447 1885 occupationes
480 1826 654 1884 quibus
694 1825 1009 1883 Olissippone
1043 1825 1385 1880 distinebatur,
1429 1841 1481 1870 se
1520 1824 1725 1871 efficere

91 1921 187 1951 non
221 1920 365 1962 posse
400 1904 609 1959 uideret,
646 1903 740 1948 huc
774 1903 946 1948 literas
980 1902 1124 1958 misit,
1163 1902 1338 1958 quibus
1372 1917 1425 1947 se
1458 1917 1721 1959 excusanS,

92 1997 291 2028 cursum
327 1981 469 2037 incipi
495 1980 710 2035 iubebat;
739 1979 1011 2036 quibusque
1035 1979 1184 2024 etiam
1209 1979 1454 2035 prouisori
1479 1994 1724 2024 commen-

91 2060 258 2115 dabat,
287 2068 338 2104 ut
362 2059 464 2116 ipse
489 2074 599 2103 cum
624 2057 732 2102 aliis
758 2057 876 2102 uiris
901 2057 1058 2102 doctis
1083 2057 1296 2102 adesset.
1330 2056 1502 2113 Itaque
1536 2056 1723 2102 factum

93 2146 182 2183 est.
210 2136 389 2181 Paucis
413 2135 540 2180 enim
565 2150 594 2179 a
619 2134 836 2180 calendis
862 2133 1099 2179 Octobris
1123 2133 1392 2179 interiectis
1411 2133 1598 2190 diebus,
1626 2134 1724 2189 phi-

94 2214 345 2271 losophiae
369 2229 546 2259 cursus
569 2213 825 2269 incoeptus
859 2222 950 2264 est,
981 2220 1253 2267 praesente
1287 2227 1472 2268 magna
1506 2211 1725 2256 doctissi-

94 2307 288 2337 morum
321 2290 570 2336 hominum
610 2304 814 2341 corona,
854 2289 980 2334 inter
1016 2304 1139 2345 quos
1173 2298 1284 2334 erat
1319 2288 1578 2345 episcopus
1603 2287 1725 2332 Tar-

94 2369 303 2426 genssis.
340 2367 434 2424 Qui
473 2367 667 2423 quidem
706 2381 894 2421 omnes,
935 2365 1175 2422 principio
1215 2365 1297 2410 illo
1336 2365 1522 2418 audito,
1564 2363 1728 2409 multis

95 2445 260 2491 uerbis
293 2443 637 2502 significarunt
671 2442 762 2488 sibi
796 2452 844 2487 et
878 2442 1231 2499 professorem,
1270 2452 1318 2487 et
1353 2442 1557 2487 docendi
1593 2441 1727 2486 illam

96 2523 339 2568 rationem
363 2521 682 2566 uehementer
705 2521 922 2576 placere,
952 2528 1101 2576 atque
1126 2519 1194 2565 ita
1219 2520 1364 2564 ualde
1398 2519 1629 2564 delectati
1655 2518 1727 2574 (ut

97 2598 378 2655 uidebatur)
403 2597 755 2642 discesserunt.
778 2596 922 2652 Quae
945 2596 1107 2652 opinio
1131 2597 1347 2653 quotidie
1368 2596 1529 2652 magis
1548 2596 1728 2652 magis-

97 2692 189 2733 que
227 2674 569 2727 confirmatur,
605 2689 701 2719 non
736 2674 892 2718 solum
927 2673 1278 2730 discipulorum
1312 2673 1608 2729 testimonio,
1642 2673 1728 2719 sed

146 2907 157 2927 ¹
208 2906 253 2943 P.
283 2905 474 2942 Andreas
500 2904 549 2940 de
582 2903 779 2948 Cabrera,
812 2904 926 2952 cujus
957 2915 1128 2940 examen
1160 2902 1284 2939 habes
1315 2903 1355 2939 in
1386 2903 1524 2949 Epist.
1558 2904 1610 2941 P.
1645 2905 1732 2941 Na-

100 2965 191 3010 dal,
214 2965 262 3009 H,
283 2964 363 3002 536.
1674 2954 1679 2958 ’

147 3025 160 3045 ²
188 3015 192 3020 ’
209 3025 247 3062 Ιε
266 3025 425 3061 videtur
444 3023 566 3060 fuisse
586 3023 653 3060 Fr.
674 3023 861 3069 Rapha'el
882 3022 1061 3063 Texeda,
1083 3022 1199 3070 cujus
1219 3034 1390 3059 examen
1410 3025 1560 3068 (notae)
1578 3024 1732 3061 inveni-

100 3089 166 3121 tur
185 3084 225 3120 in
245 3084 381 3130 Epist.
405 3084 456 3120 P.
479 3083 644 3126 Nadal,
665 3082 843 3126 loc.‘cit.,
865 3081 945 3117 580.
