1909 3328
244 216 313 251 75(ss
711 212 932 248 LITTERAE
959 211 1315 256 QUADRIMESTREs

254 311 295 355 ⁴2.
363 309 501 354 Sciat
535 308 684 353 etiam
719 306 781 352 R.
818 306 872 352 Ρ.
910 306 969 351 T.
1002 305 1132 362 quod
1167 306 1214 350 in
1249 305 1408 361 prima
1441 319 1552 349 mea
1586 304 1826 350 concione

198 388 279 432 vix
302 386 389 432 200
407 392 666 442 personas
690 390 707 410 ⁸
727 384 974 429 habebam
1009 383 1055 428 in
1085 392 1188 428 tam
1213 383 1378 438 ampla
1402 381 1686 438 parrochia,
1713 396 1826 426 con-

196 465 314 509 tinet
348 463 476 508 enim
510 462 601 507 sub
635 477 705 517 se,
740 471 793 506 vt
827 460 1010 515 audiui,
1050 459 1277 505 vndecim
1313 474 1488 516 pagos.
1526 458 1669 504 Nunc
1707 473 1827 503 vero

193 540 400 598 singulis
435 538 690 584 dominicis
724 538 897 584 diebus
931 538 1068 583 soleo
1108 538 1297 582 habere
1336 536 1541 582 circiter
1575 534 1706 590 2000,
1744 535 1825 591 qui

194 617 375 663 erectis
409 615 612 662 auribus
647 615 853 664 audiunt
892 615 910 641 ὓ
951 615 1161 660 verbum
1196 613 1307 660 Dei.
1345 612 1562 670 Cupiunt
1595 612 1723 657 enim
1748 628 1826 658 me

195 695 265 740 bis
290 694 335 738 in
361 693 438 738 die
463 693 653 747 audire,
680 692 774 738 sed
805 695 1089 748 occupatus
1122 705 1218 747 ego
1253 690 1373 736 aliis
1407 690 1561 746 curis,
1589 703 1690 735 11011
1711 694 1827 745 pos-

192 785 310 815 sum
335 770 661 826 satisfacere.
1765 770 1767 774 ’

251 848 294 894 3.
362 846 488 892 Sunt
512 862 624 892 cum
649 846 819 904 gratia
854 845 948 891 Dei
983 860 1114 903 erga
1149 859 1229 890 me
1263 855 1366 890 tam
1397 845 1522 890 bene
1554 843 1743 899 affecti,
1777 853 1829 888 vt

195 941 288 970 non
314 924 516 981 cupiant
539 924 671 969 aliud
696 924 799 969 uisi
821 930 836 950 Ε
867 938 1017 968 vnum
1042 938 1106 968 ex
1128 922 1313 968 nostris
1332 922 1520 968 habere
1540 936 1629 978 pro
1653 935 1828 977 parro-

194 1002 285 1047 cho
311 1001 389 1058 qui
415 1001 477 1046 ibi
504 1000 738 1046 resideat:
767 1000 876 1045 ideo
902 999 1115 1045 assiduis
1149 999 1415 1056 praecibus
1449 998 1830 1044 solicitauerunt

192 1078 443 1123 dominum
467 1093 609 1123 suum
633 1093 933 1135 generosum
960 1077 1020 1123 de
1043 1076 1258 1129 Bercka,
1286 1092 1561 1122 caesareae
1595 1076 1825 1121 maiesta-

194 1155 254 1201 tis
277 1170 512 1200 camerae
537 1169 781 1199 summum
811 1162 1211 1210 procuratorem,
1247 1153 1532 1210 paternitati
1557 1152 1576 1179 ‘¹
1601 1161 1716 1197 tuae
1750 1152 1830 1197 vel

194 1231 485 1289 prouinciali
510 1245 622 1277 meo
640 1236 886 1287 supremo
911 1245 1028 1275 eam
1051 1230 1110 1275 ob
1134 1244 1353 1275 causam
1376 1230 1634 1285 scriberet,
1656 1229 1794 1287 quod
1815 1235 1831 1255 Ε

196 1309 264 1355 eis
280 1310 533 1366 denegare
552 1324 648 1354 non
667 1308 840 1365 potuit.
862 1307 1074 1364 Scripsit
1089 1323 1213 1364 ergo
1233 1308 1323 1353 has
1343 1307 1536 1352 litteras
1556 1307 1831 1364 impositas

195 1387 403 1432 domiuo
427 1386 580 1431 Patri
605 1385 839 1440 Canisio,·
863 1390 909 1430 et
939 1385 1063 1442 quia
1097 1389 1205 1430 tum
1240 1385 1489 1441 temporis
1527 1384 1589 1429 P.
1606 1390 1622 1410 Γ
1642 1384 1829 1429 Horta-

194 1464 294 1509 aYus
332 1468 445 1509 erat
478 1463 743 1509 uobiscum
778 1463 830 1507 in
868 1462 1046 1520 Oybiu,
1085 1463 1198 1507 ideo
1223 1462 1565 1520 ablegauerat
1589 1462 1832 1507 domiuus

196 1542 257 1586 de
280 1541 485 1587 Bercka
515 1541 587 1586 ad
617 1554 735 1585 eum
770 1541 1027 1597 nuntium,
1058 1544 1109 1584 vt
1130 1540 1228 1585 has
1261 1540 1461 1585 litteras
1492 1553 1667 1584 secum
1699 1539 1830 1584 Pra-

190 1634 320 1677 gam
344 1619 659 1677 dignaretur
681 1618 915 1674 accipere
940 1621 986 1662 et
1010 1617 1082 1662 (ια’
1103 1617 1270 1662 locum
1305 1617 1623 1662 destinatum
1644 1621 1829 1672 procu-

196 1711 329 1742 rare.
371 1696 633 1753 Apposuit
670 1695 828 1740 etiam
867 1696 1073 1751 copiam
1111 1695 1420 1749 litterarum,
1466 1698 1520 1738 vt
1555 1694 1826 1750 sciremus,

193 1774 321 1832 quid
349 1774 639 1830 scripserit:
661 1773 756 1818 sed
786 1773 1001 1818 multius
1033 1773 1174 1818 venit
1206 1773 1369 1829 tarde,
1396 1776 1513 1828 post
1544 1772 1830 1817 discessum

196 1852 376 1897 Patris
393 1851 635 1896 Hortaa'i.
660 1850 839 1908 Quare
862 1864 999 1895 mmc
1022 1864 1113 1895 eas
1141 1849 1154 1876 f
1174 1850 1260 1896 tibi
1285 1850 1586 1904 transmitto,
1608 1854 1662 1894 vt
1679 1849 1743 1894 R.
1767 1849 1827 1894 P.

194 1933 303 1985 tua,
330 1927 555 1983 perlecta
579 1935 598 1961 g
622 1927 768 1984 copia
786 1927 822 1983 ¹¹,
855 1942 943 1983 per
967 1927 1286 1983 interpretem
1322 1926 1502 1982 poterit
1540 1927 1704 1971 omnia
1735 1941 1831 1971 me-

197 2006 288 2051 lius
312 2005 605 2062 intelligere.

254 2083 298 2127 4.
367 2081 656 2133 Caeterum,
685 2095 781 2139 ego
814 2086 1086 2138 sperarem
1121 2081 1350 2139 alioquin
1385 2081 1523 2139 quod
1553 2081 1599 2125 in
1638 2080 1828 2137 praedi-

195 2171 277 2205 cta
302 2160 574 2216 parrochia
609 2171 810 2215 possent
832 2160 860 2204 4
883 2167 970 2204 aut
1001 2159 1030 2204 5
1063 2159 1251 2204 fratres
1284 2173 1339 2204 se
1372 2167 1656 2204 sustentare
1692 2156 1715 2214 i;
1742 2158 1830 2202 lia-

195 2236 276 2282 bet
297 2236 436 2281 enim
459 2236 659 2281 modios
691 2236 942 2294 silligiuis
975 2236 1252 2282 aunuatim
1288 2250 1519 2294 maguae
1552 2248 1832 2281 mensurae

204 2312 291 2369 96,
315 2317 528 2370 praeter
560 2326 721 2370 agros
749 2313 1012 2369 proprios.
1040 2312 1181 2358 Nam
1216 2313 1269 2357 iu
1300 2313 1534 2369 propriis
1567 2312 1717 2370 agris
1739 2312 1832 2357 lzoc

198 2404 337 2435 anuo
376 2390 529 2435 liabet
563 2389 598 2436 9
629 2404 931 2447 sexagenas
964 2390 1359 2446 manipulorum
1391 2390 1654 2447 silliginis,
1692 2403 1830 2434 exce-

196 2468 302 2524 ptis
332 2468 451 2513 aliis
469 2467 756 2526 fructibus.
784 2467 956 2513 Habet
987 2471 1036 2512 et
1068 2467 1199 2512 alios
1231 2481 1389 2524 quam
1419 2467 1679 2523 plurimos
1702 2466 1830 2510 redi-

198 2548 295 2599 tus,
325 2559 453 2602 quos
477 2558 578 2590 11011
602 2544 764 2590 habeo
787 2544 1099 2601 exploratos
1128 2544 1245 2589 Ideo
1269 2543 1331 2589 R.
1359 2543 1410 2588 P.
1435 2543 1495 2589 T.
1522 2543 1667 2599 aequi
1698 2543 1831 2588 boni-

200 2636 292 2676 que
316 2622 557 2678 consulat‚
585 2621 782 2666 domino
818 2621 877 2666 de
912 2620 1111 2666 Bercka
1147 2630 1194 2666 et
1229 2621 1370 2666 nobis
1404 2620 1519 2677 quid
1556 2620 1617 2665 sit
1649 2619 1830 2665 facien-

200 2697 314 2742 dum
347 2698 609 2754 rescribat,
637 2712 817 2756 meque
840 2698 937 2754 liic,
967 2702 1015 2742 et
1034 2698 1083 2743 si
1113 2697 1322 2755 quaudo
1357 2697 1429 2742 ad
1458 2701 1697 2742 sanctam
1730 2696 1832 2741 Ro·

202 2787 343 2819 mam
366 2775 587 2834 scr-ibere
618 2775 904 2833 contigerit,
931 2775 1253 2820 orationibus
1286 2775 1505 2820 Patrum
1533 2778 1581 2819 et
1589 2775 1831 2832 fratrum

246 2898 266 2916 ²
318 2899 524 2937 auditores
591 2900 656 2927 —b
693 2900 812 2937 auide
848 2900 1033 2936 audiunt.
1104 2907 1165 2927 -c
1202 2913 1337 2946 quam.
1421 2899 1469 2926 —d
1507 2905 1547 2935 vt
1583 2898 1830 2946 paternitati.

202 2963 264 2984 —e
283 2957 365 3004 qui.
421 2958 477 2985 —f
506 2972 619 3005 quas.
674 2967 738 2994 —g
770 2972 873 2996 cum.
928 2959 993 2986 —h
1027 2959 1155 3006 copia,
1176 2972 1255 3006 qua
1274 2959 1468 3005 perlecta.
1524 2958 1577 2985 -ῑ
1609 2958 1756 2995 fratres
1783 2970 1832 2994 ex

199 3016 286 3052 eius
305 3017 528 3054 redditibus
548 3020 782 3056 sustentari.
