2054 3530
340 318 409 345 xvl
811 308 1029 345 er'rERAE
1055 306 1147 353 Qm
1156 318 1410 346 DRIMESTRES

295 404 562 462 subjungit,
591 421 715 461 quae
741 414 787 449 et
815 405 1059 450 Polancus
1094 414 1141 450 et
1177 420 1264 448 nos
1298 421 1359 449 ex
1395 405 1476 450 illa
1507 405 1715 461 epistola
1740 420 1921 460 expun-

294 483 457 540 genda
496 482 740 527 duximus.
779 482 988 527 Cautior
1027 482 1313 527 Ludovicus
1352 480 1635 527 Santander
1676 482 1820 539 sigilli
1860 482 1921 526 le-

295 575 422 616 gem.
451 559 683 604 obcurius
708 559 990 614 indicatam,
1018 559 1257 604 observat
1277 558 1573 615 diligentius,
1596 559 1821 614 idemque
1846 573 1921 602 ar-

295 646 582 694 gumentum
617 636 908 681 brevissime
943 636 1172 680 absolvit:
1216 636 1344 680 «Los
1380 651 1530 692 pocos
1570 651 1663 692 que
1697 644 1922 691 estauan,

296 714 464 771 inquit,
566 713 890 758 confessaron
913 714 1116 758 muchas
1135 723 1325 769 gentes,
1351 712 1729 758 remediandose
1749 712 1924 769 almas,

296 792 355 837 de
381 807 474 848 que
499 793 541 836 el
567 790 744 843 Senon
773 806 905 844 creo,
935 791 995 835 ha
1030 790 1136 835 sido
1172 790 1278 835 bien
1315 790 1607 846 glorificado
1631 805 1773 835 como
1798 778 1857 834 El
1880 790 1925 834 lo

296 870 431 925 sabe,
458 886 487 925 y
513 885 576 925 yo
602 871 717 924 aqui
745 869 788 913 lo
813 868 957 921 callo,
986 884 1076 923 por
1102 883 1162 912 no
1198 868 1354 912 hauer
1389 868 1652 913 necesidad
1678 883 1735 912 en
1772 883 1942 926 seme-⁴

296 946 430 1004 jante
455 946 664 991 materia
689 944 1091 1001 particularizar»
1123 947 1151 989 ¹.

386 1024 550 1080 Aliqui
586 1038 706 1067 vero
742 1038 850 1067 cum
886 1023 948 1067 ab
983 1022 1073 1066 hac
1100 1022 1479 1078 prudentissima
1504 1023 1749 1077 cautione,
1778 1037 1872 1066 non
1898 1037 1927 1066 a

298 1101 459 1158 sigillo
493 1099 759 1155 servando,
794 1099 1058 1155 aliquando
1093 1100 1385 1144 recederent
1419 1108 1467 1144 et
1501 1099 1777 1155 singularia
1812 1114 1926 1143 non-

298 1179 430 1223 nulla
456 1188 734 1228 narrarent;
764 1177 929 1232 utique
954 1176 1253 1222 censendum
1279 1186 1353 1221 est
1378 1192 1479 1230 eos,
1508 1177 1775 1222 secundum
1796 1191 1926 1221 com-

298 1270 493 1300 munem
518 1270 576 1299 eo
600 1263 823 1310 tempore
849 1255 1108 1305 doctorum
1134 1254 1448 1311 sententiam,
1469 1253 1716 1310 judicasse
1742 1253 1924 1298 nullam

299 1333 407 1378 inde
432 1342 515 1376 aut
540 1331 898 1387 poenitentibus
919 1331 1194 1376 molestiam
1219 1340 1303 1376 aut
1328 1331 1415 1386 ipsi
1441 1340 1757 1376 sacramento
1783 1329 1929 1375 detri-

300 1418 516 1454 mentum
543 1409 676 1453 oriri.
706 1408 960 1453 Volebant
984 1408 1160 1464 quippe
1186 1391 1278 1453 D'ei
1305 1407 1699 1453 misericordiam
1724 1407 1927 1452 extolle-

302 1503 373 1543 re,
400 1486 499 1531 vim
524 1496 571 1531 et
601 1485 951 1530 efficacitatem
986 1485 1287 1530 sacramenti
1321 1485 1601 1540 ostendere,
1630 1483 1926 1541 poenitentis

300 1564 449 1609 animi
483 1563 717 1620 gaudium
751 1578 1023 1619 pacemque
1057 1563 1119 1607 ob
1153 1563 1324 1608 oculos
1359 1576 1560 1618 ponere3
1598 1571 1646 1607 et
1680 1562 1928 1619 quoniam,

303 1651 352 1686 ut
387 1651 460 1686 est
496 1641 540 1686 in
576 1641 860 1697 proverbio,
889 1640 1058 1685 brevis
1095 1640 1175 1685 via
1211 1656 1296 1696 per
1332 1641 1576 1696 exempla,
1609 1640 1732 1684 haec
1767 1638 1930 1684 tacitis

302 1719 577 1764 nominibus
611 1718 983 1774 suppressisque
1019 1718 1075 1762 iis
1110 1733 1238 1773 quae
1274 1727 1591 1774 peccatorem
1616 1716 1746 1762 forte
1770 1716 1930 1772 prodi-

302 1797 501 1851 dissent,
530 1796 574 1840 in
600 1795 794 1852 scriptis
820 1794 1159 1851 proferebant.
1190 1794 1354 1840 Etiam
1380 1810 1507 1840 nunc
1532 1794 1644 1840 licet
1668 1794 1932 1839 conciona-

303 1874 492 1918 toribus
518 1873 583 1918 uti
608 1873 772 1929 aliquo
798 1873 941 1917 modo
962 1872 1134 1917 notitia
1161 1887 1325 1917 rerum
1352 1887 1440 1928 per
1465 1871 1828 1917 confessionem
1853 1885 1933 1915 ac-

304 1950 482 2006 quisita
507 1949 567 1994 ad
595 1949 844 2006 parandas
869 1959 983 2006 apte
1007 1950 1287 2006 conciones,
1315 1949 1580 1994 dummodo
1605 1957 1770 1994 tamen
1795 1948 1841 1993 id
1866 1947 1935 1992 fa—

305 2028 437 2073 ciant
462 2042 557 2071 non
584 2027 728 2071 modo
755 2027 821 2072 ita
849 2037 926 2072 «ut
949 2027 1065 2072 nulli
1090 2027 1265 2072 exinde
1288 2026 1653 2071 incommodum
1678 2034 1933 2082 sequatur,

306 2120 464 2160 neque
488 2104 777 2149 scandalum
814 2104 1099 2160 pusillorum
1136 2104 1271 2161 sequi
1308 2104 1501 2149 valeat»
1530 2104 1544 2128 2
1569 2103 1655 2148 sed
1680 2103 1747 2148 ita
1772 2112 1824 2147 ut
1853 2102 1936 2146 «de

306 2181 560 2227 submissis
599 2181 644 2225 in
684 2182 1037 2227 sacramentali
1072 2181 1386 2227 confessione
1421 2181 1635 2226 clavium
1675 2179 1935 2237 potestati»

307 2274 513 2316 prorsus
538 2268 754 2313 taceant,
783 2274 841 2304 ac
868 2275 953 2304 «ne
978 2259 1093 2315 quid
1117 2275 1389 2316 unquam...
1417 2259 1479 2304 ad
1504 2257 1829 2303 confessionis
1863 2272 1935 2301 sa-

307 2336 626 2381 cramentalis
649 2337 911 2381 materiam
938 2337 1244 2394 pertinens...
1268 2337 1516 2393 attingere
1542 2335 1782 2381 audeant»
1812 2336 1844 2380 ²³.

399 2413 850 2469 Quadrimestrium
880 2429 998 2459 vero
1022 2414 1296 2470 scriptores
1321 2413 1470 2469 aliqui
1505 2413 1626 2458 satis
1662 2412 1939 2457 consultum

310 2506 422 2535 cum
462 2490 825 2546 poenitentibus
859 2500 961 2535 tum
996 2500 1318 2536 sacramento
1354 2491 1610 2547 putabant,
1648 2489 1807 2546 primo
1843 2489 1941 2545 qui—

313 2568 419 2612 dem
462 2569 589 2624 quod
628 2583 805 2613 nomen
846 2568 1137 2624 poenitentis
1177 2568 1440 2624 omniaque
1480 2583 1608 2625 quae
1647 2566 1943 2623 poenitentis

312 2660 575 2701 personam
610 2646 1069 2702 quomodocumque
1104 2645 1317 2702 prodere
1358 2645 1567 2701 quirent,
1605 2644 1796 2689 silentio
1836 2658 1940 2700 pre-

313 2723 528 2777 mebant,
551 2722 723 2767 deinde
741 2723 868 2778 quod
895 2723 1088 2768 litterae
1113 2723 1223 2768 illae
1243 2738 1402 2780 neque
1427 2722 1592 2767 statim
1618 2731 1727 2778 post
1751 2721 1941 2766 confes-

314 2800 492 2856 siones,
520 2814 677 2855 neque
708 2800 752 2844 in
790 2800 909 2844 locis
944 2800 1023 2845 ubi
1059 2815 1139 2845 res
1173 2799 1470 2845 accidissent
1505 2799 1746 2856 legendae
1781 2807 1940 2854 e1·ant;

314 2891 471 2932 neque
495 2876 835 2921 saecularibus
859 2886 944 2921 aut
969 2876 1248 2922 rudioribus
1267 2876 1544 2921 hominibus
1565 2890 1766 2931 remque
1787 2875 1943 2919 minus

365 3004 373 3021 ¹
426 3000 548 3044 Infra,
570 3014 608 3037 n.
629 3001 686 3037 51.

363 3063 375 3080 “-’
426 3061 733 3103 REIFENSTUEL,
766 3060 987 3105 leeOlog‘l'a
1009 3061 1192 3097 moralis
1212 3061 1288 3105 (ed.
1311 3060 1511 3102 Mutinae,
1536 3059 1653 3103 1740),
1675 3072 1768 3105 pag.
1792 3058 1869 3095 ias.

365 3123 376 3141 ³
427 3120 642 3157 Instructio
663 3119 1007 3166 Congregationis
1027 3119 1164 3156 Sancti
1186 3119 1332 3165 Officii,
1354 3119 1474 3166 paulo
1493 3119 1678 3166 superius
1698 3119 1837 3155 allata.
