1900 3380
551 325 868 364 le.-COLON1A
896 325 943 362 22
968 325 1077 371 MAJI
1106 324 1196 360 1558
1568 320 1633 357 671

51 424 269 469 decanus
314 423 473 468 adfuit
507 431 556 468 et.
589 422 686 467 duo
720 423 1036 479 professores
1070 421 1280 466 aliarum
1317 421 1600 476 bursarum,
1637 429 1684 465 et

50 516 235 558 magna
260 515 368 545 cum
394 499 635 545 modestia
660 499 963 556 disputatum
988 508 1078 544 est.
1109 497 1355 543 Examina
1386 497 1506 542 satis
1531 497 1685 553 probe

48 578 408 634 transiguntur,
437 593 466 623 a
491 578 731 623 facultate
755 577 911 623 nostri
931 576 1125 633 accepti
1144 585 1272 632 sunt,
1295 576 1620 632 magistratus
1638 575 1683 619 in

48 671 108 701 ea
127 655 298 701 obiunt
315 661 332 681 ²¹
360 657 373 679 ¹
399 664 447 700 et
465 654 511 700 in
532 654 802 711 priuilegiis
821 654 1031 700 aliarum
1049 654 1315 699 bursarum
1332 652 1587 708 magistris
1604 668 1685 708 pa·

50 748 131 778 res
154 742 282 778 sunt.
310 731 526 778 Senatus
551 747 747 790 quoque
773 740 944 777 noster
967 730 1184 776 nonnihil
1210 741 1384 775 contra
1404 729 1686 775 haereticos

49 810 269 855 incaluit.
312 809 518 866 Aliquot
552 809 697 866 cepit,
736 810 781 854 in
822 808 1190 865 anabaptistam
1232 807 1407 864 capitis
1447 807 1686 863 supplicio

49 887 403 933 animaduertit
425 887 457 943 ¹³,
497 887 543 932 id
576 887 707 944 quod
743 888 806 932 ab
840 885 982 931 annis
1005 868 1077 930 ι12
1119 885 1195 930 hic
1228 885 1379 930 credo
1416 883 1686 929 inauditum

51 974 176 1021 erat,
212 965 316 1010 sine
355 964 569 1010 tumultu
607 974 773 1010 tamen
816 979 944 1009 nunc
983 963 1171 1009 factum
1212 971 1302 1008 est.
1346 962 1687 1018 Quamobrem

52 1041 264 1099 saepius,
292 1057 458 1099 spero,
486 1042 762 1087 tentabunt.

111 1122 154 1166 ὅ.
223 1119 434 1165 Vicinus
457 1119 688 1176 princeps
711 1128 899 1176 noster,
928 1118 1027 1164 dux
1062 1117 1363 1173 iuliacensis,
1402 1125 1538 1162 recte
1574 1131 1689 1172 quo-

53 1213 145 1255 que
169 1207 424 1255 coeperat,
452 1197 537 1243 sed
562 1213 658 1243 non
683 1197 860 1242 desunt
883 1196 964 1253 qui
990 1211 1149 1253 praua
1173 1204 1470 1252 suggerant.
1499 1203 1546 1239 et
1571 1194 1688 1238 mul-

52 1276 101 1332 ti,
129 1276 240 1333 heu,
268 1275 468 1320 nimium
492 1275 555 1320 ad
580 1290 689 1320 eum
715 1274 1038 1332 perferuntur
1061 1274 1171 1320 libri
1190 1273 1446 1319 haeretici.
1470 1271 1521 1317 Si
1542 1272 1686 1317 habe-

53 1364 127 1398 ret
151 1368 301 1410 penes
324 1369 378 1399 se
402 1353 565 1398 uirum
600 1352 799 1399 doctum
824 1350 1108 1408 Societatis‚
1136 1359 1544 1406 conseruaretur‚
1585 1365 1690 1407 spe-

54 1446 126 1487 ro,
153 1431 257 1487 ipse
282 1440 330 1476 et
354 1439 487 1476 totus
511 1431 719 1487 populus
743 1445 854 1476 cum
885 1446 961 1486 eo,
999 1429 1079 1487 qui
1114 1445 1242 1474 nunc
1276 1444 1398 1474 casu
1434 1428 1691 1485 proximus

55 1517 130 1553 est
156 1515 190 1554 ⁰.
221 1507 283 1554 Et
307 1508 478 1554 schola
503 1507 946 1565 dusseldorpensiS,
974 1508 1020 1553 in
1046 1523 1143 1564 qua
1171 1506 1284 1552 1500
1314 1506 1517 1552 circiter
1550 1506 1691 1562 pueri

58 1602 87 1631 a
122 1586 263 1632 malis
298 1586 553 1644 magistris
589 1587 730 1632 malis
769 1587 1056 1632 imbuuntur
1086 1585 1413 1643 opinionibus,
1452 1583 1691 1630 Societati

58 1664 297 1721 temporis
335 1680 570 1710 successu
611 1664 988 1710 attribueretur.
1026 1663 1217 1709 Rector
1251 1672 1517 1720 praeterea
1552 1662 1689 1707 scho-

58 1742 137 1787 lae
160 1742 497 1799 embricanae,
525 1743 684 1788 bonus
708 1742 786 1787 ille
812 1742 886 1787 uir
917 1742 949 1798 2,
986 1741 1264 1787 feruentior
1296 1739 1514 1785 afficitur
1537 1748 1584 1784 et
1608 1754 1690 1784 no-

58 1820 247 1865 biscum
281 1819 415 1865 uires
454 1819 727 1877 coniungit,
770 1828 822 1865 ut
861 1828 1031 1864 mutuo
1073 1819 1299 1864 iuuemus
1344 1816 1689 1864 Germaniam.

60 1897 248 1944 Eadem
272 1898 473 1944 tandem
497 1898 626 1955 apud
651 1898 809 1954 ipsum
840 1898 935 1943 erit
969 1896 1237 1942 iuuentutis
1271 1895 1528 1952 institutiO,
1566 1909 1693 1951 quae

58 1977 188 2033 apud
207 1991 310 2021 nos
332 1976 460 2021 Nam
477 1976 523 2021 in
544 1976 768 2021 scholam
787 1991 926 2021 suam
948 1973 1215 2020 Societatis
1235 1974 1414 2019 librum
1432 1972 1619 2029 recepit
1636 1972 1695 2016 de

58 2053 201 2110 copia
221 2054 252 2109 ³,
276 2063 570 2110 recepturus
589 2052 737 2098 etiam
758 2052 1163 2110 grammaticam,
1191 2051 1230 2097 si
1249 2050 1381 2097 forte
1401 2051 1691 2095 haberetur.

61 2130 244 2176 Comes
269 2131 329 2176 de
354 2129 591 2177 Mansfelt
620 2132 636 2155 ⁴
660 2140 794 2177 totus
821 2139 990 2176 noster
1024 2139 1099 2176 est
1133 2139 1181 2175 et
1217 2129 1389 2175 amicis
1426 2127 1695 2173 Societatis

58 2209 236 2254 merito
261 2209 583 2255 annumerari
608 2209 771 2255 debet.
798 2208 875 2254 Re
899 2209 1028 2254 enim
1058 2208 1165 2264 ipsa
1199 2223 1425 2253 amorem
1461 2205 1693 2252 ostendit.

59 2285 430 2344 Suffraganeus
453 2287 468 2311 ⁵
493 2286 734 2344 similiter,
761 2285 1001 2343 siquidem
1027 2285 1274 2342 quaedam
1300 2284 1568 2330 Societatis
1601 2283 1694 2340 pri-

61 2364 244 2421 uilegia
267 2364 630 2421 comprobauit,
659 2363 1082 2421 comprobaturus
1116 2364 1275 2420 plura,
1313 2362 1352 2408 si
1393 2371 1694 2419 peteremus.

61 2443 166 2489 Nec
190 2443 350 2489 minus
373 2459 462 2488 nos
487 2442 646 2500 diligit
669 2452 860 2499 pastor,
888 2442 935 2487 in
960 2442 1099 2488 cuius
1129 2441 1399 2498 parrochia
1433 2439 1699 2496 collegium

109 2631 127 2652 ³
169 2624 211 2662 V.
232 2629 385 2671 supra,
406 2635 500 2670 pag.
520 2622 604 2667 668,
626 2625 775 2659 amzot.
799 2629 827 2658 ⁰.
883 2621 949 2649 —b
965 2621 1001 2659 Α
1017 2633 1055 2658 v.
1086 2620 1265 2658 Senatus
1294 2621 1530 2665 corruptus
1557 2623 1619 2656 est
1647 2620 1700 2656 lo-

64 2695 139 2722 cus
158 2686 203 2721 in
220 2684 417 2730 exemplo
437 2683 685 2720 coloniensi.
790 2689 849 2709 —c
895 2681 937 2719 V.
959 2686 1111 2728 supra,
1133 2693 1226 2727 pag.
1247 2679 1331 2723 668,
1353 2683 1501 2716 annot.
1527 2687 1559 2714 c.

114 2853 124 2872 ¹
175 2851 265 2899 Ipse
284 2851 327 2888 P.
349 2850 524 2888 Rethius
543 2855 631 2887 erat
650 2850 829 2887 decanus
846 2848 1054 2886 facultatis
1073 2847 1234 2884 artium.

114 2912 126 2931 ²
177 2911 374 2948 Matthias
392 2910 674 2956 Bredenbach,
695 2910 744 2947 de
763 2922 841 2957 quo
860 2909 1023 2956 saepius
1041 2908 1082 2945 in
1101 2908 1175 2944 hoc
1195 2908 1346 2944 volum.
1368 2912 1503 2944 actum
1523 2912 1597 2944 est.

116 2972 128 2992 ⁸
180 2971 288 3008 Vide
308 2971 507 3019 superius,
529 2984 622 3018 pag.
643 2969 726 3016 660,
748 2975 885 3007 annot.
909 2970 940 3006 1.

115 3032 128 3051 ⁴
175 3031 354 3079 Joannes
372 3030 620 3068 Gebhardus
647 3030 696 3067 de
724 3029 943 3073 Mansfeld,
974 3028 1095 3075 paulo
1122 3032 1209 3074 post
1237 3027 1481 3064 coloniensis
1509 3027 1702 3073 archiepi—

71 3103 226 3138 scopus.

119 3151 131 3169 ⁵
182 3150 290 3188 Vide
310 3152 510 3198 superius,
532 3164 625 3198 pag.
646 3150 729 3195 569,
751 3155 886 3187 annot.
912 3150 942 3186 1.
