1909 3328
278 257 347 293 706
765 255 983 291 LITTERAE
1009 253 1366 300 QUADRIMESTRES

233 369 340 398 mur
365 352 421 409 (si
447 361 612 397 tamen
637 350 714 395 fas
738 361 812 396 est
838 351 881 395 in
909 366 968 395 ea
994 366 1046 396 re
1073 350 1224 395 ullum
1250 348 1548 405 admittere).
1587 348 1713 394 Nam
1750 364 1862 394 cum
1899 391 1906 401 ,,

232 429 393 475 securi
417 428 463 473 in
488 428 579 473 hoc
602 428 737 473 orbis
761 428 948 484 angulo
975 428 1037 473 ab
1058 426 1189 472 omni
1210 426 1472 471 lutherana
1493 424 1698 482 perfidia
1719 426 1863 482 (quae

233 517 332 551 tam
358 505 689 550 miserabilem
715 505 995 549 animarum
1019 514 1244 560 stragem
1269 519 1367 548 non
1391 512 1557 548 cessat
1593 502 1759 560 edere)
1797 502 1862 547 vi-

235 584 482 639 deremur,
519 592 723 638 repente
756 582 922 627 nescio
957 582 1133 638 quibus
1158 580 1461 637 intemperiis
1485 589 1571 624 aut
1597 580 1763 625 uerius
1788 596 1863 624 sa-

233 661 415 705 thanae
440 659 646 716 impulsu
673 659 920 716 exagitati
943 659 1097 716 multi,
1122 659 1168 703 in
1193 658 1368 715 quibus
1392 658 1580 714 aliquot
1604 657 1792 702 nobiles
1818 666 1865 702 et

233 752 455 782 summae
481 737 774 783 conditionis
800 737 906 793 uiri,
930 737 1117 793 aliquot
1138 735 1382 789 monachi,
1406 735 1592 792 aliquot
1612 734 1861 790 doctores,

234 830 323 860 nec
342 824 505 860 tamen
528 814 782 871 quisquam
808 830 869 859 ex
894 814 968 858 his
998 814 1277 864 illiteratUS‚
1307 812 1393 858 sed
1418 813 1497 869 qui
1523 812 1789 857 sanctitate
1814 821 1861 857 et

233 892 459 938 doctrina
484 892 727 949 quaedam
764 891 1023 937 Ecclesiae
1054 892 1315 936 columnae
1340 890 1360 911 a
1385 889 1690 946 uiderentur,
1719 890 1765 934 in
1791 905 1865 934 re·
1907 902 1909 908 ’

236 971 442 1027 probum
468 985 666 1015 sensum
690 978 803 1015 sunt
827 969 1012 1026 traditi,
1040 980 1086 1014 et
1110 968 1296 1014 idcirco
1321 983 1351 1013 a
1385 967 1676 1013 censoribus
1711 966 1865 1012 eccle-

234 1048 447 1094 siasticis
472 1048 517 1093 in
542 1049 741 1094 uincula
766 1047 993 1105 coniecti,
1020 1063 1112 1092 nec
1135 1056 1334 1092 cessant
1359 1045 1573 1104 quotidie
1613 1046 1780 1101 plures
1818 1044 1863 1089 in

234 1126 444 1171 eundem
483 1141 742 1171 carcerem
783 1126 980 1171 ducere:
1025 1134 1165 1169 tanta
1195 1124 1346 1180 pestis
1381 1124 1645 1168 multorum
1677 1122 1867 1167 animos

236 1213 573 1261 peruasserat;
597 1204 830 1260 quoniam
854 1211 1019 1248 autem
1044 1202 1259 1248 nondum
1284 1202 1330 1246 in
1356 1202 1536 1258 uulgus
1555 1210 1629 1246 est
1653 1200 1867 1246 aeditum

234 1282 410 1327 horum
452 1281 696 1326 malorum
737 1296 864 1337 quae
904 1281 967 1325 sit
1007 1296 1176 1334 causa,
1219 1280 1305 1325 sed
1339 1288 1529 1324 tanturn
1568 1278 1867 1324 coniecturis

237 1358 458 1415 plerique
482 1359 635 1403 multa
667 1359 951 1415 loquantur,
992 1357 1178 1403 idcirco
1212 1357 1271 1402 de
1304 1356 1399 1402 hac
1435 1372 1487 1401 re
1522 1355 1785 1401 tacendum
1820 1355 1865 1400 in

234 1436 632 1492 praesentiarum
653 1435 786 1493 duxi,
810 1435 973 1492 quoad
994 1444 1188 1491 tempus
1214 1435 1380 1480 omnia
1399 1434 1596 1479 occulta
1621 1433 1813 1478 reuelet
1840 1432 1865 1476 ¹.

293 1513 333 1557 7.
398 1511 665 1558 Societatis
689 1522 854 1558 autem
879 1513 925 1558 in
961 1512 1123 1558 Deum
1158 1512 1315 1569 pietas
1350 1521 1399 1558 et
1433 1527 1627 1557 morum
1662 1510 1864 1566 candor,

235 1599 283 1635 et
308 1590 353 1635 in
380 1589 472 1635 fide
496 1591 746 1636 seruanda
770 1589 1036 1647 integritas
1062 1599 1110 1635 et
1144 1589 1424 1635 constantia
1459 1589 1531 1634 his
1565 1587 1868 1634 calamitosis

235 1668 542 1724 temporibus
566 1667 783 1713 maxime
808 1667 1034 1713 omnibus
1059 1667 1284 1723 innotuit,
1313 1666 1372 1712 de
1403 1682 1500 1723 qua
1534 1681 1629 1711 non
1664 1673 1867 1722 possunt

236 1760 330 1790 non
356 1743 619 1802 magnifice
644 1744 845 1801 sentire,
873 1754 922 1789 et
948 1760 1058 1789 eam
1081 1760 1178 1790 non
1204 1745 1348 1801 pleno
1372 1759 1461 1789 ore
1496 1743 1719 1798 laudare,
1758 1757 1867 1788 cum

238 1821 451 1867 viderint
474 1837 570 1867 non
596 1837 781 1878 paucos
805 1821 1006 1879 generis
1030 1822 1292 1878 splendore
1317 1822 1498 1879 claros,
1525 1820 1679 1866 literis
1714 1829 1762 1866 et
1796 1835 1867 1865 re-

236 1899 418 1956 ligione
441 1900 676 1956 illustres,
705 1916 733 1945 a
758 1899 868 1944 fidei
901 1900 1113 1945 ueritate
1148 1899 1211 1944 ad
1246 1899 1509 1945 lutherana
1544 1898 1868 1944 deliramenta

236 1977 520 2023 desciuisse:
548 1986 728 2023 contra
763 1993 902 2035 vero,
930 1977 1164 2023 miniman
1198 1976 1307 2023 Iesu
1344 1976 1649 2023 Societatem
1686 1975 1868 2021 Christi

236 2055 374 2111 leges
398 2064 446 2101 et
472 2065 677 2101 sanctae
703 2070 943 2100 romanae
980 2054 1238 2101 Ecclesiae
1273 2064 1547 2112 praecepta
1578 2054 1867 2110 incorrupta

236 2131 523 2189 illibataque
557 2146 783 2189 seruare3
817 2141 1106 2177 sanctorum
1140 2141 1355 2190 patrum,
1393 2132 1473 2188 qui
1507 2130 1765 2177 Ecclesiae
1789 2118 1887 2175 cos¹

239 2210 433 2254 lumnae
468 2208 779 2255 firmissimae
802 2217 930 2264 sunt⁷
959 2209 1217 2256 doctrinae
1242 2210 1591 2265 adherescere‚
1620 2209 1683 2254 ab
1712 2207 1785 2252 his
1807 2223 1866 2252 ne

241 2288 390 2332 latum
417 2287 611 2343 quidem
634 2288 850 2332 culmum
876 2287 1149 2345 discedere,
1173 2287 1408 2332 vniuersa
1432 2295 1481 2332 et
1505 2286 1663 2331 verba
1688 2294 1735 2330 et
1751 2277 1866 2341 ‘ope-

240 2379 296 2409 ra
318 2364 413 2410 hac
437 2364 596 2410 amusi
622 2363 797 2422 metiri,
825 2380 916 2409 nec
940 2364 1205 2421 quicquam
1239 2373 1326 2410 aut
1360 2364 1527 2409 dicere
1563 2371 1648 2408 aut
1681 2361 1864 2417 facere,

238 2442 367 2497 quod
406 2441 710 2487 christianae
751 2441 951 2487 veritati
996 2457 1091 2487 non
1131 2441 1426 2487 consentiat.
1473 2440 1526 2486 In
1566 2448 1706 2485 tanta
1745 2427 1901 2497 ergos-

238 2534 468 2564 errorum
503 2519 734 2575 caligine,
771 2519 818 2563 in
853 2528 937 2563 tan
969 2518 1133 2564 densis
1156 2517 1488 2576 ignorationis
1511 2516 1747 2572 tenebris,
1774 2530 1879 2560 nom

238 2595 384 2641 aliter
418 2595 601 2641 inuicta
635 2594 902 2642 Societatis
943 2595 1118 2653 uirtUS,
1166 2605 1344 2642 cuncta
1384 2596 1530 2652 longe
1565 2595 1763 2651 lateque
1801 2592 1878 2638 lu-v

239 2673 448 2718 therana
472 2673 725 2729 impietate
760 2682 1025 2730 ocupante‚
1064 2673 1281 2730 emicuit,
1319 2682 1468 2729 atque
1501 2672 1630 2717 inter
1664 2670 1866 2716 nebulas

286 2853 305 2872 ³
355 2853 559 2890 columnia
577 2863 659 2891 ms.

288 3011 297 3029 ¹
348 3008 493 3046 Exitus
512 3010 631 3057 hujus
649 3009 707 3045 rei
730 3008 857 3044 videri
877 3011 1007 3054 potest
1026 3007 1133 3053 apud
1153 3007 1311 3055 Laz'm‘z]
1330 3007 1543 3048 Monam„
1570 3006 1645 3050 IV,
1673 3005 1756 3048 361;
1783 2990 1874 3041 ΜΕᾸ

239 3077 403 3105 NENDEZ
418 3078 445 3104 Y
463 3068 653 3114 Pmmo,
676 3068 874 3105 Historia
894 3067 949 3104 de
967 3067 1029 3104 los
1048 3066 1346 3104 Heterodoxos
1365 3067 1604 3113 espaffcoles,
1624 3065 1673 3111 II,
1695 3065 1764 3101 314
1781 3074 1865 3110 sqq.
