1909 3328
281 292 351 329 638
752 293 971 329 LITTERAE
999 292 1357 338 QUADmMEs‘i‘REs

235 390 326 434 lius
351 406 498 446 quam
524 389 586 433 ab
611 388 719 434 aliis
743 389 1113 444 ludimagistris,
1142 406 1350 446 quorum
1377 405 1562 446 magna
1590 390 1666 435 hic
1690 399 1763 435 est
1787 406 1870 435 co*

234 466 330 522 pia.
359 466 470 522 Quo
496 465 562 521 fit,
592 474 642 511 vt
667 467 815 511 etiam
846 466 1086 522 capitales
1116 467 1282 511 hostes
1317 468 1472 512 nostri
1507 467 1669 524 quoad
1704 467 1868 523 fidem‚.

235 559 351 588 suos
376 542 499 587 filios
526 545 587 588 ab
611 544 720 588 aliis
740 544 920 589 scholis
944 543 1295 589 abstrahentes
1320 544 1382 589 ad
1408 554 1630 590 nostram
1651 545 1863 591 mittant.

234 621 566 665 Laboriosum
601 630 676 666 est
710 621 902 677 quidem
942 636 1153 677 gregem
1193 621 1319 666 adeo
1354 622 1608 678 copiosum
1648 622 1740 667 rite
1779 638 1864 678 gu-

235 698 465 753 bernare,
505 714 676 742 verum
712 699 837 743 hanc
873 698 1149 743 molestiam
1191 714 1284 743 non
1327 708 1489 754 potest
1529 715 1621 743 non
1663 715 1866 745 suauem

236 774 446 819 reddere
492 775 684 820 lucrum
729 776 1023 832 animarum,
1071 776 1199 833 quod
1254 775 1363 821 inde
1419 776 1691 822 deriuatur.
1739 776 1868 822 Nam

234 852 327 897 dici
357 853 437 897 vix
463 861 640 909 potest,
676 869 820 909 quam
855 853 1002 898 facile
1036 854 1099 898 ad
1134 854 1367 909 pietatem
1402 853 1529 899 flecti
1566 855 1767 899 valeant
1800 864 1865 899 te-

234 930 394 975 nellae
420 930 512 975 hae
537 930 803 985 plantulae.
832 930 1057 985 Angelos
1092 945 1201 975 esse
1236 931 1421 976 diceret
1456 931 1730 987 paternitas
1763 941 1869 983 tuat

234 1008 271 1051 si
311 1007 582 1063 simplicem
623 1007 754 1053 illam
794 1008 1027 1064 pietatem
1067 1018 1113 1052 et
1153 1007 1283 1063 piam
1322 1007 1700 1064 simplicitatem,
1742 1009 1780 1053 si
1820 1009 1866 1053 in

234 1084 424 1130 orando
449 1082 779 1140 sedulitatem,
807 1085 845 1129 si
877 1085 1085 1140 denique
1120 1099 1313 1130 morum
1346 1085 1642 1141 probitatem
1677 1095 1865 1142 specta-

234 1170 325 1206 ret.
385 1161 555 1206 Taceo
611 1171 849 1217 quantum
904 1161 1143 1206 horreant
1187 1161 1557 1207 haereticorum
1602 1163 1864 1219 nouitates,

235 1248 419 1295 quanto
444 1239 549 1284 zelo
574 1255 633 1284 ac
657 1238 734 1283 siti
760 1240 1124 1295 amplectantur
1149 1239 1430 1284 orthodoxa
1453 1249 1501 1285 et
1520 1240 1766 1285 catholica
1785 1241 1865 1285 do-

233 1326 423 1373 gmata.
451 1315 596 1372 Quod
621 1316 778 1372 ipsum
807 1317 880 1360 vel
909 1316 1055 1360 vnico
1079 1316 1170 1360 hoc
1197 1316 1464 1373 exem[plo]
1499 1316 1520 1337 ἃ
1551 1318 1866 1373 comprobari
1908 1327 1909 1330 ’

235 1403 413 1450 potest,
442 1394 571 1450 quod
596 1393 826 1438 videlicet
851 1409 945 1438 non
972 1393 1118 1438 modo
1143 1393 1406 1439 lutherana
1432 1394 1543 1439 labe
1566 1393 1794 1440 foedatos
1817 1395 1866 1439 li-

234 1472 388 1516 bellos
413 1472 527 1527 igne
551 1471 943 1516 concremandos
978 1471 1078 1515 suis
1102 1471 1513 1527 praeceptoribus
1537 1472 1754 1523 tradunt,
1783 1472 1867 1517 sed

233 1549 382 1593 etiam
414 1549 630 1593 nonnulli
666 1548 1087 1605 quadragesimali
1122 1548 1216 1593 hoc
1249 1559 1473 1604 tempore
1508 1564 1666 1605 neque
1701 1550 1870 1595 verbis

232 1641 390 1681 neque
415 1626 565 1670 etiam
591 1625 885 1670 verberibus
910 1641 938 1670 a
973 1625 1072 1670 suis
1108 1625 1398 1681 parentibus
1433 1625 1544 1681 cogi
1581 1636 1861 1685 potuerunt,

234 1711 287 1747 vt
311 1703 545 1747 carnibus
565 1712 906 1747 vescerentur.
929 1702 1213 1758 Intelligunt
1233 1702 1361 1747 enim
1382 1702 1490 1747 Deo
1513 1702 1867 1759 Ecclesiaeque

233 1796 354 1825 suae
379 1780 705 1825 obediendum
731 1795 839 1825 esse
859 1780 1018 1836 potius
1037 1795 1183 1837 quam
1203 1780 1480 1825 hominibus
1500 1782 1530 1825 ¹.
1553 1780 1865 1837 Sperandum

234 1868 309 1903 est
332 1873 452 1902 sane
477 1857 741 1913 aliquando
765 1856 874 1902 fore
901 1866 952 1902 vt
976 1857 1133 1913 (iuxta
1156 1857 1291 1913 illud)
1316 1866 1677 1903 conuertantur
1711 1858 1864 1903 corda

233 1944 431 1991 patrum
476 1935 521 1979 in
566 1933 691 1979 filios
731 1943 779 1979 et
817 1934 1056 1979 increduli
1097 1934 1158 1979 ad
1184 1935 1497 1991 prudentiam
1540 1935 1785 1992 justorum
1830 1936 1861 1992 2,

233 2012 362 2069 quod
401 2021 454 2058 vt
498 2011 639 2056 breui
684 2010 785 2067 fiat,
832 2012 1015 2057 sedulis
1060 2012 1292 2068 precibus
1340 2012 1607 2069 pulsandus
1651 2022 1725 2058 est
1768 2012 1867 2058 Do-

234 2089 406 2134 minus.

291 2166 335 2212 3.
402 2165 695 2211 Aedificium
720 2166 922 2211 scholae
947 2181 1126 2220 nouae,
1155 2175 1351 2223 sumptu
1386 2166 1527 2223 regio
1561 2167 1702 2212 breui
1736 2182 1865 2212 com-

232 2244 479 2300 plendum,
507 2243 895 2300 oportunitatem
922 2243 1128 2298 praebet
1152 2243 1381 2300 agendae
1405 2244 1660 2289 comediae
1684 2243 1867 2289 nostris

234 2321 499 2377 discipulis;
542 2321 780 2365 hactenus
819 2320 947 2365 enim
988 2320 1267 2366 aedificatio
1303 2323 1463 2366 locum
1497 2337 1593 2365 non
1630 2321 1776 2378 dedit,
1818 2321 1864 2367 in

234 2414 330 2454 quo
365 2414 425 2443 ex
461 2414 599 2443 more
633 2398 706 2443 sui
743 2397 998 2454 profectus
1031 2398 1281 2454 specimen
1317 2398 1511 2455 publice
1542 2399 1761 2444 ederent.
1789 2397 1864 2443 Eo

233 2476 385 2532 igitur
409 2491 536 2520 nunc
564 2482 948 2531 praeparantur-3
977 2489 1089 2518 nam
1112 2474 1159 2519 id
1183 2490 1341 2531 genus
1376 2474 1748 2520 exercitationis
1782 2490 1863 2519 ve-

234 2553 489 2598 hementer
514 2553 676 2608 placet
700 2551 955 2608 germanis
978 2542 1348 2607 spectatoribus
1372 2552 1531 2597 doctis
1561 2560 1607 2596 et
1636 2551 1857 2596 indoctis.

293 2631 320 2674 4
383 2630 458 2675 De
478 2630 623 2674 modo
643 2638 691 2674 et
711 2629 882 2674 ordine
904 2627 1098 2673 viuendi
1117 2637 1402 2673 nostrorum
1423 2628 1635 2673 fratrum
1654 2628 1767 2672 nihil
1787 2627 1865 2673 hic

234 2707 408 2752 attinet
433 2707 614 2759 dicere,
641 2721 752 2751 cum
776 2705 922 2751 solito
946 2720 1099 2757 more,
1125 2715 1172 2750 et
1191 2706 1385 2762 quidem
1405 2706 1576 2750 sedulo
1596 2705 1799 2762 quisque
1817 2704 1863 2750 in

281 2880 300 2899 ’ἃ
351 2881 553 2917 Abscissa
574 2881 653 2917 clm
663 2884 740 2917 rta.

284 3038 292 3057 ¹
347 3035 410 3073 Cf.
433 3035 538 3072 Aer.
560 3035 729 3078 ΑΡοΞΤ..
752 3035 806 3077 V,
826 3034 884 3072 29.

282 3097 296 3116 ²
346 3095 409 3132 Cf.
431 3094 549 3137 Luc„
571 3095 600 3138 Ι,
624 3095 683 3132 17.
