1909 3328
240 273 310 308 784
712 268 936 304 LITTERAE
964 265 1324 310 QUADRIMEs‘rREs

194 366 485 417 catholicus,
523 364 607 409 uix
641 361 871 407 morbida
905 361 1132 406 membra
1170 358 1381 405 ulterius
1419 358 1625 404 trahere
1661 358 1835 403 ualens

195 444 257 489 ad
292 458 383 488 nos
417 442 512 486 huc
546 439 837 497 properauit
870 445 903 494 ³,
930 448 984 483 ut
1015 437 1201 482 nostris
1235 435 1576 491 confiteretur,
1602 435 1835 491 nullaque

195 520 355 566 morbi
380 519 542 565 uictus
566 516 890 574 impatientia,
918 515 1000 561 diu
1023 514 1228 560 Patrem
1264 512 1567 570 expectauit,
1595 512 1676 569 qui
1701 512 1835 557 solus

195 598 271 644 hic
315 606 426 643 erat
470 610 743 654 germanus
788 604 836 640 et
881 602 998 639 tunc
1042 593 1089 638 in
1133 592 1373 638 concione
1418 601 1707 647 occupatus,
1750 589 1836 634 sed

196 675 370 722 eodem
395 674 472 720 die
496 682 608 731 post
631 672 922 718 concionem
956 671 1000 716 ei
1033 669 1295 715 confessus
1330 678 1420 714 est.
1447 666 1694 714 Postridie
1724 682 1836 712 nus-

196 768 344 810 quam
368 752 484 798 alibi
509 767 657 808 quam
682 750 729 796 in
752 758 926 795 nostro
950 748 1136 805 templo
1171 746 1542 793 communicare
1572 744 1745 791 uoluit.
1773 743 1838 789 Et

196 846 307 877 cum
340 829 425 875 uix
454 828 661 886 pedibus
695 826 971 873 consistere
1004 834 1189 882 posset,
1216 823 1332 881 Xpi.
1359 833 1527 869 tamen
1561 821 1760 867 dilectio
1791 830 1839 866 et

196 908 443 954 internum
474 905 677 963 spiritus
712 905 867 950 robur
900 903 1087 948 nullum
1123 900 1352 959 corporis
1376 901 1457 947 uel
1480 900 1616 957 longi
1649 898 1840 945 itineris

196 984 350 1030 sensit
374 998 671 1041 grauamen.

253 1062 297 1108 8.
366 1061 442 1106 De
482 1060 710 1106 literaria
749 1073 943 1117 quoque
982 1055 1344 1103 exercitatione
1388 1053 1613 1100 breuiter
1652 1052 1840 1110 aliquid

197 1154 512 1198 percurram.
541 1137 814 1184 Orationes
848 1135 1036 1192 aliquot
1058 1143 1170 1180 sunt
1195 1133 1412 1189 habitae,
1440 1132 1576 1177 uelut
1600 1130 1660 1177 de
1685 1128 1840 1187 Spiri-

196 1227 249 1264 tu
287 1216 493 1269 Sancto,
537 1215 596 1261 de
637 1214 866 1271 Corpore
901 1213 1035 1270 Xpi.,
1078 1212 1137 1257 de
1172 1210 1400 1257 laudibus
1439 1209 1575 1255 Petri
1615 1220 1662 1254 et
1698 1207 1840 1254 Pauli

197 1296 557 1353 apostolorum.
585 1293 865 1339 Puerorum
899 1291 1160 1337 multitudo
1194 1288 1377 1335 crescit
1410 1288 1457 1334 in
1494 1286 1614 1342 dies,
1647 1294 1841 1332 tantum

198 1384 250 1420 ut
274 1374 337 1420 ad
361 1373 544 1419 altiora
568 1379 895 1428 perseuerent
920 1368 1208 1427 optandum.

256 1451 300 1498 9.
368 1449 714 1495 Nobilissimus
738 1448 937 1505 quidam
957 1446 1251 1492 adolescens
1275 1459 1338 1490 ex
1362 1443 1544 1489 nostris
1564 1440 1840 1487 maioribus

200 1527 450 1585 discipulis
479 1525 739 1572 confessus
764 1534 812 1570 et
836 1524 1101 1581 plurimum
1135 1520 1552 1567 admonitionibus
1577 1527 1626 1563 et
1648 1526 1839 1562 nostro-

203 1621 314 1651 rum
339 1603 588 1650 charitate
612 1601 953 1657 confirmatus,
980 1608 1192 1656 accepta
1227 1596 1573 1644 communione
1597 1603 1646 1641 et
1670 1594 1842 1640 ultima

202 1683 436 1728 unctione
481 1696 592 1726 cum
636 1695 823 1736 magna
863 1678 1062 1735 spiritus
1107 1675 1449 1723 consolatione
1484 1673 1547 1720 ad
1582 1681 1856 1719 aeternam⁴

206 1760 422 1818 quietem
447 1758 699 1815 migrauit.

265 1837 333 1882 10.
401 1835 562 1881 Fama
596 1833 861 1892 pragensis
895 1832 1091 1890 collegii
1127 1847 1224 1877 non
1261 1830 1409 1876 modo
1444 1827 1720 1884 Bo'e'miam,
1756 1824 1843 1871 sed
1907 1869 1909 1875 ,

203 1923 252 1960 et
276 1912 585 1960 Germaniae
619 1921 932 1968 peruagatur
956 1919 1142 1967 partes.
1171 1907 1427 1954 Vlmensis
1452 1915 1501 1952 et
1525 1904 1633 1951 aliis
1658 1919 1722 1949 ex
1746 1913 1840 1948 ter-

205 1992 273 2038 ris
297 1991 486 2048 aliquot
510 2000 710 2034 nostras
734 1989 797 2033 ad
830 1988 1027 2033 scholas
1061 1995 1320 2032 uenerunt.
1350 1982 1681 2030 Consiliarius
1711 1995 1857 2026 mar-⁷

204 2068 395 2115 chionis
420 2065 891 2122 Brandeburgensis
914 2074 1017 2110 tres
1040 2064 1166 2110 filios
1188 2063 1330 2109 nobis
1353 2062 1401 2107 in
1425 2059 1753 2106 domesticam
1777 2057 1841 2103 di-

147 2141 150 2144 *
204 2146 462 2203 sciplinam
496 2143 700 2189 tradere
735 2157 1052 2199 summopere
1087 2141 1307 2198 expetiit3
1337 2138 1551 2185 ostendit
1582 2152 1723 2182 suam
1747 2135 1845 2192 pie-

203 2232 359 2269 tatem
384 2237 445 2268 ac
473 2221 769 2267 beneuolum
793 2235 854 2265 ac
877 2219 1183 2276 singularem
1208 2233 1353 2263 suum
1388 2214 1583 2273 aperuit
1607 2213 1859 2269 animum,.

206 2315 349 2358 quem
376 2314 501 2355 erga
525 2297 833 2343 Societatem
858 2297 1088 2354 gerebat;
1115 2294 1340 2352 satisfiet,
1377 2293 1545 2349 credo,
1583 2291 1736 2337 Pater
1772 2306 1860 2335 cer

206 2377 379 2422 leriter
405 2376 510 2421 eius
536 2374 898 2431 efflagitatione
918 2373 953 2430 ¹³,
976 2383 1072 2419 etc.
1100 2373 1318 2430 Pragae.

298 2454 376 2499 Ex
401 2452 654 2498 mandato.

1033 2537 1326 2584 GERARDUS
1359 2536 1662 2582 WERTEuus
1697 2535 1728 2578 1.

298 2638 420 2682 Alia
444 2651 624 2682 mann.
652 2635 824 2692 Praga
848 2635 950 2680 sine
975 2634 1051 2679 die
1075 2644 1124 2679 et
1147 2649 1295 2679 anno.

257 2802 275 2822 a
341 2791 573 2839 propinauit
592 2802 673 2827 ms.
729 2790 796 2817 —b
837 2789 908 2827 Sic
927 2799 1029 2832 ms.,·
1051 2788 1231 2825 videtur
1252 2785 1538 2824 scribendum
1559 2785 1709 2831 fuisse
1737 2782 1849 2820 satis-

209 2852 344 2890 faciet.
354 2882 376 2890 ..
398 2851 695 2898 efflagitationi.

260 2998 270 3017 ¹
325 2996 388 3034 Cf.
411 3009 505 3042 pag.
528 2995 609 3039 431,
632 2999 772 3031 annot.
798 2994 832 3039 43
855 2998 894 3030 et
913 3005 1006 3040 pag.
1024 2991 1107 3029 525.
