1909 3328
294 236 362 272 420
764 238 981 275 LITTERAE
1008 238 1364 284 QUADRIMESTRES

246 343 359 377 cata
394 332 683 378 confitentes
717 334 869 391 audit,
906 344 1054 391 atque
1088 335 1373 381 Aristotelis
1404 336 1714 381 dialecticam
1739 336 1867 381 domi

246 409 472 453 absoluit.
516 409 660 455 Foris
695 427 816 456 uero
856 411 1213 468 propemodum
1252 412 1548 469 Magistrum
1593 412 1866 459 Sententia-

246 501 352 530 rum
378 496 425 531 et
449 487 510 532 D.
538 487 734 533 Ioannis
769 489 979 544 apostoli
1014 489 1263 545 epistolas
1292 489 1486 535 Verum
1522 490 1694 546 reliqui
1729 506 1868 546 prae-

246 573 472 618 ceptores
496 580 591 608 non
617 565 764 610 etiam
800 565 903 610 sine
934 566 1106 610 labore
1140 565 1356 611 fuerunt.
1394 566 1521 611 Nam
1557 566 1621 611 M.
1659 566 1869 612 Ioannes

244 639 513 695 Bercelius,
543 641 715 686 nobilis
740 643 1174 699 buschoducensis,
1202 643 1245 688 in
1273 643 1493 688 inferiori
1518 644 1868 700 grammatico-

247 732 353 761 rum
378 718 547 762 schola
574 719 820 764 laborauit
839 720 1120 775 plurimum,
1143 719 1434 765 adolescens
1452 720 1514 766 ad
1535 720 1687 766 multa
1707 730 1866 777 aptus;

245 802 292 837 et
327 793 347 813 ³
382 794 446 839 M.
485 793 765 850 Gregorius
799 795 1000 851 Fabius,
1038 796 1388 856 dionantensis,
1425 797 1665 853 superiori
1706 813 1868 854 gram-

245 871 540 916 maticorum
565 872 765 917 scholae
790 873 1021 929 praefuit.

301 947 342 992 2.
409 947 498 992 His
523 957 688 993 autem
724 949 927 995 istorum
965 950 1231 1004 laboribus,
1269 959 1317 995 et
1351 950 1571 1007 inprimis
1605 951 1697 996 Dei
1733 950 1865 1008 Opti.

242 1023 374 1068 Max.
413 1025 596 1081 gratia,
634 1027 927 1082 permultum
963 1027 1053 1072 hoc
1088 1042 1255 1072 mense
1290 1026 1557 1074 Societatis
1591 1038 1868 1084 promotum

242 1109 315 1145 est
349 1102 616 1157 negotium:
656 1103 783 1159 quod
819 1104 885 1148 ita
919 1105 1173 1161 paulatim,
1211 1120 1374 1161 spero,
1408 1105 1765 1151 incrementum
1790 1121 1866 1151 ca-

242 1177 355 1234 piet,
384 1179 539 1223 donec
564 1180 838 1235 perfectum
863 1180 962 1225 fiat.
998 1181 1057 1226 Et
1089 1192 1271 1237 quanto
1306 1181 1497 1226 tardius
1531 1197 1590 1226 ac
1625 1181 1868 1227 difficilius

242 1254 510 1311 perficitur,
539 1265 675 1301 tanto
702 1267 810 1313 post
844 1259 1001 1303 maius
1036 1269 1080 1303 et
1117 1257 1319 1315 firmius,
1356 1258 1524 1315 credo,
1566 1259 1676 1304 erit.
1715 1258 1867 1305 Certe

241 1332 520 1378 auditorum
559 1349 794 1379 numerus
832 1351 926 1380 non
967 1351 1142 1391 parum
1181 1336 1340 1381 creuit
1378 1346 1426 1381 et
1465 1336 1645 1382 crescit
1685 1336 1731 1381 in
1766 1337 1868 1381 dies

241 1409 417 1465 magis.
445 1409 700 1455 Hactenus
725 1411 986 1456 inferiores
1012 1412 1316 1468 potissimum
1342 1422 1583 1458 uenerunt
1617 1414 1862 1469 germani,

240 1501 368 1530 nunc
398 1495 445 1531 et
469 1488 751 1543 superiores
774 1488 1026 1544 gregatim
1052 1488 1222 1534 uenire
1257 1489 1506 1547 incipiunt,
1546 1505 1607 1535 ex
1642 1491 1864 1535 remotis-

241 1563 376 1608 simis
415 1564 563 1609 etiam
597 1566 879 1623 prouinciis,
921 1576 973 1611 vt
1013 1567 1251 1612 comitatu
1286 1567 1540 1624 tyrolensi,
1579 1567 1864 1624 episcopatu

241 1640 521 1686 eistadiensi
546 1652 594 1687 et
617 1643 962 1699 herbipolensi.
997 1643 1063 1688 At
1097 1643 1352 1700 diligentia
1385 1644 1737 1701 discipulorum
1769 1661 1863 1690 non

239 1719 395 1763 minus
435 1735 627 1777 quoque
665 1730 813 1766 aucta
853 1730 940 1766 est.
985 1721 1111 1766 Nam
1147 1721 1358 1778 quinque
1393 1731 1680 1767 nostrorum
1714 1722 1859 1767 diale-

239 1795 478 1840 cticorum
504 1796 636 1853 digni
662 1797 842 1842 inuenti
869 1797 1068 1843 fuerunt
1093 1798 1171 1854 qui
1207 1814 1236 1843 a
1270 1807 1376 1843 tota
1409 1798 1649 1844 facultate
1683 1799 1861 1844 artium

240 1872 629 1918 baccalaureatu
654 1874 1035 1919 honorarentur.
1064 1874 1196 1919 Inter
1215 1890 1337 1930 quos
1363 1884 1463 1920 tres
1484 1875 1639 1920 nostri
1664 1874 1863 1920 fuerunt

238 1949 439 1995 fratres:
468 1950 712 1996 Henricus
736 1950 998 2007 SomaliUS,
1021 1951 1372 2008 dionantensis,
1400 1951 1580 1997 Petrus
1598 1951 1858 2009 Hophtius,

239 2028 548 2083 coloniensis,
581 2038 628 2073 et
664 2028 962 2073 Franciscus
997 2029 1276 2085 Emerulus,
1314 2029 1749 2075 buschoducensis.
1788 2029 1864 2074 Ex

238 2106 397 2150 classe
433 2121 553 2150 uero
587 2105 838 2150 rhetorica
877 2107 928 2150 14
958 2106 1280 2162 produximus
1303 2106 1605 2160 dialecticos;
1633 2116 1681 2152 et
1704 2123 1764 2152 ex
1790 2122 1863 2152 su-

238 2183 419 2238 periori
461 2183 620 2228 classe
658 2184 991 2238 grammatica
1035 2184 1087 2227 15
1125 2183 1386 2229 eduximus
1425 2185 1673 2242 rhetore&
1715 2194 1763 2230 et
1801 2200 1862 2229 ex

238 2258 403 2304 infima
437 2260 878 2316 grammaticorum
914 2261 1083 2305 schola
1117 2261 1179 2306 ad
1209 2262 1517 2318 superiorem
1552 2261 1610 2306 20
1631 2261 1864 2307 ascende-

238 2346 366 2393 runt,
390 2337 601 2382 fratrum
626 2338 852 2382 rhetores
876 2337 993 2382 facti
1019 2347 1130 2383 sunt
1149 2338 1260 2393 duo,
1284 2338 1527 2384 dialectici
1551 2348 1716 2384 autem
1743 2348 1859 2384 tres,

236 2413 396 2458 Porro
429 2413 505 2459 hic
540 2428 777 2459 ascensus
810 2430 904 2459 non
942 2424 1015 2460 est
1046 2414 1206 2460 factus
1232 2415 1322 2460 nisi
1353 2414 1574 2472 diligenti
1599 2416 1862 2461 admodum

237 2491 511 2547 praemisso
535 2491 779 2537 examine.
818 2491 1148 2548 Preceptores
1187 2507 1357 2537 omnes
1391 2492 1562 2537 ordine
1601 2493 1859 2549 sedebant,

236 2569 457 2625 discipuli
489 2570 532 2627 o,
570 2570 735 2625 plures
768 2578 853 2614 aut
887 2570 1165 2626 paucioreS‚
1203 2571 1420 2627 stabant,
1457 2579 1504 2615 et
1539 2571 1601 2616 ad
1637 2571 1860 2627 quaesita
1902 2611 1909 2616 ,

237 2647 619 2704 respondebant,
641 2656 766 2704 post,
789 2657 997 2703 accepto
1016 2648 1250 2705 themate,
1273 2663 1396 2704 pene
1415 2663 1477 2693 ex
1501 2656 1726 2705 tempore
1750 2663 1859 2694 ora-

236 2723 419 2768 tionem
460 2734 545 2769 aut
583 2725 840 2781 epistolam
875 2725 1176 2771 scribebant.
1215 2725 1441 2782 Denique
1474 2741 1564 2782 pro
1596 2726 1782 2771 meritis
1816 2726 1860 2771 in

237 2800 336 2843 suis
361 2801 602 2845 classibus
625 2801 803 2858 singuli
827 2801 1019 2858 publice
1043 2802 1218 2847 ordine
1242 2811 1355 2848 sunt
1380 2802 1626 2848 collocati.

293 2878 335 2922 13.
402 2876 543 2922 Haec
576 2878 635 2922 de
669 2878 854 2934 schola,
891 2893 1019 2924 nunc
1053 2879 1112 2923 de
1147 2879 1395 2925 conuictu.
1435 2878 1566 2924 Dum
1601 2878 1738 2924 Deus
1772 2877 1858 2923 Pa·
1906 2944 1909 2950 Δ

282 3042 301 3061 ²¹
351 3043 487 3080 Prius
505 3044 588 3080 sed.
