1925 3509
506 295 775 333 16.—BURG15
803 297 846 332 17
867 296 1069 342 JANUARII
1099 298 1189 333 1557
1571 300 1615 335 67

24 391 142 438 tenti
176 390 311 436 circa
351 390 693 446 proximorum
734 391 961 443 salutem,
1004 401 1056 436 ut
1096 391 1180 436 uix
1220 393 1283 437 ad
1322 408 1472 438 aures
1513 393 1661 450 (quod

24 468 177 523 aiunt)
202 466 495 523 scalpendas
520 467 672 512 otium
697 477 782 512 aut
809 468 946 512 locus
979 469 1209 524 supersit;
1248 478 1388 514 tanta
1423 470 1550 514 enim
1587 479 1662 515 est

25 545 87 590 ad
116 543 281 588 diuina
315 553 632 588 sacramenta
667 543 1053 589 decurrentium
1086 551 1103 571 ὃ
1130 545 1290 602 copia,
1333 555 1385 591 ut
1419 546 1501 591 uix
1538 547 1664 591 ullus

25 621 253 666 elabatur
271 619 390 675 dies,
419 619 464 663 in
485 635 580 676 quo
604 620 683 664 uel
707 635 736 665 a
761 620 1169 677 confessionibus,
1198 622 1272 667 ue]
1299 638 1328 667 a
1363 622 1381 648 b
1416 623 1662 668 sanctissi-

26 697 89 742 mi
124 696 348 752 corporis
373 695 558 741 Christi
594 697 870 752 sumptione
905 706 1143 755 cessetur,
1180 698 1435 744 dominicis
1470 715 1662 756 preser-

24 774 107 820 tim
132 772 418 828 festiuisque
444 772 631 827 diebus,
659 773 834 830 quibus
859 773 905 819 in
930 784 1156 820 nostrum
1176 775 1416 820 sacellum
1436 791 1664 821 numero-

24 867 78 896 sa
108 850 441 906 potissimmn
470 850 826 898 foemimzrmn
860 858 875 878 ⁰
907 852 1166 897 multitudo
1201 854 1413 910 confluit
1446 852 1464 879 ¹¹
1500 854 1664 899 diuino

25 942 195 972 amore
240 926 689 980 exardescentium3
739 928 842 972 uiri
886 933 1061 973 antem
1106 929 1251 974 nobis
1295 944 1410 975 cnm
1451 935 1666 987 praeter

19 1009 218 1061 paucos
241 1003 543 1060 neutiquam
567 1004 673 1048 sint
690 1004 900 1061 affecti)-
919 1009 967 1050 μί
985 1020 1047 1050 ne
1059 1006 1313 1063 foensu‘m‘s
1331 1008 1435 1052 sint
1460 1008 1663 1052 immix-

23 1081 75 1133 ti,
103 1094 219 1125 cum
242 1080 382 1125 locus
406 1080 535 1125 adeo
558 1080 627 1124 sit
650 1082 896 1137 incapax,
933 1083 1005 1127 ad
1037 1083 1144 1127 alia
1178 1084 1372 1140 templa
1406 1089 1665 1139 comeants

25 1157 153 1214 quod
177 1157 223 1202 ni
250 1164 265 1184 e
294 1157 384 1202 loci
410 1157 644 1213 angustia
669 1157 857 1215 (utpote
889 1158 932 1203 in
970 1175 1065 1216 qua
1100 1176 1222 1216 prae
1258 1161 1509 1217 paruitate
1549 1177 1661 1206 con-

24 1235 210 1280 cionari
234 1250 330 1279 non
357 1235 521 1291 liceat)
546 1235 687 1280 nobis
722 1246 853 1281 esset
887 1237 1163 1294 obstaculo,
1202 1252 1303 1283 non
1338 1239 1553 1284 dabimus
1587 1243 1664 1283 est

24 1311 162 1368 quin,
190 1310 354 1355 diuina
377 1308 582 1367 juuante
606 1312 791 1368 gratia,
820 1314 971 1358 multo
996 1314 1214 1360 maiores
1248 1314 1294 1359 in
1330 1315 1433 1360 dies
1467 1314 1661 1361 fructus

14 1389 209 1446 fierent
229 1386 239 1413 f
261 1398 408 1444 atque
433 1389 601 1443 plures
632 1389 828 1435 animae
854 1389 1056 1436 Christo
1091 1391 1459 1437 addicerentur.
1498 1393 1661 1438 Auide

25 1465 150 1510 enim
175 1464 319 1522 hujus
344 1465 480 1510 urbis
504 1481 628 1522 gens
652 1467 870 1512 diuinum
897 1469 1104 1513 uerbum
1137 1469 1290 1515 audit.
1328 1470 1524 1515 Verum
1548 1486 1660 1516 cum

24 1541 217 1587 diuinae
241 1542 583 1598 prouidentiae
606 1544 674 1588 sit
691 1544 946 1600 placitum
968 1552 987 1579 g
1007 1545 1138 1591 intra
1163 1546 1253 1591 has
1287 1548 1549 1603 angustias
1573 1563 1664 1593 nos

26 1619 339 1673 commorari,
377 1635 633 1676 quousque
667 1637 756 1676 per
791 1622 946 1678 ipsam
981 1622 1112 1668 aliud
1149 1623 1456 1679 disponatur,
1493 1641 1660 1671 neces-

28 1710 133 1741 sum
178 1696 271 1741 erit
309 1711 470 1752 aequo
511 1696 528 1722 ¹¹
569 1711 662 1742 1208
700 1699 864 1744 animo
909 1700 1224 1755 perferamus
1260 1700 1285 1746 ¹.
1323 1699 1488 1758 Super
1531 1703 1660 1748 llaec

30 1776 217 1830 autem,
243 1773 482 1818 omnibns
505 1789 628 1830 pene
654 1775 833 1821 diebus
856 1776 1047 1822 Patres
1070 1777 1079 1811 1'
1107 1778 1168 1823 ad
1204 1778 1261 1823 iis
1292 1779 1371 1835 qui
1398 1780 1443 1824 in
1474 1780 1660 1825 vltimis

27 1859 180 1906 agunt
224 1849 266 1907 ¹¹,
314 1866 456 1907 opem
516 1852 1006 1910 consolationemque
1057 1854 1316 1901 ferendam
1361 1868 1653 1904 euocantur.

26 1926 167 1983 Quod
191 1927 322 1973 dictu
347 1929 523 1974 mirum
548 1940 855 1987 quantopere
890 1933 1045 1989 plebis
1079 1934 1270 1979 animos
1304 1935 1446 1980 nobis
1481 1936 1659 1981 reddat

15 2003 252 2050 affectos.
281 2005 626 2051 Aedificantur
650 2007 778 2053 enim
804 2024 957 2065 supra
982 2010 1182 2055 modum
1207 2026 1318 2056 cum
1338 2022 1537 2057 nostros
1557 2013 1659 2058 nul-

27 2081 72 2125 lo
96 2081 306 2127 humano
327 2083 517 2129 illectos
541 2085 781 2143 praemio,
809 2095 911 2131 tam
945 2087 1026 2132 diu
1059 2104 1207 2145 quam
1243 2098 1408 2145 noctu,
1447 2090 1658 2147 quoties-

27 2172 118 2214 que
152 2159 214 2204 ab
248 2159 364 2216 ipsis
398 2171 742 2219 accersuntur,
780 2163 842 2208 ad
877 2164 1095 2220 ipsorum
1135 2166 1309 2211 domos
1348 2176 1450 2212 tam
1490 2168 1658 2213 libenti

27 2235 188 2280 animo
213 2251 265 2281 se
289 2237 520 2283 conferre
546 2238 762 2285 videant.

80 2311 123 2358 3.
188 2313 299 2359 Hoc
322 2324 590 2371 praeterea
614 2316 621 2344 ¹
659 2318 887 2373 proximo
912 2319 1130 2365 aduentu
1156 2320 1252 2366 duo
1276 2337 1339 2366 ex
1358 2322 1542 2367 nostris
1565 2337 1656 2378 per

29 2388 250 2435 diuersas
275 2391 421 2448 hujus
444 2393 628 2449 Oppidi
649 2401 676 2420 ¹¹¹
701 2395 932 2441 basilicas
968 2398 981 2420 ¹
1018 2397 1166 2443 diuini
1201 2399 1339 2444 uerbi
1370 2414 1536 2444 semen
1561 2415 1659 2444 non

27 2464 129 2511 sine
152 2466 317 2513 fructu
340 2484 590 2525 sparsere.
619 2471 846 2517 Detentis
871 2473 1021 2518 etiam
1046 2473 1092 2518 in
1116 2489 1326 2520 carcere
1360 2476 1486 2521 alius
1510 2476 1658 2521 domi-

27 2541 145 2588 nicis
167 2543 454 2602 festiuisque
478 2546 651 2593 diebus
675 2550 991 2606 euangelium
1017 2551 1247 2608 explicat.

73 2734 90 2754 a
120 2728 420 2768 confluentium.
474 2732 541 2760 —b
575 2733 667 2779 Seq.
689 2747 803 2770 sacro
822 2734 938 2771 oblit.
998 2743 1054 2763 —C
1089 2736 1308 2773 hominum.
1357 2737 1420 2763 —d
1452 2739 1656 2777 conuenit.

28 2790 45 2812 ⁹-
74 2785 161 2823 nisi.
205 2788 263 2815 —f
299 2790 387 2836 capi
407 2799 582 2837 possent.
629 2801 694 2828 ——g
719 2793 892 2839 placeat.
940 2794 1004 2821 ——h
1032 2795 1218 2832 Emend.
1237 2806 1287 2832 ex
1305 2808 1475 2842 aequao.
1521 2797 1577 2824 -i
1616 2803 1659 2835 vt

30 2855 97 2881 eas
114 2858 242 2893 aequo
261 2848 394 2885 animo
413 2862 484 2886 nos
502 2850 769 2897 perferamus.
817 2853 870 2885 —i
899 2852 1069 2900 Insuper
1088 2854 1266 2901 quotidie
1285 2867 1389 2902 pene
1409 2857 1654 2894 sacerdotes.

31 2902 94 2930 —k
122 2904 319 2951 laborant,
340 2919 426 2945 non
445 2909 670 2947 obliterato
689 2917 829 2958 agunt.
885 2912 939 2939 -l
970 2919 1185 2959 praeterea
1204 2914 1290 2951 hoc.
1344 2922 1420 2942 -m
1443 2916 1564 2953 vrbis.

77 3089 86 3108 ¹
109 3109 113 3112 ·
137 3089 317 3139 Intelligi
335 3093 523 3130 videntur
541 3096 693 3141 templa
712 3101 826 3132 extra
845 3096 955 3133 urbis
975 3110 1109 3134 muros
1128 3098 1270 3145 posita.
