1909 3328
278 266 347 302 :300
745 266 964 302 LITTERAE
992 266 1083 311 QUA
1092 277 1348 303 DRliiiEs'rRiss

228 372 394 406 tamen
420 377 482 406 ex
505 361 578 406 his
602 361 682 417 qui
706 372 1032 417 perseuerent
1051 362 1226 416 adhuc,
1250 372 1297 407 et
1316 363 1362 407 in
1382 360 1687 407 Societatem
1706 362 1857 418 recipi

231 438 544 483 contendant.

286 516 328 561 4.
395 515 518 560 Illud
542 515 689 560 etiam
715 516 968 571 addiderO,
996 531 1091 560 non
1115 531 1292 571 parum
1317 516 1542 560 utilitatis
1567 516 1729 560 multis
1753 525 1856 561 atu-

230 592 343 637 lisse
368 592 599 646 libellum,
628 607 771 647 quem
796 591 946 636 Pater
971 601 1138 636 rector
1162 607 1317 647 nuper
1342 592 1387 637 in
1413 593 1572 637 lucem
1607 591 1788 636 aedidit
1825 594 1854 637 ¹.

229 668 365 713 Inter
399 683 522 724 quos
557 668 800 724 quendam
841 668 1052 713 nobilem
1091 667 1269 722 ciuem,
1307 667 1504 723 iamque
1537 667 1858 724 grandiorem

231 755 349 791 natu
374 745 637 801 plurimum
657 745 860 801 adiuuit;
884 745 964 801 qui
983 760 1092 789 cum
1111 745 1246 789 illum
1267 754 1458 790 attenta
1477 745 1623 790 animi
1643 745 1859 790 conside-

230 823 422 868 ratione
446 823 757 879 perlegisset,
785 823 1107 867 vehementer
1131 831 1409 867 commotus
1433 831 1523 873 est,
1557 837 1764 877 seseque
1798 822 1859 867 ad

231 900 431 945 Patrem
457 899 657 955 recepit,
687 900 840 945 multa
858 908 1030 944 errata
1052 899 1178 943 velle
1196 898 1474 955 corrigere,
1497 898 1557 943 ad
1582 899 1860 954 bonamque

230 977 427 1033 frugem
447 992 498 1021 se
520 976 745 1032 recipere
764 977 1043 1021 ostendens.
1068 976 1176 1020 Deo
1194 974 1396 1031 optimo,
1419 976 1652 1030 inaxi1nO‚
1674 976 1735 1020 sit
1754 976 1860 1021 laus

231 1064 280 1099 et
303 1054 482 1111 gloria.

288 1131 331 1176 5.
398 1131 500 1176 Res
518 1129 776 1175 familiaris
797 1129 938 1174 huius
958 1129 1155 1185 collegii
1175 1145 1414 1185 prospere
1434 1145 1543 1174 sese
1562 1129 1727 1182 habet,
1750 1138 1798 1174 et
1814 1129 1860 1175 in

231 1208 334 1252 dies
359 1207 534 1264 augeri
560 1207 771 1252 videtur.
799 1206 983 1262 Quanti
1010 1221 1130 1250 uero
1154 1221 1242 1250 nos
1266 1215 1372 1251 tota
1396 1206 1572 1251 ciuitas
1608 1206 1762 1251 faciat
1785 1210 1863 1262 (ut

231 1285 396 1330 multa
421 1284 527 1329 alia
551 1284 810 1335 omittam)
833 1284 925 1328 hoc.
949 1283 1008 1328 sit
1043 1292 1340 1339 argumento
1375 1283 1693 1327 Paternitati
1724 1287 1857 1340 tuae,

233 1362 363 1419 quod
397 1361 459 1407 ad
495 1377 580 1406 eas
615 1361 1000 1406 deliberationes
1034 1375 1158 1416 quas
1197 1360 1256 1404 de
1296 1360 1549 1416 republica
1590 1359 1860 1405 ordinanda

232 1439 475 1495 primores
499 1438 716 1483 ciuitatis
739 1438 937 1492 habent,
965 1437 1168 1481 Patrem
1191 1445 1415 1481 nostrum
1452 1446 1696 1481 rectorem
1731 1436 1859 1481 adhi-

236 1517 355 1561 bere
379 1516 652 1572 plerunque
676 1515 852 1559 solent.
880 1513 978 1558 Sed
1009 1514 1054 1558 in
1088 1513 1257 1569 primis
1292 1513 1734 1557 reuerendissimus
1767 1513 1875 1573 epi-p

234 1608 412 1649 scopus
446 1593 478 1649 2,
515 1592 594 1648 qui
630 1607 726 1636 non
760 1593 919 1636 solum
950 1590 1113 1636 Patris
1145 1591 1400 1636 consilium
1426 1591 1638 1647 benigne
1663 1590 1870 1647 suscipit

234 1680 383 1726 atque
408 1669 634 1724 miratur,
662 1669 747 1713 sed
778 1678 825 1713 et
851 1678 1023 1713 nostra
1049 1669 1246 1713 minima
1276 1668 1517 1713 exercitia
1547 1668 1713 1713 intimo
1747 1682 1859 1724 quo-

235 1747 347 1792 dam
372 1757 419 1791 et
443 1746 793 1791 ardentissimo
819 1761 989 1790 amore
1015 1745 1344 1802 prosequitur,
1372 1745 1616 1801 facileque
1641 1754 1688 1790 et
1710 1745 1860 1790 verbo

233 1833 282 1869 et
300 1839 451 1880 opere
476 1822 660 1868 indicat
684 1823 878 1879 qualem
898 1822 956 1866 de
983 1822 1121 1867 nobis
1141 1822 1388 1867 imbiberit
1408 1821 1700 1878 opinionem,
1723 1821 1859 1878 quid-

236 1915 298 1946 ne
320 1901 526 1946 sentiat.
554 1900 697 1944 Adde
720 1907 735 1925 ὃ
764 1909 971 1944 sanctae
1006 1899 1329 1955 inquisitionis
1363 1899 1750 1956 mgistratzmz,
1786 1898 1862 1943 vel

235 1983 290 2024 ut
311 1978 367 2023 lzz'
388 1978 579 2033 dicunt,
607 1975 840 2032 officium,
862 1976 977 2021 nihil
996 1977 1286 2032 plerumque
1311 1991 1483 2033 agere,
1510 1976 1625 2021 nihil
1648 1975 1855 2031 sancire,

234 2055 281 2100 in
321 2056 470 2100 rebus
503 2054 797 2110 praesertim
837 2053 1021 2103 arduis,
1059 2053 1168 2110 quin
1211 2052 1367 2097 nostri
1408 2051 1571 2097 Patris
1610 2052 1858 2097 consilium

234 2132 574 2187 sententiaque
599 2130 885 2185 accesserit3
914 2140 961 2174 et
986 2130 1115 2186 quod
1140 2146 1235 2174 non
1272 2129 1474 2174 minoris
1497 2129 1737 2185 ,ponderis
1771 2137 1856 2184 est,

235 2209 703 2255 reuerendissimum
739 2208 1022 2263 episcopum
1059 2218 1105 2252 et
1139 2207 1295 2263 ipsum
1321 2207 1658 2264 inquisitorem
1681 2206 1743 2251 ad
1775 2220 1858 2251 nos

235 2286 484 2331 ventitare
509 2285 723 2341 domum,
751 2294 799 2329 et
822 2284 1010 2329 visendi
1035 2299 1123 2329 nos
1152 2299 1321 2338 causa,
1350 2293 1414 2340 et,
1440 2294 1492 2328 ut
1516 2299 1576 2328 ea
1600 2284 1658 2327 de
1691 2282 1859 2339 quibus
1907 2274 1909 2319 l

234 2363 510 2419 ambigunt,
548 2377 659 2407 cum
695 2361 844 2406 Patre
879 2361 1156 2418 conferant3
1193 2370 1246 2405 ut
1281 2360 1501 2405 omittam
1537 2375 1685 2418 quam
1719 2358 1858 2416 pluri-

236 2455 343 2485 mos
367 2440 429 2485 ad
453 2440 611 2496 ipsum
636 2437 819 2483 deferri
845 2438 1013 2494 libros,
1046 2448 1098 2483 ut
1121 2437 1366 2494 perlectis,
1404 2438 1534 2493 quod
1566 2436 1745 2482 falsum
1777 2442 1859 2481 aut

238 2532 506 2562 erroneum
533 2516 792 2569 videbitur,
821 2524 955 2559 notet
979 2523 1027 2559 et
1051 2516 1294 2571 corrigat.
1322 2514 1402 2560 Ex
1425 2530 1536 2571 quo,
1563 2513 1670 2559 R.<¹e
1694 2513 1854 2569 Pater,

284 2697 301 2717 ³
354 2690 561 2736 Sequitur
577 2691 599 2726 I
617 2701 656 2725 v.
679 2689 812 2726 oblitt.

286 2835 296 2854 ¹
350 2833 457 2869 Vide
477 2833 675 2880 superius,
697 2845 790 2880 pag.
811 2832 893 2877 366,
915 2837 1050 2869 annot.
1071 2832 1106 2868 3.

285 2892 299 2912 ²
348 2891 658 2939 Archiepiscopi
677 2891 911 2938 genuensis,
933 2891 1173 2938 Hieronymi
1192 2891 1240 2927 de
1261 2889 1412 2933 Saulis,
1429 2888 1701 2936 legationibus
1719 2901 1743 2925 a
1756 2898 1858 2924 sum-

238 2964 302 2988 mo
323 2951 509 2997 pontifice
529 2952 726 2998 occupati,
750 2950 923 2987 vicarius
942 2956 1031 2987 erat
1050 2949 1223 2987 Genuae
1243 2962 1348 2986 anno
1370 2949 1470 2991 1553,
1488 2948 1691 2996 Aegidius
1706 2947 1856 2984 Falcet-
1895 2975 1897 2979 ,

238 3016 292 3055 ta,
315 3011 524 3058 episcopus
539 3012 784 3058 caprulanus
799 3009 996 3056 (Caorle),
1014 3010 1062 3046 de
1081 3022 1159 3056 quo
1178 3009 1312 3046 forsan
1332 3009 1395 3046 hic
1412 3009 1561 3055 agitur.
1584 3007 1647 3046 Cf.
1669 3003 1861 3045 Monumss'

240 3070 399 3116 Ignat„
422 3082 501 3107 ser.
526 3070 593 3115 La,
615 3070 689 3116 VI,
710 3070 768 3116 52,
789 3070 848 3107 54.
