1950 3348
286 222 355 257 314
754 221 973 258 LITTERAE
999 222 1352 267 QUADRIMESTREs

238 316 433 373 collegii
458 327 666 372 agentes
690 326 838 373 atque
863 318 1011 363 etiarn
1037 319 1286 363 scolarum
1311 318 1536 374 magistri
1563 320 1725 374 sepius
1749 335 1865 365 exa-

238 394 500 438 minantur.
538 392 685 438 Scole
720 409 749 438 a
784 410 860 439 me
895 404 943 440 et
977 395 1084 439 aliis
1118 410 1234 451 sepe
1281 395 1559 451 visitantur,
1597 397 1864 442 beneuolos

239 486 364 526 erga
403 470 694 515 scolasticos
733 486 822 515 nos
861 471 1115 517 facientes
1157 470 1447 516 Comediam
1493 472 1662 528 Euripi
1707 474 1864 529 perdi-

237 557 379 592 scunt
405 549 435 598 ¹,
478 563 624 602 quam
649 547 783 592 circa
808 547 989 593 festum
1014 548 1171 592 sancti
1196 547 1464 593 Venceslai
1489 558 1654 605 agent.
1680 549 1865 596 Diebus

238 624 435 669 veneris
461 624 693 679 leguntur
718 626 890 681 regule
915 625 961 669 in
987 625 1211 681 prandio,
1250 634 1365 669 ante
1402 626 1735 681 vespertinam
1769 628 1864 672 col-

239 700 471 745 lationem
507 700 578 753 (vt
612 701 815 757 vocant)
851 701 1062 746 habetur
1099 701 1399 746 exhortatio,
1427 700 1644 757 Singulis
1674 702 1861 755 diebus,

238 775 383 821 finitis
406 776 549 829 tonis,
578 777 810 832 leguntur
839 777 1025 833 aliquot
1057 778 1250 822 articuli
1276 778 1564 834 regularum
1589 777 1864 824 officiorum

239 853 426 897 domus.
457 851 701 908 Syndicus
735 854 990 909 generalis
1025 864 1099 899 est
1133 853 1353 911 joannes
1386 854 1633 911 Rosanus,
1661 855 1740 911 qui
1774 856 1864 901 sin-

237 930 366 985 gulis
391 929 560 974 diebus
586 930 750 974 omnia
776 929 985 975 fideliter
1009 930 1185 975 defert.

300 1008 366 1052 11.
437 1007 582 1051 Vnus
615 1006 831 1052 fratrum
867 1007 1082 1053 officium
1119 1009 1267 1053 habet
1300 1008 1507 1064 singulis
1551 1009 1721 1054 diebus
1755 1025 1864 1056 ara—

236 1100 356 1129 neas
401 1100 487 1140 per
533 1084 878 1130 dormitorium
922 1085 1116 1141 aliaque
1162 1086 1272 1129 loca
1317 1085 1513 1141 collegii
1569 1085 1860 1132 decutiendi.

236 1162 378 1206 Alius
403 1163 618 1206 matulas
650 1160 862 1206 fratrum
897 1162 1056 1217 (salua
1082 1161 1384 1217 reuerentia)
1410 1161 1615 1219 singulis
1639 1163 1863 1219 septima-

237 1238 310 1283 nis
333 1248 531 1294 purgat.
561 1237 704 1282 Alius
729 1238 813 1282 dat
838 1238 1000 1283 cibum
1025 1238 1188 1294 porcis
1208 1238 1245 1295 ἃ,
1268 1246 1415 1293 atque
1440 1253 1529 1294 per
1553 1239 1728 1284 horam
1753 1250 1865 1285 ante

235 1314 494 1370 prandium
529 1323 577 1359 et
611 1329 820 1359 coenam
844 1330 1017 1359 cocum
1041 1315 1177 1359 iuuat
1202 1314 1248 1359 in
1273 1314 1451 1360 culina.
1479 1314 1619 1360 Alius
1653 1315 1865 1360 fratrum

236 1392 433 1436 calceos
467 1391 620 1436 semel
654 1391 700 1436 in
735 1392 1009 1447 septimana
1052 1391 1204 1447 vngit.
1246 1390 1384 1436 Alius
1418 1391 1571 1436 semel
1610 1391 1656 1436 in
1697 1408 1862 1437 mense

235 1468 475 1514 fratribus
510 1468 659 1524 pedes
695 1469 846 1512 lauat.
874 1467 1060 1513 Omnes
1094 1467 1281 1512 fratres
1304 1467 1447 1512 simul
1472 1467 1542 1513 bis
1566 1468 1612 1512 in
1637 1468 1860 1524 septima-

233 1561 297 1590 na
322 1554 530 1589 verrunt
554 1545 715 1600 scopis
739 1554 895 1590 toturn
920 1545 1199 1601 collegium.
1228 1543 1447 1601 Singulis
1471 1545 1641 1590 diebus
1665 1544 1717 1590 fit
1741 1546 1861 1592 hora

233 1623 261 1667 4
294 1622 587 1667 exercitium
622 1622 885 1677 corporale
921 1623 982 1666 ab
1017 1622 1244 1667 omnibus
1279 1621 1313 1676 b,
1352 1622 1564 1678 rigando
1598 1622 1770 1668 hortos
1804 1639 1862 1668 ac

235 1699 367 1744 aliud
390 1698 668 1744 huiusmodi
692 1698 936 1744 faciendo.
960 1699 1160 1744 Habent
1182 1699 1386 1756 singulis
1410 1699 1581 1744 diebus
1605 1700 1861 1746 lectionem

235 1778 484 1833 priuatam
519 1777 565 1822 in
601 1775 860 1822 Ciceronis
885 1777 1151 1822 rethorica.
1180 1775 1398 1833 Singulis
1432 1777 1718 1833 septimanis
1751 1777 1864 1824 dan-

234 1864 316 1900 tur
340 1855 561 1900 themata
586 1863 733 1911 atque
758 1854 1107 1900 examinantur
1141 1854 1356 1899 fratrum
1381 1854 1586 1911 epistole
1609 1855 1698 1911 bis,
1727 1871 1863 1911 prae-

235 1941 311 1977 ter
334 1930 689 1987 occupationes
714 1932 980 1976 scolarum.

297 2007 365 2053 12.
432 2007 615 2052 Nouitii
640 2007 845 2064 singulis
870 2008 1041 2053 diebus
1065 2008 1247 2053 habent
1281 2008 1543 2053 lectionem
1576 2007 1622 2052 in
1655 2005 1863 2053 catheci·

235 2102 341 2131 smo
375 2095 424 2130 et
457 2085 770 2140 explicantur
805 2085 896 2129 illis
931 2086 1105 2141 regule
1129 2084 1408 2130 Societatis.
1438 2084 1640 2141 Omnes,
1668 2084 1746 2141 qui
1771 2098 1863 2128 non

234 2164 359 2209 bene
383 2171 628 2207 nonerunt
652 2162 887 2219 scribere,
925 2162 1131 2219 singulis
1164 2162 1335 2208 diebus
1368 2163 1521 2207 semel
1556 2161 1766 2206 reddunt
1789 2175 1863 2205 ra-

235 2240 418 2285 tionem
442 2239 702 2295 scripture,
731 2254 878 2294 quam
902 2239 1123 2284 scribere
1147 2248 1394 2295 tenentur,
1423 2248 1475 2284 vt
1499 2240 1623 2284 bene
1659 2238 1860 2283 discant.

236 2315 455 2373 Singulis
479 2316 651 2361 diebus
675 2314 726 2361 fit
751 2315 894 2360 lectio
928 2327 1015 2361 aut
1048 2316 1344 2362 exercitatio
1368 2316 1413 2361 in
1439 2316 1608 2372 lingua
1642 2314 1862 2361 bo'e‘mica

236 2403 461 2450 tempore
487 2392 811 2437 recreationis
846 2402 956 2449 post
996 2408 1203 2438 coenam
1237 2403 1285 2438 et
1319 2392 1594 2449 prandium:
1629 2401 1778 2448 atque
1807 2391 1862 2436 si-

236 2486 387 2527 gnum
405 2470 551 2515 datur
570 2469 771 2525 linguae
792 2469 1031 2525 boemice,
1051 2470 1180 2526 quod
1199 2469 1428 2526 plectitur
1447 2469 1684 2526 requisita
1703 2467 1864 2514 cathe-

236 2563 299 2591 na
315 2556 424 2603 post
444 2546 835 2592 benedictionem
854 2561 1055 2598 coenae,
1075 2546 1255 2592 ablatis
1273 2547 1523 2591 carnibus.
1542 2545 1862 2591 Profecturos

236 2639 382 2679 spero
408 2623 547 2668 breui
571 2622 758 2668 fratres
781 2632 1007 2679 tempore
1031 2623 1078 2668 in
1102 2623 1201 2668 illa.
1228 2623 1357 2668 Nam
1375 2623 1722 2668 necessitatem
1740 2621 1862 2674 illius

281 2764 301 2783 a
353 2764 569 2800 Additum
602 2765 647 2800 in
680 2774 834 2809 marg:
869 2763 1065 2799 habemus
1096 2763 1204 2799 enim
1235 2775 1376 2810 porcos
1407 2762 1475 2809 qui
1502 2761 1717 2809 superfluis
1743 2761 1863 2798 edunt

235 2822 334 2868 (⁶5ic)
352 2823 500 2859 culine.
553 2823 620 2850 ——b
668 2822 721 2859 In
741 2833 880 2868 marg.
889 2833 902 2858 .·
919 2835 1030 2858 more
1049 2822 1299 2869 germanico.

285 2961 294 2979 ¹
346 2959 410 2995 De
430 2959 574 3006 Euripi
593 2960 814 3002 comoedia,
835 2971 940 3006 quae
955 2958 995 2995 in
1010 2959 1193 3006 pluribus
1209 2957 1425 2995 Societatis
1440 2958 1624 3005 collegiis
1651 2957 1860 3004 agebatur,

236 3018 339 3062 vide,
362 3019 429 3063 sis,
451 3019 593 3062 DUHR,
617 3018 866 3056 Gesclzz'clzte
884 3018 962 3056 der
973 3018 1239 3064 seminem...
1261 3018 1291 3062 I,
1312 3018 1393 3055 331.
1490 3021 1493 3024 ⁴
1772 3028 1774 3032 ’
