1900 3380
453 268 775 305 QOL—-BiLLoaio
806 268 847 304 12
874 269 1079 305 OCTonRis
1110 269 1200 305 1558
1531 268 1601 304 835

26 364 89 410 illi
118 379 240 410 uero
266 363 493 409 Claudio.
521 363 667 420 Quod
702 364 1002 420 perspiciens
1038 378 1308 410 mecoenas
1331 364 1353 385 ⁵²
1376 375 1545 409 noster
1570 363 1647 408 ho-

25 457 134 488 rum
159 441 389 498 precibus
412 440 605 498 putauit
628 440 1041 496 acquiescendum
1076 456 1201 486 esse.
1228 441 1365 486 Fene
1388 441 1511 497 pari
1531 444 1652 485 sunt

26 523 207 575 aetate,
235 518 367 563 alter
388 518 524 562 enim
546 517 856 575 zzegesz·1nmn
880 519 1088 563 tertium
1108 532 1274 575 (egens
1293 532 1508 574 annum)
1531 518 1650 563 duo-

25 595 118 642 bus
141 596 361 641 alterum
383 599 614 651 superat.
643 594 790 640 Faxit
814 595 951 641 Deus
976 605 1027 640 ut
1051 596 1224 641 horum
1254 589 1425 641 feruor
1459 610 1518 640 ac
1543 595 1651 640 reli-

26 672 184 730 gionis
207 671 462 729 profectus
486 672 532 716 in
563 671 665 717 dies
699 682 963 730 augeatur,
1002 688 1123 729 quos
1157 673 1219 718 ad
1254 673 1326 718 sui
1362 673 1652 730 obsequium

27 751 313 797 certissimis
332 749 643 807 argumentis
662 759 737 795 est
756 765 941 796 uocare
961 750 1209 807 dignatus.
1231 750 1650 807 Subsequuturos‚

27 828 200 874 eodem
224 838 452 883 uocante‚
480 843 575 872 non
607 844 810 885 paucos,
843 828 1061 873 maxima
1095 844 1185 873 nos
1216 844 1326 885 spes
1361 837 1494 873 tenet
1528 827 1654 873 illius

28 921 119 963 ope
142 921 203 951 ac
226 906 444 951 bonitate
469 920 752 963 persuasos,
781 905 861 962 qui
886 905 1125 951 maiorem
1161 906 1206 950 in
1241 906 1343 951 dies
1377 921 1498 950 suae
1521 906 1653 951 mini-

28 998 138 1029 mae
177 982 442 1028 Societatis
476 982 891 1028 existimationem
931 983 1154 1028 excitare
1194 983 1444 1039 dignatur,
1486 992 1538 1027 ut
1574 983 1657 1027 uix

28 1060 284 1118 quisquam
307 1060 369 1105 sit
393 1060 473 1116 qui
496 1075 593 1105 non
617 1059 880 1117 magnifice
904 1060 964 1105 de
989 1058 1242 1106 Societate
1276 1060 1473 1117 sentiat,
1510 1060 1655 1105 illius-

26 1153 121 1196 que
144 1137 347 1183 instituti
383 1137 661 1194 utilitatem,
689 1153 749 1183 ne
774 1137 935 1183 dicam
970 1137 1332 1194 necessitatem,
1370 1153 1465 1182 non
1500 1137 1656 1194 predi-

30 1226 120 1271 cet,
148 1224 200 1260 ut
223 1230 319 1260 non
343 1215 500 1260 solum
526 1214 657 1271 apud
691 1230 954 1271 aruernos,
992 1215 1077 1260 sed
1113 1214 1341 1260 finitimos
1375 1230 1435 1260 ac
1469 1215 1658 1260 uicinos

28 1293 251 1351 populos,
278 1308 368 1338 nec
391 1301 583 1338 tantum
623 1309 652 1338 a
690 1292 1010 1350 popularibus
1048 1302 1133 1338 aut
1173 1293 1531 1346 sacerdotibus,
1574 1293 1658 1337 sed

30 1371 177 1418 etiam
202 1387 232 1416 a
256 1370 502 1427 religiosis
526 1371 816 1427 illorumque
840 1370 1108 1427 praefectis
1132 1371 1343 1416 aliarum
1364 1370 1659 1427 religionum

30 1447 262 1494 institutis
306 1448 643 1505 praeferatur,
689 1448 769 1505 qui
803 1463 899 1494 uno
934 1464 1021 1494 ore
1055 1447 1307 1494 affirmant
1341 1464 1529 1505 omnes,
1564 1464 1659 1493 non

32 1526 246 1583 potuisse
271 1525 443 1571 melius
477 1526 660 1572 labenti
696 1535 744 1572 et
777 1542 933 1584 prope
967 1526 1163 1572 cadenti
1198 1526 1500 1583 reipublicae
1536 1526 1660 1571 chri-

34 1603 225 1650 stianae
249 1603 517 1661 subueniri,
539 1619 684 1660 quam
712 1604 792 1661 pia
810 1619 871 1649 ac
894 1603 1021 1649 fideli
1046 1619 1315 1660 puerorum
1340 1603 1659 1661 institutione,

35 1690 564 1738 sacramentorumque
608 1682 1049 1728 administratione.
1090 1682 1238 1727 Vnde
1277 1681 1329 1726 fit
1372 1691 1423 1726 ut
1467 1681 1663 1738 collegii

34 1758 253 1804 struendi
276 1759 644 1804 cunctationem
666 1775 762 1805 non
787 1759 976 1816 possint
1000 1774 1170 1804 omnes
1200 1774 1295 1804 non
1330 1774 1486 1816 aegre
1510 1758 1660 1815 ferre,

42 1844 307 1882 metuentes
330 1852 391 1881 ne
414 1836 473 1881 R.
499 1836 519 1863 ¹³
538 1837 799 1893 episcopus
817 1841 1019 1882 tantam
1029 1837 1247 1895 faciens
1265 1850 1483 1893 moram,
1506 1846 1663 1881 morte

43 1923 351 1972 praeuentus,
378 1923 517 1960 tanto
541 1915 672 1960 bono
697 1914 937 1960 reddatur
960 1914 1205 1971 indignus.
1232 1914 1317 1959 Ille
1342 1929 1464 1959 uero
1488 1913 1663 1958 maiori

68 2007 182 2036 uam
216 2007 433 2048 unquam
469 2007 594 2048 erga
627 2007 718 2037 nos
751 1991 941 2038 affectu
976 1991 1200 2049 queritur
1234 1991 1439 2037 Patrum
1474 1999 1663 2036 nostro-

45 2083 144 2113 rum
168 2068 367 2114 nimiam
392 2085 585 2115 moram
610 2071 641 2114 ¹.
667 2069 720 2115 In
745 2069 914 2127 primis
937 2070 997 2115 R.
1025 2069 1190 2114 Patris
1219 2069 1492 2125 Baptistae,
1529 2068 1666 2113 cuius

46 2145 277 2191 Lndustria
300 2161 361 2191 ac
383 2146 643 2202 prudentia
666 2146 792 2192 haec
819 2145 989 2204 perfici
1023 2146 1173 2203 cupit.
1201 2145 1367 2191 Alhtlta
1395 2149 1667 2202 praetereo

74 2227 93 2268 t
115 2237 216 2269 non
240 2224 450 2270 omnino
471 2225 604 2270 scitu
627 2225 811 2282 mgna,
839 2225 912 2271 ita
930 2229 1188 2281 persaepe
1206 2224 1432 2269 toedimn
1457 2237 1516 2268 (lc
1540 2237 1665 2268 nau-

47 2314 181 2347 seam
201 2303 484 2358 parientia.
516 2302 758 2359 [Veniam
785 2308 1068 2360 precesque
1087 2301 1372 2358 postztlat.].
1404 2300 1479 2345 Ex
1516 2300 1666 2345 billio-

89 2393 181 2423 aeo
205 2378 416 2435 collegio
439 2379 467 2424 4
491 2379 597 2424 idus
621 2379 858 2426 Octobris
887 2379 1013 2425 1558.

127 2454 205 2500 Ex
228 2455 463 2501 mandato
487 2456 548 2501 R.
576 2456 628 2501 P.
657 2457 886 2515 rectoris,
913 2466 1029 2502 tuae
1052 2457 1112 2501 R.
1141 2456 1195 2501 P.
1230 2455 1597 2511 indignissimus
1623 2455 1666 2500 in

0 2540 2 2546 ’
49 2530 125 2577 ΧΓ
150 2531 291 2590 filius,

878 2594 1171 2639 LUDouicus
1205 2593 1514 2637 LEoDIENsis
1548 2594 1579 2637 ².

89 2765 109 2784 a
159 2765 398 2812 episeopus..
452 2765 518 2794 ——b
540 2767 683 2804 Rmus.

58 2914 60 2916 v
92 2891 102 2910 ¹
153 2890 344 2938 Intellige
364 2890 443 2928 FP.
465 2890 728 2928 Paschasium
748 2891 885 2934 Broet‚
907 2896 947 2927 et
962 2890 1162 2937 Joannem
1189 2889 1414 2936 Baptistam
1447 2889 1579 2932 viola.
1607 2890 1674 2936 qui

55 2948 201 2986 Romae
228 2951 311 2998 jam
337 2951 405 2988 diu
431 2951 610 2998 agebant
637 2951 687 2988 ob
719 2951 1051 2998 congregationis
1077 2949 1286 2995 generalis
1314 2949 1494 2994 negotia.
1520 2949 1675 2986 Versus

4 3031 7 3041 ι
56 3005 165 3045 'nem
184 3010 333 3046 mensis
358 3009 545 3047 Octobris
573 3010 791 3047 Biliomum
819 3014 1109 3058 pervenerunt.
1140 3008 1205 3046 Cf.
1237 3008 1374 3054 Epist.
1405 3008 1499 3045 PP.
1530 3008 1672 3053 Βνοϋΐ,

66 3068 202 3114 .α]“ἱ...,
225 3069 304 3107 125.

66 3130 71 3147 ³
95 3128 108 3147 ²
160 3128 266 3166 Vide
285 3142 420 3176 supra,
441 3143 534 3177 pag.
554 3130 637 3176 658,
658 3136 792 3178 annot.
811 3129 845 3167 2.
869 3130 932 3166 De
952 3129 1022 3166 illo
1049 3128 1195 3165 dicitur
1221 3128 1261 3164 in
1289 3128 1425 3165 codice
1453 3128 1601 3175 Aqm‘t.
1639 3127 1674 3171 9.
