1971 3369
332 201 399 238 132
797 201 1015 237 LITTERAE
1042 201 1394 246 QUADRIMESTRES

283 297 505 342 uirorum
545 307 688 341 coetu
729 307 1043 352 perorarunt,
1083 306 1132 340 ut
1176 296 1370 341 habitas
1413 297 1476 342 ab
1519 296 1610 342 illis
1654 297 1908 343 orationes

284 374 432 419 etiam
448 373 669 429 primarii
689 373 975 428 prouinciae
991 373 1134 418 huius
1149 373 1241 417 uiri
1261 372 1543 418 describere
1559 372 1904 430 efflagitarint.

343 450 384 495 3.
453 449 598 506 Quod
633 449 695 493 ad
734 465 921 503 eorum,
965 449 1043 505 qui
1085 449 1275 505 publice
1315 448 1624 507 profitentur,
1667 450 1908 495 rationem

283 527 472 581 attinet,
500 542 595 571 non
621 535 737 582 puto
762 526 892 571 aliud
917 526 1229 571 scribendum
1251 541 1396 582 quam
1415 526 1542 583 quod
1567 526 1663 572 iam
1683 526 1796 572 olim
1816 527 1909 572 hac

285 604 343 649 de
368 619 422 648 re
456 603 785 659 perscriptum
810 611 899 658 est,
926 602 972 646 ni
997 602 1226 647 fortassis
1262 603 1353 647 hoc
1387 617 1536 647 unum
1570 603 1630 647 sit
1653 603 1909 648 dicendum

283 681 531 726 studiosos
555 695 678 736 pene
713 694 883 724 omnes
917 680 994 735 (de
1028 678 1284 724 haeretica
1319 679 1583 736 prauitate,
1620 694 1751 737 quae
1783 694 1911 725 same

284 758 521 802 maxima
544 756 695 801 turba
719 760 808 811 est,
830 756 1025 801 imbutis
1048 756 1162 800 nihil
1183 756 1306 811 dico,
1335 772 1445 801 cum
1470 756 1515 801 hi
1535 772 1630 802 non
1649 757 1789 802 nobis
1808 768 1909 802 tan-

284 843 403 890 tum,
431 834 516 879 sed
552 834 597 878 in
624 833 905 878 uniuersum
932 833 1157 878 omnibus
1182 833 1393 889 opinioni
1423 849 1543 878 suae
1567 849 1662 878 non
1696 833 1910 890 adstipu—

286 911 501 956 lantibus
524 910 618 955 sint
642 910 857 965 aduersi)
883 909 1223 966 benigniorem
1252 910 1299 954 in
1338 910 1440 955 dies
1474 910 1621 955 animi
1656 910 1907 966 affectum,

284 1003 379 1032 non
401 987 544 1032 modo
565 1002 689 1042 erga
714 987 1016 1043 theologiam
1041 986 1343 1042 profitentes,
1367 1003 1541 1032 verum
1566 988 1611 1032 in
1632 1003 1720 1032 nos
1744 1003 1912 1033 omnes

285 1064 488 1110 induere
513 1074 661 1120 atque
686 1064 965 1120 decla1·are;
1005 1064 1146 1119 idque
1181 1079 1290 1108 cum
1315 1064 1436 1115 aliis,
1470 1073 1571 1109 tum
1606 1065 1699 1109 hoc
1722 1064 1910 1121 praeci-

285 1157 380 1199 puo
400 1150 698 1198 argumento
724 1140 1038 1196 perspicuum
1064 1140 1135 1196 fit,
1169 1142 1297 1196 quod
1323 1141 1518 1197 quidam
1549 1157 1721 1186 eorum
1746 1139 1911 1186 Socie-

283 1218 400 1263 tatis
423 1218 696 1263 institutum
721 1217 817 1261 iam
838 1217 931 1262 sint
955 1218 1125 1274 secuti,
1153 1217 1233 1262 alii
1257 1218 1442 1274 aliquot
1466 1218 1698 1264 Patribus
1731 1217 1912 1263 nostris

285 1294 633 1341 confiteantur.

341 1373 384 1417 4.
452 1371 581 1428 Quin
615 1380 662 1416 et
686 1371 779 1416 hoc
803 1370 996 1416 silentio
1022 1371 1369 1416 inuoluendum
1396 1371 1592 1417 minime
1616 1380 1733 1428 puto
1757 1373 1907 1429 quod,

285 1464 397 1494 cum
421 1458 535 1493 ante
570 1455 852 1493 nostrorum
877 1448 1143 1493 aduentum
1178 1464 1373 1494 annuae
1407 1449 1650 1494 duntaxat
1683 1448 1730 1494 in
1763 1464 1911 1495 sacra

285 1525 591 1583 philosophia
625 1534 789 1570 essent
812 1525 1185 1582 disputationes,
1212 1534 1498 1570 nostrorum
1533 1541 1686 1582 opera
1711 1535 1759 1571 et
1782 1517 1912 1571 men-³

287 1613 455 1648 struas
490 1611 537 1648 et
570 1602 987 1648 hebdomadarias
1020 1618 1129 1647 esse
1163 1602 1425 1659 institutas3
1453 1602 1542 1647 has
1566 1602 1760 1659 quidem
1784 1603 1911 1648 inter

287 1680 600 1737 theologicae
623 1679 889 1725 facultates
914 1679 1158 1724 studiosos
1198 1688 1405 1736 tantum,
1441 1680 1511 1725 sic
1544 1689 1709 1725 tamen
1745 1688 1798 1725 ut
1831 1679 1912 1725 alii

286 1758 538 1815 pugnandi
574 1757 704 1802 auidi
740 1758 803 1802 ab
842 1758 936 1803 hoc
970 1757 1243 1802 certamine
1282 1773 1377 1802 non
1417 1757 1762 1814 excludantur;
1806 1757 1912 1802 illas

287 1850 408 1879 uero
443 1835 705 1891 solemneS,
741 1843 911 1890 utpote
945 1849 1068 1890 quas
1101 1834 1252 1879 totius
1276 1826 1565 1879 academiae
1589 1834 1913 1891 magistratus

288 1911 572 1967 praesentia
595 1927 685 1956 sua
705 1911 1046 1956 condecorare
1070 1911 1271 1956 assolet.

342 1988 383 2033 5.
423 2031 427 2034 ,
448 1987 607 2032 Porro
631 1988 761 2044 quod
786 1987 844 2032 R.
874 1987 926 2033 P.
956 1987 1186 2033 Canisius
1221 1988 1329 2033 ocio
1353 1988 1629 2044 pernicioso
1653 1988 1714 2033 sit
1738 1988 1911 2033 aduer-

284 2064 522 2121 sissimus,
544 2080 640 2109 non
665 2065 808 2109 modo
833 2064 936 2120 ipse
960 2064 1007 2109 in
1031 2065 1260 2110 maximis
1284 2074 1332 2110 et
1356 2065 1524 2110 arduis
1548 2066 1696 2111 rebus
1714 2065 1912 2111 assiduo

284 2150 581 2197 occupatum
615 2156 667 2186 se
691 2151 839 2195 tenet,
869 2141 954 2186 sed
978 2150 1026 2186 et
1059 2141 1182 2198 aliis,
1210 2157 1271 2187 ne
1295 2142 1407 2198 quid
1438 2142 1566 2198 quod
1590 2151 1745 2199 agant
1769 2142 1910 2199 desit,

285 2219 455 2264 sedulo
489 2218 730 2274 prouidet.
770 2217 1109 2274 Quamobrem
1144 2219 1257 2264 licet
1296 2219 1517 2276 plerique
1551 2235 1738 2277 omnes,
1775 2229 1826 2264 ut
1850 2235 1914 2265 ex

286 2295 359 2340 his
384 2310 511 2351 quae
535 2294 631 2340 iam
655 2295 956 2351 scripsimus,
984 2304 1032 2340 et
1065 2295 1189 2341 alias
1214 2296 1553 2354 iudicauimus,
1590 2312 1735 2353 quarn
1769 2311 1911 2342 occu-
1968 2346 1971 2350 ,

286 2372 536 2429 patissimi'
550 2380 854 2427 tenerentur,
881 2372 1035 2417 uoluit
1053 2381 1218 2418 tamen
1236 2373 1385 2418 nihilo
1408 2374 1570 2419 secius
1588 2389 1614 2419 e
1632 2383 1735 2419 toto
1754 2388 1913 2430 grege
1970 2422 1971 2426 ,

287 2458 502 2505 quatuor
521 2449 756 2503 delectos,
776 2448 855 2504 qui
875 2448 1013 2494 festis
1032 2458 1079 2494 et
1098 2449 1353 2495 dominicis
1372 2450 1543 2496 diebus
1562 2450 1912 2496 concionaren-

286 2535 383 2582 tur;
411 2536 461 2572 et
489 2526 630 2572 binos
664 2526 856 2582 quidem
881 2526 1044 2583 latine,
1071 2527 1211 2572 binos
1244 2543 1366 2573 uero
1399 2529 1702 2586 germanice,
1739 2543 1913 2573 munus
1958 2528 1962 2532 ’

286 2603 380 2648 hoc
419 2603 559 2649 obire
592 2603 812 2649 instituit.
850 2602 960 2660 Ipse
982 2603 1129 2649 etiam
1165 2605 1211 2650 in
1245 2605 1455 2650 comitiis
1490 2605 1913 2651 ratisbonensibus

290 2678 533 2725 inchoatis
556 2679 797 2726 duntaxat
829 2679 856 2737 (
853 2680 990 2738 quod
1020 2680 1095 2726 illa·
1123 2681 1250 2726 inter
1282 2681 1543 2738 theologos
1581 2685 1823 2739 quotquot
1849 2681 1912 2727 ibi
1950 2701 1952 2706 ’

289 2757 459 2802 coacti
478 2761 629 2802 erant
649 2763 684 2814 ἃ,
713 2757 916 2815 primae,
943 2757 1160 2803 omnium
1183 2773 1306 2804 uoce
1340 2768 1388 2804 et
1421 2774 1682 2816 consensu,
1718 2759 1913 2805 delatae

336 3006 353 3026 ἃ
398 3012 489 3036 cum
508 3000 546 3036 ei
564 3000 670 3037 inter
689 3001 900 3048 theologos
919 3001 973 3038 ibi
991 3006 1162 3038 coactos.
