1900 3380
522 267 801 305 138.—PRAGA
827 267 873 303 ‘27
894 266 1095 314 JANUARII
1126 267 1217 304 1558
1563 266 1633 304 527

0 370 1 373 ’
55 364 215 411 dando
251 379 338 420 per
362 364 389 408 il
417 364 468 409 P.
498 363 553 407 N.
580 364 638 408 R.
666 364 756 408 che
791 364 971 408 uoleua
1007 364 1034 407 li
1072 365 1310 419 probasse
1347 380 1434 421 per
1461 365 1505 409 la
1530 364 1681 410 Serit-

53 453 166 488 tura
190 442 279 487 che
303 442 340 486 si
366 444 462 497 puo
490 441 669 497 ridere,
697 452 743 485 et
767 441 930 486 subito
950 441 1262 486 cominciaua
1288 458 1317 486 a
1341 442 1513 498 parlar
1534 443 1678 487 male.

54 519 188 564 Tutti
213 519 367 563 nostri
393 519 492 574 puti
518 518 657 574 quasi
683 519 772 563 che
797 534 886 563 son
911 517 1207 574 confirmati,
1236 535 1324 563 son
1349 519 1463 564 stati
1489 519 1680 565 confes-

54 598 161 653 sati,
189 606 236 642 et
260 597 436 641 alcune
460 597 585 641 altre
612 612 822 652 persone
858 608 936 641 tra
971 597 1133 652 qualle
1169 600 1193 641 e
1227 607 1358 642 stato
1397 596 1610 641 Martino
1636 597 1681 641 di

54 674 299 731 (Eruzman,
322 674 570 718 camarier
591 674 788 731 magior
813 673 890 718 del
916 689 981 718 re.
1007 673 1079 717 Fu
1111 689 1171 717 vn
1197 682 1314 729 puto
1335 690 1422 730 per
1442 675 1535 718 clue
1559 690 1587 717 o
1608 682 1683 718 tre

54 751 186 796 uolte
221 751 443 796 scaciato
478 766 567 806 per
601 766 738 795 esser
772 750 864 795 sub
898 759 1124 806 utraque,
1163 751 1251 795 che
1291 767 1386 795 non
1421 767 1473 795 se
1508 750 1682 795 confir-

56 829 219 884 massi;
247 840 293 873 et
318 828 516 884 quando
552 828 677 873 uede
712 829 800 874 che
834 843 929 872 non
955 837 1153 884 poteua,
1181 828 1309 873 disse
1335 829 1379 872 di
1404 845 1500 885 qua
1525 829 1684 873 inanzi

55 906 192 951 uoler
227 921 366 951 esser
404 905 664 957 catholico;
704 922 790 950 era
824 914 995 950 nostro
1030 905 1274 959 scholare,
1312 906 1447 950 circa
1481 906 1533 950 19,
1567 921 1594 949 0
1634 907 1686 950 14

54 983 181 1028 anni.
216 983 291 1027 Vn
319 983 449 1028 altro
473 983 564 1027 sub
591 992 799 1039 utraque
825 983 863 1027 si
887 981 1143 1037 confirmo,
1172 992 1343 1028 nostro
1368 983 1614 1039 scholare,
1637 992 1685 1028 et

55 1061 248 1118 quando
272 1061 300 1105 il
325 1076 442 1117 sepe
477 1076 566 1105 sua
601 1060 787 1114 madre,
819 1075 976 1105 venne
1010 1076 1039 1105 a
1075 1060 1153 1104 noi
1185 1060 1395 1105 uolendo
1431 1060 1685 1105 intendere

53 1137 142 1183 che
166 1153 284 1182 cosa
309 1153 397 1183 era
424 1136 787 1190 confirmation,
815 1147 863 1182 et
894 1137 1103 1182 essendo
1141 1137 1401 1193 insegnata
1426 1137 1489 1182 da
1514 1146 1685 1182 nostro

54 1215 252 1260 fratello
288 1214 602 1270 VVolfgango
640 1216 670 1270 ¹,
708 1214 852 1259 disse:
883 1214 1056 1270 poiche
1093 1219 1118 1259 e
1154 1213 1464 1269 confirmato,
1510 1214 1684 1260 restesi

55 1291 314 1348 catholico3
348 1301 521 1349 questo
557 1291 734 1347 (etera
765 1293 894 1336 altro
930 1291 1117 1348 figliolo
1153 1302 1321 1336 nostro
1355 1291 1602 1346 scholare)
1638 1301 1686 1337 et

54 1369 99 1414 io
124 1377 403 1414 restaremo
438 1370 528 1414 sub
559 1378 788 1426 utraque,
816 1369 989 1425 poiche
1026 1369 1086 1413 lio
1121 1369 1311 1414 uissuto
1344 1370 1477 1414 molti
1503 1370 1615 1414 anni
1642 1370 1686 1413 in

54 1458 223 1504 questo
248 1447 410 1499 modo,
439 1456 486 1492 et
511 1449 640 1492 cossi
665 1462 718 1492 se
742 1447 936 1492 n'ando.
965 1446 1048 1491 Vn
1075 1447 1205 1491 altro
1230 1447 1387 1492 anche
1411 1447 1474 1492 da
1499 1446 1561 1491 fin
1582 1462 1610 1491 a
1635 1446 1687 1491 15

0 1525 2 1527 ’
53 1524 182 1577 anni,
211 1524 241 1568 il
266 1524 430 1580 qualle
465 1523 527 1568 da
563 1523 696 1569 molti
733 1524 778 1568 di
815 1524 993 1569 uoleua
1028 1539 1168 1568 esser
1202 1524 1464 1581 catholico,
1490 1523 1542 1569 fu
1573 1539 1686 1569 con-

0 1659 1 1662 *
53 1601 238 1647 fessato
278 1610 325 1646 et
364 1601 677 1657 confirmat03
714 1601 745 1645 il
780 1600 943 1657 qualle
983 1602 1045 1646 ha
1085 1601 1240 1657 patito
1280 1601 1343 1646 da
1382 1617 1473 1646 sua
1513 1601 1686 1646 madre

55 1680 203 1725 molte
228 1679 454 1737 minacie3
478 1689 526 1724 et
546 1680 741 1736 quando
770 1679 817 1723 fu
838 1679 1151 1733 confirmatO,
1174 1695 1264 1724 sua
1284 1680 1456 1724 madre
1482 1679 1686 1724 irriden-

0 1770 1 1800 1
58 1756 119 1801 do
143 1756 265 1813 (vdi)
300 1756 331 1801 li
366 1756 557 1802 diceua:
584 1756 661 1801 chi
686 1766 734 1802 te
758 1772 992 1813 percosse
1027 1773 1117 1802 con
1149 1757 1312 1814 quella
1346 1756 1528 1813 pietra?
1559 1755 1685 1813 Que-

55 1842 130 1879 sto
165 1833 237 1878 s'il
268 1842 439 1878 nostro
474 1833 638 1879 Padre
663 1835 859 1879 uolesse
884 1834 1143 1879 manclarlo
1178 1850 1207 1879 a
1242 1834 1517 1890 qualunche
1558 1834 1685 1890 loeo,

58 1911 357 1956 andarebbe.

109 1988 152 2034 5.
220 1988 277 2032 Li
303 1988 489 2045 negotii
514 1989 669 2034 nostri
694 1990 889 2034 trattati
925 2005 1013 2045 per
1049 1998 1178 2034 tutta
1213 1998 1388 2045 questa
1424 1989 1687 2034 inuernata

1 2103 3 2106 .
55 2066 128 2110 col
163 2081 217 2110 re
251 2076 298 2110 et
331 2066 408 2110 col
443 2066 662 2122 principe
697 2065 1013 2111 Ferdinando
1049 2068 1063 2090 ²
1100 2067 1308 2123 (benche
1343 2067 1472 2122 dopo
1498 2066 1541 2111 el
1567 2081 1619 2111 re
1660 2069 1685 2110 e

0 2142 3 2178 s
30 2141 32 2143 ’
53 2152 234 2189 uenuto
259 2143 492 2188 habiamo
515 2144 776 2189 solecitato
800 2160 893 2189 con
919 2160 1030 2190 esso
1065 2149 1110 2190 et
1145 2145 1222 2189 col
1257 2144 1479 2201 principe
1502 2144 1687 2189 hauen-

0 2235 1 2238 ’
55 2220 114 2265 (10
138 2220 253 2266 dato
289 2236 318 2266 a
351 2236 442 2266 sua
474 2224 665 2266 maesta
699 2221 1011 2278 suplicationi
1051 2231 1099 2267 et
1133 2222 1421 2267 memoriale
1456 2221 1688 2266 etiamdio

0 2310 5 2349 g,
57 2313 148 2343 con
188 2298 444 2355 conseglio
480 2299 556 2343 del
595 2299 832 2356 principe,
869 2300 1193 2356 prometendo
1233 2314 1344 2344 esso
1382 2315 1471 2344 suo
1510 2298 1688 2344 fauore

55 2390 259 2432 apresso
284 2376 331 2421 la
356 2377 568 2432 maesta)
593 2392 683 2421 son
708 2377 824 2422 stati
855 2376 1056 2423 differiti
1091 2377 1154 2422 fin
1190 2377 1384 2422 adesso.
1413 2374 1510 2421 Gia
1546 2376 1688 2432 pochi

0 2466 5 2517 j
55 2452 214 2510 giorni
238 2469 345 2510 son,
371 2454 403 2498 il
426 2453 647 2511 principe
671 2469 764 2499 con
789 2455 951 2511 questi
986 2454 1183 2511 patroni
1219 2453 1374 2499 nostri
1400 2468 1428 2497 0
1454 2454 1687 2499 comissa-

0 2528 3 2581 f‘
56 2530 112 2575 rii
136 2530 411 2576 determino
435 2547 522 2587 per
545 2531 702 2577 nostri
725 2531 875 2577 debiti
901 2541 950 2577 et
974 2547 1062 2588 per
1092 2531 1456 2577 sustentatione
1481 2530 1543 2576 da
1567 2529 1688 2576 San-

0 2619 6 2652 }
56 2614 104 2652 to
127 2606 413 2653 Venceslao
438 2607 501 2653 fin
525 2624 554 2653 a
579 2607 735 2654 Santo
760 2607 973 2666 Giorgio
997 2609 1085 2655 750
1106 2609 1281 2665 daleri,
1304 2608 1492 2653 benche
1517 2608 1625 2654 dice
1658 2608 1690 2652 il

0 2671 4 2735 ⁷,
56 2682 108 2729 P.
135 2684 192 2729 N.
217 2684 277 2730 R.
305 2701 401 2730 non
426 2688 451 2730 e
476 2686 625 2743 assai;
653 2695 701 2731 et
727 2687 773 2732 la
796 2689 991 2733 maesta
1016 2687 1092 2731 del
1118 2702 1172 2731 re
1198 2686 1356 2730 inanzi
1381 2686 1503 2731 hieri
1534 2689 1688 2731 tratto

0 2770 4 2807 ῖ
56 2761 101 2806 di
125 2772 314 2818 questo,
343 2779 422 2808 ma
447 2779 543 2808 non
567 2764 792 2820 sapiamo
817 2765 906 2810 che
930 2764 1224 2815 determino,
1253 2763 1539 2820 imperoche
1563 2764 1688 2810 hieri

0 2855 3 2908 ᾗ
56 2839 183 2884 ando
215 2839 379 2896 fuora,
417 2844 538 2896 pero
572 2844 783 2887 toi-nara
818 2852 1004 2899 presto;
1043 2842 1319 2898 aspetiamo
1359 2842 1483 2887 bene
1519 2842 1563 2887 di
1599 2857 1689 2887 sua

104 3037 113 3056 ¹
166 3037 272 3074 Vide
291 3038 489 3085 superius,
510 3052 603 3086 pag.
625 3039 707 3081 433,
729 3044 854 3095 annot
874 3039 908 3075 5.

104 3095 116 3115 ²
167 3096 378 3134 Archidux
396 3097 692 3138 Ferdinandus,
715 3099 825 3145 regis
843 3097 1091 3135 Ferdinandi
1110 3096 1215 3134 filius
1234 3098 1451 3136 secundus.
