2054 3530
394 304 436 341 18
855 305 1076 342 LITTERAE
1102 305 1456 351 QUADRIMESTRES

344 414 439 457 que
462 400 618 445 lmins
642 400 716 444 Vei
733 399 898 456 fama
922 404 967 444 et
986 414 1164 445 rumor
1188 413 1346 455 nsque
1366 398 1438 443 ad
1453 411 1609 442 (mres
1631 397 1772 453 regis
1791 401 1964 452 perne-

345 477 441 529 m‘t,·
465 491 588 521 mvn
613 476 746 520 multi
772 491 833 520 ex
858 477 969 521 eills
997 477 1137 522 curia
1171 476 1313 532 regia
1346 484 1461 520 tunc
1495 475 1558 519 ad
1592 489 1680 518 nos
1715 477 1968 518 uenerunt

345 569 497 598 causa
521 553 761 598 uidendae
797 553 937 598 huius
972 554 1196 611 eclogae3
1233 562 1467 598 cantores
1486 565 1682 608 quoque
1701 564 1765 595 ex
1788 551 1967 595 eadem

345 631 507 683 cursa,
530 631 608 686 qui
634 630 777 675 nobis
795 630 994 675 diuersi
1010 631 1223 687 generis
1242 630 1472 675 musicae
1491 631 1764 673 concentus
1782 627 1965 685 ‹sfece-

345 711 479 764 runt,
501 707 831 764 onmiszzque
847 720 1003 751 aures
1020 707 1357 761 oblectarem&
1376 705 1506 751 nillil
1521 709 1694 749 tamen
1714 703 1851 760 quod
1866 717 1965 748 72012

345 798 460 828 cum
484 784 748 828 honestate
772 787 819 828 et
841 784 1018 828 diuino
1043 784 1180 829 cultu
1204 784 1532 828 coniunctium
1556 781 1822 826 uideretur
1842 783 1874 825 ³.

432 861 571 906 Haec
595 870 761 906 autem
786 862 1072 917 spectacula
1096 861 1310 906 maxime
1336 860 1560 905 omnibus
1590 858 1834 915 placuisse
1857 857 1967 902 hinc

344 938 489 984 facile
528 948 602 984 est
635 938 928 996 intelligere,
966 939 1193 996 quoniam
1229 938 1450 995 sequenti
1486 937 1562 982 die
1596 936 1731 981 multi
1766 951 1827 981 ex
1860 935 1968 980 aliis

345 1015 490 1060 scolis
513 1015 574 1060 ad
600 1030 690 1060 nos
714 1025 972 1071 uenerunt,
1000 1025 1051 1061 ut
1073 1016 1212 1061 nobis
1237 1031 1442 1071 operam
1467 1014 1660 1069 darent,
1688 1020 1735 1057 et
1753 1011 1967 1068 quotidie

344 1093 560 1145 ueniunt,
588 1102 636 1138 et
660 1093 856 1149 quidam
874 1093 942 1138 ita
961 1093 1007 1137 in
1027 1093 1181 1138 literis
1200 1092 1437 1149 prouecti,
1460 1101 1512 1136 ut
1536 1090 1723 1147 possint
1743 1089 1787 1133 in
1808 1089 1967 1145 prima

344 1179 391 1214 et
416 1170 461 1214 in
485 1169 702 1215 secunda
727 1170 888 1215 classe
913 1170 1122 1215 uersari.

406 1246 473 1291 ll.
541 1245 717 1291 Paucis
741 1255 850 1302 post
874 1246 1043 1291 diebus
1066 1261 1154 1291 rex
1180 1245 1478 1302 significauit
1501 1260 1553 1290 se
1583 1245 1709 1290 uelle
1743 1252 1966 1288 nostram

343 1323 571 1379 eclogam
616 1323 802 1376 uidere;
849 1322 1001 1368 Pater
1045 1332 1210 1368 autem
1252 1331 1434 1378 rector,
1477 1337 1536 1366 ne
1581 1321 1686 1366 eius
1725 1319 1965 1365 uoluntati

344 1400 517 1445 deesse
561 1400 831 1457 uideretur,
879 1401 1239 1457 quamprimum
1284 1399 1531 1457 agendam
1576 1398 1787 1444 curauit.
1835 1397 1967 1442 Acta

344 1493 482 1535 rege,
515 1479 689 1534 regina
714 1480 725 1502 ¹
754 1487 801 1524 et
828 1479 1047 1535 principe
1071 1479 1086 1502 ‘²
1111 1477 1436 1534 presentibus
1469 1476 1655 1521 accesit
1684 1476 1835 1521 Pater
1859 1475 1874 1498 3
1904 1475 1966 1519 ad

346 1570 516 1611 regem
541 1564 593 1600 ut
617 1555 759 1600 daret
783 1555 847 1599 illi
871 1555 1114 1612 quaedam
1140 1555 1186 1599 in
1210 1554 1404 1599 laudem
1425 1553 1656 1610 principis
1679 1552 1817 1608 pueri
1836 1551 1964 1607 Iesu,

344 1632 438 1688 qui,
481 1632 697 1688 acceptis
736 1632 1036 1677 carminibus
1070 1631 1191 1676 dixit
1224 1630 1388 1675 omnia
1426 1630 1514 1675 sibi
1554 1629 1814 1686 placuisse.
1858 1627 1966 1672 Non

344 1708 558 1753 scribam
578 1724 723 1764 quarn
744 1709 1001 1765 humanus,
1024 1724 1170 1765 quam
1190 1707 1433 1764 benignus
1452 1722 1578 1764 erga
1603 1722 1690 1751 nos
1714 1706 1791 1763 sit,
1818 1721 1967 1762 quan-

343 1795 490 1841 toque
529 1801 699 1830 amore
739 1795 785 1831 et
826 1786 1170 1831 beneuolentia
1213 1800 1302 1830 nos
1340 1794 1688 1841 prosequatur3
1737 1783 1966 1840 quoniam

343 1863 439 1907 iam
474 1863 576 1917 tibi,
614 1863 736 1908 Rde.
774 1863 940 1918 Pater,
978 1873 1146 1908 notum
1181 1878 1289 1908 esse
1319 1862 1554 1908 arbitror.
1583 1861 1732 1907 Faxit
1755 1861 1892 1906 Deus
1916 1870 1968 1906 ut

344 1941 622 1985 concitatae
646 1940 706 1985 de
730 1940 869 1985 nobis
892 1941 1106 1997 opinioni
1130 1955 1327 1997 semper
1352 1939 1755 1996 respondeamus.

433 2016 572 2062 Haec
611 2026 737 2067 sunt.
780 2017 903 2063 Rde.
948 2018 1113 2075 Pater,
1155 2017 1215 2062 de
1254 2017 1429 2074 quibus
1471 2026 1519 2062 te
1558 2017 1824 2062 certiorem
1863 2014 1966 2061 fieri

345 2094 750 2139 existimauimus.
780 2093 905 2140 Cum
931 2095 1073 2151 plura
1096 2095 1357 2140 scribenda
1380 2110 1433 2140 se
1467 2093 1749 2150 obtulerint,
1787 2093 1966 2138 scribe-

345 2187 467 2216 mus.
495 2170 641 2227 Quod
666 2171 908 2227 reliquum
934 2180 1024 2227 est,
1046 2181 1094 2217 te
1123 2186 1213 2216 nos
1236 2171 1303 2217 tui
1328 2170 1409 2216 filii
1434 2171 1718 2227 suppliciter
1737 2170 1966 2215 obsecra-

344 2262 450 2291 mus
488 2257 540 2293 ut
578 2248 672 2293 tuis
707 2248 938 2304 precibus
972 2257 1020 2293 et
1053 2248 1238 2293 sanctis
1271 2246 1527 2293 sacrificiis
1562 2247 1671 2292 Deo
1710 2262 1799 2291 nos
1838 2262 1967 2291 com-

344 2325 558 2381 mendes,
586 2334 639 2370 ut
661 2325 879 2382 gratiam
902 2341 1041 2370 suam
1066 2326 1206 2371 nobis
1230 2325 1507 2371 concedere
1532 2325 1761 2382 dignetur
1785 2333 1836 2369 ut
1860 2339 1965 2380 per-

345 2401 472 2448 fecte
495 2416 625 2447 susle
647 2402 666 2429 b
687 2412 892 2448 sanctae
916 2403 1159 2448 uoluntati
1183 2418 1451 2459 pareamus
1472 2409 1503 2447 ⁶.

391 2594 408 2614 fl
430 2587 547 2623 Multi
568 2587 690 2624 etiam
709 2600 758 2624 ex
778 2588 888 2624 curia
907 2587 1022 2634 regia
1041 2592 1135 2624 tunc
1155 2588 1204 2624 ad
1223 2600 1294 2624 nos
1313 2601 1435 2624 causa
1454 2587 1652 2625 uidendae
1668 2587 1784 2623 huius
1800 2586 1968 2632 eclogae

345 2652 558 2691 uenerunt,
580 2660 653 2683 nec
673 2660 751 2683 non
771 2652 810 2683 et
829 2647 953 2694 ipsius
972 2652 1170 2690 cantores,
1191 2648 1259 2694 qui
1287 2648 1448 2684 musicis
1475 2647 1734 2684 concentibus
1762 2646 1820 2682 rei
1849 2645 1968 2682 finem

345 2707 633 2752 imposuerunt.
694 2707 753 2734 —b
774 2707 872 2743 eius.
927 2714 988 2734 mc
1010 2707 1124 2744 Add.
1154 2708 1246 2744 alia
1275 2705 1426 2744 manu
1448 2707 1610 2743 uidetur
1640 2707 1734 2742 data
1762 2706 1839 2742 in.0
1871 2705 1965 2741 anni

348 2765 449 2800 1557.

395 2931 403 2948 ¹
457 2929 680 2967 Catharina
695 2930 927 2968 Austriaca.

393 2988 406 3007 ²
457 2988 734 3026 Sebastianus.

393 3048 406 3067 ³
458 3049 609 3084 Rector
628 3049 788 3095 collegii
802 3079 809 3089 ‚
830 3049 893 3085 eui
913 3049 1096 3086 alludere
1117 3050 1293 3093 videtur,
1315 3055 1402 3086 erat
1421 3049 1465 3086 P.
1493 3049 1729 3095 Alphonsus
1756 3047 1961 3084 Barretto.

348 3107 484 3153 Epist.
507 3107 643 3151 Mz'xt.,
664 3107 718 3152 V,
738 3108 818 3144 500.
