1900 3380
476 279 864 318 209.—V1ND0130NA
893 280 935 317 31
966 281 1175 319 OCTOBRIS
1204 282 1293 318 1558
1581 282 1652 319 855

73 380 274 438 quaeuis
298 381 480 438 subire,
506 382 651 427 modo
676 397 705 427 a
729 393 989 439 parentum
1010 383 1156 440 impio
1176 383 1409 429 conuictu
1429 384 1630 429 liberari
1650 393 1699 429 et

71 458 252 504 nostris
291 469 490 515 possent
530 459 812 505 conuiuere.
860 460 1171 506 Mirabamur
1209 476 1379 506 omnes
1422 470 1611 506 tantam
1650 461 1696 506 in

73 534 236 592 pueris
270 534 374 579 istis
408 535 737 581 constantiam
776 545 925 593 atque
965 537 1295 592 sedulitatem,
1338 546 1385 583 et
1419 554 1515 595 quo
1550 546 1697 594 pacto

71 611 228 657 iustae
252 612 425 657 horum
452 613 672 669 petitioni
707 614 927 659 abnuere
962 624 1145 672 posset,
1182 630 1278 660 non
1313 615 1515 661 videbat
1549 615 1608 660 R.
1639 616 1692 661 Ρ.

70 688 402 747 prouincialis.
431 689 559 746 Quia
577 683 752 736 ⁴tamen
776 691 1018 737 decimum
1043 701 1276 749 quartum
1305 693 1484 738 aetatis
1514 708 1694 738 annum

70 766 272 812 vixdum
292 781 631 823 excesserant,
655 777 701 813 et
721 784 959 824 praesens
974 784 1069 814 non
1087 770 1389 815 cernebatur
1405 770 1693 827 periculum,

71 860 179 891 cum
204 853 406 890 nostrae
430 845 590 890 adhuc
613 846 806 891 subsint
827 846 1127 903 disciplinae,
1155 847 1216 892 ad
1239 847 1478 903 pauculos
1502 863 1695 893 menses

71 937 155 968 eos
178 921 317 967 iussit
342 931 631 978 expectare,
659 932 707 968 et
732 932 782 968 vt
806 922 851 967 in
878 924 1125 980 frequenti
1146 923 1339 969 interim
1358 940 1410 970 se
1429 924 1693 970 confessio-

69 1014 129 1045 ne
147 1007 196 1044 et
214 999 560 1044 communione
580 1009 865 1053 exerceant,
889 1000 1118 1046 hortatus
1138 1011 1227 1046 est.
1250 1001 1457 1047 Vtinam
1478 1002 1693 1059 aliquan-

69 1075 130 1122 do
153 1075 318 1121 diuina
343 1075 554 1133 bonitas,
582 1077 856 1122 antistitum
883 1086 930 1123 et
954 1078 1229 1135 principum
1253 1079 1443 1124 animos
1478 1079 1692 1125 efficaci-

68 1161 143 1200 ter
167 1163 477 1211 promoueat,
502 1164 554 1200 vt
574 1155 723 1200 tantis
742 1156 892 1201 semel
912 1155 957 1200 in
978 1156 1191 1201 veritate
1211 1157 1578 1213 compatiantur
1603 1157 1693 1203 Ec-

71 1231 658 1288 clesiae‘calamitatibus,
686 1240 734 1277 et
764 1232 1034 1278 subsidium
1064 1233 1261 1290 aliquod
1291 1250 1354 1280 ex
1383 1234 1695 1291 amplissimis

70 1307 159 1354 illis
181 1307 503 1354 facultatibus
527 1324 805 1366 generosae
834 1309 947 1356 huic
976 1310 1216 1356 iuuentuti
1244 1321 1515 1368 praestent,
1549 1327 1690 1369 quae,

71 1385 361 1442 parentibus
384 1395 432 1430 et
457 1401 583 1443 quae
608 1386 771 1432 mundi
797 1386 939 1432 huius
962 1397 1073 1432 sunt
1097 1387 1356 1445 abdicatis,
1385 1387 1585 1434 Christo
1610 1389 1693 1434 mi-

0 1469 1 1473 ’
68 1462 226 1520 litare,
249 1462 353 1508 eius
371 1463 737 1510 sanctissimam
757 1463 900 1510 fidem
921 1464 1050 1521 apud
1070 1464 1288 1510 infideles
1313 1481 1598 1523 propagare
1622 1476 1693 1512 at-

0 1575 1 1578 *
70 1556 162 1597 que
187 1540 250 1586 ab
274 1540 641 1586 haereticorum
665 1541 860 1587 nefaria
884 1542 1162 1588 colluuione
1194 1542 1450 1589 vindicare
1475 1543 1694 1589 cernitur

28 1673 31 1676 Α
68 1617 402 1674 paratissima.
431 1617 568 1663 Missi
592 1627 706 1663 sunt
739 1618 937 1675 quidam
971 1635 1034 1665 ex
1054 1620 1157 1665 istis
1177 1619 1404 1677 Romam,
1428 1630 1482 1666 vt
1504 1621 1570 1666 ibi
1595 1637 1693 1667 vna

68 1710 178 1741 cum
201 1695 458 1740 literarum
484 1695 689 1741 scientia
713 1696 899 1742 auitam
923 1696 1054 1742 illam
1080 1697 1315 1754 pietatem
1349 1707 1397 1744 et
1431 1713 1693 1755 synceram

0 1762 2 1790 '
68 1788 306 1818 romanae
346 1782 495 1829 atque
538 1773 816 1819 catholicae
854 1773 965 1820 fidei
1010 1775 1303 1831 doctrinam,
1352 1775 1692 1833 gratissimam

69 1850 313 1906 quondam
337 1850 468 1907 apud
487 1866 754 1907 germanos
773 1859 821 1896 et
841 1851 988 1908 longe
1007 1852 1402 1909 celeberrimam,
1426 1852 1694 1909 perfectius

68 1926 303 1973 imbibant
327 1928 527 1983 altaque
554 1936 718 1973 mente
754 1928 799 1973 in
832 1928 1027 1985 patriae
1062 1929 1439 1975 conuersionem
1462 1945 1550 1975 suo
1574 1939 1692 1977 tem-

67 2019 188 2061 pore
210 2004 570 2050 refundendam
593 2005 788 2051 interim
808 2016 1066 2062 reponant.

124 2082 167 2129 4.
233 2082 341 2127 Non
382 2098 581 2139 possum
621 2083 929 2129 committere
963 2084 1075 2140 quin
1115 2084 1466 2141 discipulorum
1500 2093 1690 2130 nostro-

69 2174 177 2204 rum
202 2159 447 2216 quaedam
471 2159 549 2205 hic
573 2168 941 2217 stratagemata
969 2161 1129 2207 obiter
1164 2171 1444 2215 annectam,
1482 2177 1607 2223 quae
1647 2162 1690 2207 in

70 2236 273 2283 aedibus
298 2246 560 2294 parentum
583 2237 950 2284 haereticorum
971 2239 1175 2285 subinde
1194 2238 1437 2285 factitant.
1462 2239 1692 2285 Nonnulli

69 2328 129 2359 ex
153 2314 223 2360 eis
246 2314 361 2360 dum
386 2330 416 2360 a
439 2315 729 2371 parentibus
756 2315 1016 2362 Ecclesiae
1036 2317 1225 2362 violare
1244 2326 1516 2374 praecepta
1536 2317 1582 2362 in
1606 2333 1692 2363 esu

69 2391 291 2437 carnium
331 2401 379 2438 et
417 2392 655 2438 similibus
694 2393 980 2449 inuitantur,
1025 2394 1102 2440 vel
1140 2394 1371 2440 iubentur
1410 2394 1576 2452 etiam,
1614 2396 1694 2441 vel

70 2469 365 2515 verberibus
389 2479 525 2516 certe
549 2470 836 2530 adiguntur;
864 2472 903 2518 si
926 2471 1008 2518 filii
1042 2473 1250 2518 honesta
1283 2488 1336 2518 se
1370 2473 1692 2520 excusatione

69 2561 166 2592 non
191 2547 358 2593 vident
381 2547 645 2605 proficere,
671 2548 844 2606 fugam
869 2549 1074 2595 subinde
1108 2550 1290 2607 ineunt,
1313 2550 1414 2607 pati
1438 2566 1528 2607 pro
1553 2549 1691 2597 Chri-

71 2631 148 2669 sto
172 2623 355 2670 famem
374 2625 510 2681 prius
533 2625 775 2683 volenteS,
801 2641 948 2683 quarn
972 2626 1147 2684 iniquis
1166 2636 1427 2684 parentum
1447 2627 1588 2674 iussis
1611 2629 1692 2674 ob-

0 2716 1 2719 *
69 2707 368 2758 temperare.
396 2701 539 2747 Alias
562 2711 728 2748 autem
752 2702 865 2748 dum
890 2719 942 2750 se
961 2704 1261 2750 constrictos
1285 2704 1452 2750 vident
1470 2714 1518 2750 et
1536 2706 1599 2751 ab
1618 2721 1692 2751 as-

27 2772 31 2774 *
69 2776 337 2823 sidentibus
360 2777 407 2823 in
432 2794 602 2824 mensa
627 2779 675 2824 vi
700 2780 916 2836 quadam
940 2780 1238 2838 detinentur,
1272 2781 1534 2827 comedere
1557 2798 1610 2828 se
1633 2783 1691 2828 si-

69 2854 271 2911 mulant,
298 2855 414 2900 nihil
438 2855 636 2901 interim
661 2857 1008 2915 deglutientes,
1045 2858 1131 2904 sed
1165 2867 1275 2904 arte
1308 2858 1523 2916 quadam
1556 2859 1693 2906 cibos

69 2931 250 2977 vetitos
273 2931 542 2979 eiicienteS.
569 2933 713 2980 Alias
744 2951 868 2981 vero
904 2934 1241 2981 infirmitatem
1275 2935 1578 2995 simulantes,
1613 2938 1691 2985 vel

68 3005 247 3054 famem
271 3018 410 3056 certe
430 3010 812 3071 dissimulantes,
840 3021 954 3058 ante
977 3028 1164 3058 coenae
1193 3013 1368 3059 horam
1401 3022 1596 3060 mature
1629 3015 1692 3061 ad

74 3085 286 3142 quietem
307 3102 361 3133 se
378 3087 637 3146 recipiunt.
