2043 3467
415 299 437 307 „q
453 299 457 300 i

422 301 463 334 so
890 296 1079 331 erzrfflm
1086 306 1110 330 Ε
1138 295 1228 340 Qun
1238 306 1493 331 DRIMEs'sRES

369 396 592 448 ductore,
632 392 845 447 nihilque
880 392 1013 436 aliud
1038 392 1242 447 requirit
1268 407 1411 447 quam
1442 392 1609 437 viuere
1633 392 1677 436 in
1705 392 2001 449 obedientia,

370 472 482 516 licet
506 486 648 515 omne
672 484 832 513 meum
859 469 1165 524 obsequium,
1194 478 1247 513 vt
1270 479 1400 519 ante.
1430 469 1475 513 in
1501 469 1633 513 illum
1657 469 1733 514 sit.

432 547 497 592 10.
567 546 730 591 Venio
756 546 817 590 ad
844 546 1012 590 literas
1043 546 1102 590 de
1136 546 1188 590 14
1223 546 1519 591 Nouembris
1556 548 1586 601 ¹,
1624 562 1748 603 quas
1782 547 2005 603 pluribus

369 624 587 682 epistolis
625 638 719 667 vna
754 638 865 667 cum
900 623 1294 668 conclusionibus
1330 624 1498 679 accepi
1538 624 1589 668 17
1619 623 2003 682 Janua1·ii.2lam

370 701 549 746 mensis
584 700 850 744 effluxerat
885 715 913 744 a
948 715 1044 755 quo
1085 710 1250 745 certus
1289 717 1428 745 eram
1464 716 1550 745 eas
1585 716 1693 746 esse
1728 702 1773 746 in
1809 702 2000 747 itinere.

370 778 580 834 Scripsit
604 778 730 822 enim
755 777 979 821 Bononia
1004 777 1163 822 frater
1186 778 1247 822 D.
1281 778 1336 822 D.
1367 778 1629 823 Zoannetti
1655 780 1669 802 2
1695 788 2005 824 mercatores

369 864 682 911 augustanos
706 853 949 909 grandem
974 853 1265 898 fasciculum
1292 855 1567 911 literarum,
1599 855 1677 910 qui
1713 856 1775 900 ad
1798 853 2006 911 jesuitas

373 932 658 988 pertineret,
702 931 831 985 apud
871 945 1061 975 merces
1102 946 1218 976 suas
1258 931 1561 987 deposuisse.
1605 931 1776 988 Quare
1816 932 2005 977 tardius

372 1008 513 1053 nobis
538 1020 798 1052 venerunt.
833 1007 900 1052 Vt
924 1016 1090 1052 autem
1115 1008 1225 1052 huic
1250 1008 1472 1053 tarditati
1498 1018 1545 1053 et
1569 1009 1812 1053 missionis
1844 1010 2005 1055 litera-

375 1101 482 1129 rum
507 1084 803 1129 solicitudini
827 1099 1195 1140 succurramus,
1218 1085 1345 1129 istud
1371 1100 1461 1140 pro
1485 1094 1625 1130 certo
1650 1086 1831 1131 habeat
1857 1087 1915 1131 R.
1943 1085 2002 1131 T.

376 1162 596 1206 nuntium
643 1172 977 1217 augustanum
1022 1162 1226 1217 singulis
1276 1163 1327 1206 14
1371 1163 1542 1208 diebus
1597 1179 1747 1219 Vsque
1792 1164 2005 1209 Romam

373 1254 664 1293 excurrere,
692 1250 739 1282 et
764 1238 938 1283 isthinc
963 1238 1126 1283 redire
1152 1239 1448 1295 Augustam3
1478 1256 1604 1296 quae
1629 1256 1740 1285 cum
1766 1241 1912 1286 distet
1943 1242 2006 1286 ab

373 1315 680 1372 Ingolstadio
719 1314 747 1359 ζ)
774 1315 1078 1371 miliaribus,
1126 1316 1365 1360 habemus
1405 1317 1632 1373 aurigam
1674 1328 2005 1373 cognomento

373 1392 553 1447 Haess,
580 1392 719 1436 cuius
744 1392 840 1436 iam
866 1391 1056 1447 pridem
1082 1393 1377 1437 mentionem
1403 1393 1514 1446 lech
1541 1394 1582 1438 is
1606 1395 1811 1439 subinde
1836 1395 1898 1439 ad
1923 1411 2003 1440 ve-

376 1469 627 1514 redarium
667 1468 876 1521 accedit,
919 1468 957 1513 si
997 1468 1167 1513 literas
1207 1485 1441 1514 romanas
1480 1470 1679 1520 habeat.
1722 1487 1845 1527 quas
1884 1472 2009 1517 solet

376 1547 666 1602 plerumque
691 1545 752 1590 ad
777 1561 865 1589 nos
891 1545 1103 1590 deferre.
1132 1545 1229 1590 Sed
1255 1561 1441 1601 quaeso
1477 1547 1682 1592 vtamini
1716 1548 1807 1605 hoc
1849 1548 2007 1593 medio

392 1622 612 1668 mittendi
638 1623 823 1679 literas;
852 1622 945 1667 erit
970 1623 1222 1678 negotium
1247 1623 1350 1668 sine
1376 1624 1563 1669 labore.
1598 1624 1908 1680 Frequenter
1942 1625 2007 1670 in-

376 1700 545 1745 cidunt
579 1699 624 1744 in
658 1715 832 1744 manus
866 1699 1251 1753 haereticorum,
1292 1701 1418 1745 vnde
1442 1716 1690 1757 nunquam
1715 1702 1873 1747 solent
1900 1718 2007 1759 pro-

379 1777 500 1834 dire,
530 1786 582 1822 vt
604 1792 755 1832 saepe
780 1777 908 1832 apud
929 1792 1005 1821 me
1026 1776 1086 1821 D.
1111 1776 1415 1822 Zoannettus
1436 1778 1494 1822 de
1514 1777 1801 1823 infidelitate
1821 1794 2007 1824 merca-

381 1863 546 1899 torum
571 1862 872 1908 conquestus
897 1862 987 1906 est,
1015 1853 1190 1910 quibus
1213 1854 1328 1898 nihil
1352 1855 1495 1910 plane
1520 1854 1637 1900 fidit.

442 1931 508 1975 ll.
576 1929 723 1986 Rogo
763 1941 912 1985 atque
952 1930 1175 1975 obtestor
1216 1931 1273 1976 R.
1317 1931 1395 1986 T„
1438 1932 1620 1987 optime
1659 1932 1826 1990 Pater,
1873 1942 1920 1978 et
1962 1934 2009 1978 in

378 2007 530 2052 Chro.
558 2007 679 2065 jesu
703 2007 1006 2063 charissime,
1034 2007 1095 2051 D.
1124 2007 1184 2052 D.
1214 2008 1499 2066 Polancum‚
1538 2019 1590 2054 vt
1625 2011 1778 2055 vestri
1813 2010 2008 2056 Lentuli

377 2085 643 2141 aliquando
682 2084 1022 2129 recordemini.
1066 2085 1353 2131 Domestica
1391 2102 1515 2131 cura
1553 2088 1725 2144 grauis
1764 2098 1853 2142 est,
1896 2089 2010 2134 licet

379 2178 501 2208 caro
535 2163 671 2218 prius
705 2177 852 2218 quam
889 2164 1116 2207 voluntas
1147 2162 1355 2209 deficiet.
1383 2164 1614 2221 Vtroque
1641 2181 1768 2210 nunc
1792 2167 2007 2211 destitui-

379 2249 461 2284 tur
501 2239 742 2293 ministro,
780 2239 860 2294 qui
896 2254 1004 2284 cum
1038 2239 1337 2285 dexteritate
1377 2251 1423 2285 et
1453 2243 1695 2297 applausu
1720 2243 2006 2301 domestico,

381 2331 586 2361 munere
610 2316 838 2372 imposito
862 2315 1092 2372 perfungi
1116 2332 1211 2361 non
1237 2326 1517 2372 potuerunt.
1544 2319 1753 2364 Alleuor
1772 2335 1882 2365 cum
1906 2336 2009 2366 cre-

382 2394 517 2438 brius
550 2393 609 2437 R.
648 2392 700 2437 P.
739 2391 923 2437 Canisii
960 2392 1129 2437 literas
1164 2404 1385 2449 regusto,
1424 2410 1534 2440 cum
1567 2396 1699 2440 nulla
1734 2397 2009 2452 septimana

380 2470 542 2526 fugiat
575 2469 686 2526 quin
724 2469 796 2513 bis
830 2477 1070 2525 quaterue
1106 2470 1313 2527 mittam,
1350 2480 1436 2516 aut
1469 2472 1532 2516 ab
1567 2473 1647 2517 illo
1683 2473 1852 2518 literas
1888 2475 2008 2520 reci-

382 2547 527 2603 piam.
555 2546 782 2592 Studium
807 2546 1002 2591 omnino
1028 2547 1262 2592 abolitum
1288 2557 1377 2604 est,
1412 2564 1528 2593 raro
1564 2559 1648 2595 aut
1678 2567 1927 2608 nunquam
1963 2552 2010 2597 in

383 2624 546 2680 quiete
580 2623 762 2680 aliquid
792 2624 921 2680 lego.
955 2623 1145 2668 Domus
1169 2625 1311 2669 salua
1335 2640 1410 2670 est
1433 2635 1555 2682 tota,
1583 2643 1681 2671 vna
1705 2643 1858 2684 mens,
1885 2644 2009 2674 vnus

384 2715 593 2745 animus

447 2777 514 2822 12.
581 2777 707 2822 Rdo.
736 2777 788 2822 P.
817 2776 1018 2823 Canisio
1043 2778 1088 2823 in
1113 2779 1591 2835 congregationibus
1615 2781 1924 2837 theologicis,
1947 2781 2010 2827 ad

435 2978 443 2997 ¹
496 2977 583 3013 Has
603 2977 692 3013 vide
713 2978 817 3023 apud
838 2978 992 3015 Laz'm'z'
1009 2978 1218 3022 Monam„
1239 2979 1314 3014 loc.
1337 2978 1400 3015 cit.

434 3036 447 3055 ²
497 3036 570 3072 Dr.
592 3036 832 3073 Franciscus
852 3037 1112 3078 Zoannettus,
1140 3037 1341 3084 professor
1368 3038 1643 3075 universitatis
1669 3039 2008 3085 ingolstadiensis.

386 3094 450 3132 Cf.
473 3094 829 3140 BRAUNSBERGER‚
852 3098 1028 3133 Cam'sz'z'
1044 3098 1181 3142 epist„
1201 3096 1231 3137 Ι,
1252 3097 1332 3138 335.
1354 3097 1435 3142 33&
1457 3097 1506 3139 Π,
1527 3098 1561 3134 9.
