1909 3328
272 264 341 299 Sto
741 262 961 297 LITTERAE
988 261 1346 305 QUADRnxffisTREs

228 363 611 409 monefacerent..
636 362 808 418 Itaque
829 377 924 407 non
944 362 1102 407 solum
1122 361 1316 417 Patres,
1337 361 1421 405 sed
1438 369 1486 406 et
1505 359 1690 405 fratres
1709 360 1856 406 etiam

207 428 414 486 vsumme
439 440 483 484 in
509 440 642 484 hisce
667 439 900 495 operibus
924 438 1122 484 fuerunt
1158 437 1404 494 occupati,
1431 452 1522 482 nec
1545 437 1648 482 sine
1674 453 1854 493 magno

226 519 502 563 animarum
529 516 803 572 commodo,
831 525 883 561 ut
907 532 1178 572 speramus.
1208 515 1258 560 Id
1285 531 1405 560 uero
1441 523 1582 560 tanto
1616 515 1854 560 maiorem

227 596 414 641 exteris
438 594 686 640 afferebat
710 593 1104 650 admirationem,
1136 601 1317 649 quanto
1343 591 1587 637 lubentius
1612 608 1641 637 a
1675 592 1857 637 nostris

227 672 347 725 fieri,
385 672 513 729 quod
546 671 627 716 alii
661 686 786 716 cane
820 670 957 727 peius
997 680 1044 715 et
1084 685 1248 726 angue
1287 669 1537 726 fugerent,
1579 668 1857 713 uidebatur.

229 749 410 805 Ecquis
434 749 524 794 sibi
548 763 644 793 non
675 747 919 793 timuisset
953 747 1065 792 dum
1100 746 1448 792 adolescentes
1467 746 1754 803 formosos,
1782 761 1856 790 ro-

227 829 397 872 bustos
421 827 638 883 iuuenes,
666 826 801 871 uiros
824 834 1050 882 potentes
1076 836 1124 870 et
1148 824 1321 881 opibus
1356 823 1612 879 affluentes,
1639 822 1718 879 qui
1743 838 1857 879 pau-

226 904 295 949 cis
320 913 434 950 ante
459 903 631 949 diebus
663 903 916 960 splendide
950 898 1168 959 agebant
1202 912 1405 958 repente
1437 900 1689 957 nonullos,
1727 899 1858 945 intra

182 1029 187 1036 ,
226 991 440 1038 quatuor
465 982 589 1027 alios
620 981 696 1026 uel
731 990 845 1026 octo
879 980 983 1025 dies
1007 980 1110 1025 uita
1144 979 1419 1035 defunctos,
1458 979 1639 1023 misere
1675 977 1857 1023 deferri

226 1059 537 1116 conspiceret
561 1058 623 1104 ad
648 1059 907 1104 tumulum?
925 1056 1070 1113 Quid!
1094 1072 1208 1101 num
1228 1064 1496 1112 propterea
1516 1070 1673 1100 uanus
1692 1054 1855 1111 timor,

228 1137 508 1182 animarum
532 1136 679 1181 saluti
704 1135 848 1181 nohis
867 1135 1032 1180 fuerat
1050 1132 1452 1191 praeponendus?
1477 1132 1620 1189 Quid
1640 1131 1793 1186 dices,
1814 1133 1862 1177 si

230 1227 320 1258 nec
344 1227 405 1258 ecl
430 1227 483 1257 re
502 1212 808 1269 perterritos
833 1212 915 1257 nel
937 1213 956 1231 ἢ
980 1228 1009 1256 a
1028 1209 1287 1258 charitatis
1306 1224 1459 1266 opere
1479 1209 1722 1254 tantillum
1743 1223 1857 1253 auo-

230 1300 369 1336 catos
394 1290 703 1346 affirmarim,
732 1289 861 1347 quod
885 1289 973 1345 ipsi
999 1303 1275 1345 pauperum
1295 1286 1550 1332 cadauera
1574 1285 1619 1331 in
1655 1286 1735 1330 uia
1758 1285 1856 1331 foe-

229 1369 287 1413 de
312 1376 567 1425 prostrata
592 1383 688 1412 non
712 1366 801 1412 nisi
826 1366 1145 1423 (horrendum
1168 1364 1319 1420 dictu)
1344 1363 1549 1408 canibus
1585 1362 1855 1407 dilaceran-

228 1447 289 1491 da
314 1446 598 1492 uiderimus.
635 1445 766 1490 Proh
802 1444 1034 1490 miseram
1070 1442 1319 1488 hominum
1354 1441 1700 1495 conditionem,
1737 1449 1855 1496 quot

229 1532 438 1580 peccata
462 1538 556 1567 non
582 1522 794 1568 confessi
819 1537 845 1567 e
871 1521 995 1566 uiuis
1024 1518 1363 1566 excesserunt!
1397 1517 1483 1563 sed
1518 1517 1665 1574 longe
1689 1517 1856 1573 plures

227 1601 357 1646 haud
383 1601 526 1646 dubie
550 1600 896 1654 excessissent,
925 1599 970 1644 ni
996 1607 1197 1655 praesto
1218 1595 1373 1642 nostri
1393 1596 1571 1641 Patres
1591 1606 1857 1651 aegrotan-

227 1679 355 1724 tibus
379 1678 655 1724 affuissent.
683 1677 856 1734 Neque
881 1677 1008 1722 enim
1033 1675 1179 1721 facile
1204 1673 1542 1720 confessarios
1573 1671 1858 1728 reperiebat

228 1771 501 1812 pauperum
526 1755 690 1812 turba,
717 1754 842 1799 dzun
867 1754 1006 1799 lucro
1032 1752 1168 1797 olins
1195 1751 1381 1806 studet,
1409 1749 1546 1795 alius
1567 1749 1654 1794 sui
1685 1753 1856 1805 corpo-

228 1834 301 1878 ris
323 1832 499 1889 magis
522 1846 678 1890 quam
705 1832 1005 1876 animorum
1029 1829 1190 1874 soluti
1212 1827 1444 1873 consulit.
1474 1825 1621 1871 Vnde
1641 1839 1741 1870 non
1766 1824 1857 1869 abs

230 1924 282 1954 re
305 1921 503 1955 nostros
528 1924 644 1954 uere
669 1908 761 1953 Dei
786 1923 960 1953 seruos
984 1906 1189 1964 (utinam
1216 1920 1303 1950 nos
1337 1904 1416 1949 ille
1451 1911 1589 1948 tanto
1624 1901 1856 1958 dignetur

228 1987 435 2044 honore)
461 1987 600 2044 plebs
624 1986 848 2032 clamitat
872 1984 890 2011 b
916 1988 963 2029 et
983 1989 1253 2041 tamqnam
1278 1981 1398 2038 sz'.
1428 1979 1687 2037 apostolos
1711 1991 1858 2023 uene-

231 2069 394 2111 ratur.
1143 2054 1147 2062 ‘

287 2142 327 2187 2.
391 2142 498 2187 Sed
519 2155 680 2199 neque
704 2144 876 2186 nostro
901 2140 953 2185 z‘n
977 2138 1165 2195 templo
1190 2136 1543 2196 confessiones
1561 2134 1857 2192 defuerunt,

229 2223 375 2264 tanta
399 2219 536 2264 enim
561 2217 843 2275 aliquando
866 2216 1207 2273 penitentium
1227 2213 1500 2259 nndtitudo
1520 2211 1784 2268 confluxit,
1807 2213 1862 2255 ut

229 2297 334 2352 ipsi
355 2296 670 2354 confessarii
690 2294 929 2340 omnibns
950 2293 1081 2338 sutis
1105 2307 1216 2337 esse
1240 2305 1340 2336 non
1371 2294 1600 2347 possent.
1638 2288 1702 2333 At
1736 2301 1857 2333 uero

229 2374 318 2430 qui
353 2374 583 2431 siugulis
620 2372 894 2418 dominicis
936 2370 1115 2415 diebus
1154 2368 1481 2414 conscientiis
1514 2372 1614 2424 per
1648 2370 1860 2411 sanctae

230 2451 573 2508 confessionis
595 2452 983 2495 sacramentum
1008 2461 1039 2492 (z
1064 2446 1207 2492 uitiis
1232 2434 1522 2491 emundatis
1555 2443 1628 2488 ad
1646 2441 1856 2487 sanctis-

229 2528 420 2573 sinunn
454 2526 827 2572 eucharistiam
858 2523 1224 2571 sumtnendcnn
1266 2521 1530 2577 accedunt,
1574 2523 1697 2565 sunt
1731 2531 1858 2563 sane

231 2619 331 2650 non
370 2605 542 2661 pauci,
581 2601 895 2660 eorundque]
919 2608 934 2628 0
964 2614 1240 2646 nnmerum
1271 2611 1471 2656 inagna
1504 2596 1737 2642 omniunt
1760 2595 1857 2639 lae-

230 2683 342 2727 titia
368 2682 558 2739 (lugeri
579 2681 834 2726 uidemus,
862 2679 945 2724 Ad
973 2691 1157 2723 sacras
1191 2689 1313 2721 nero
1338 2675 1621 2729 conciones,
1657 2676 1858 2736 transa-

231 2759 324 2803 cus
348 2759 454 2803 iuni
479 2757 750 2813 caloribus,
778 2755 1068 2812 complures
1097 2752 1426 2808 conueniunt,
1461 2755 1507 2796 et
1529 2764 1594 2795 ex
1611 2750 1692 2795 lu‘s
1714 2747 1862 2794 multi
1894 2750 1896 2752 ’

232 2835 423 2880 nobiles
445 2849 571 2892 quos
604 2835 722 2880 lu'nc
751 2834 804 2878 in
836 2832 1026 2889 spiritu
1057 2830 1319 2888 proficere
1354 2827 1694 2884 intelligimus
1727 2822 1863 2882 quod

231 2914 394 2956 multa
414 2911 627 2967 pietatis
650 2915 811 2966 opera
845 2910 1135 2956 exerceant,
1172 2915 1284 2950 sunt
1319 2905 1455 2950 enim
1490 2916 1667 2948 eorum
1691 2899 1856 2946 nonul-

279 3094 298 3114 ’ἃ
348 3094 431 3131 Irno
450 3107 538 3131 nec.
591 3094 657 3120 —b
678 3091 925 3129 clamitabat.
981 3082 1041 3117 ἐς
1067 3089 1335 3134 Consumpto
1357 3087 1525 3124 charta.
