1971 3369
292 196 357 232 174
755 196 972 232 LITTERAE
1000 197 1355 240 QUAI')R1MESTRES

240 291 445 335 duobus.
474 291 624 336 Pater
647 290 981 335 confessarius
1015 289 1274 334 Hurtadus
1300 291 1331 344 ¹,
1360 305 1454 334 non
1479 291 1635 335 solum
1662 290 1753 345 hic,
1781 289 1867 334 sed

240 377 286 413 et
321 368 366 412 in
402 384 534 422 arce,
570 367 907 413 confessiones
942 366 1142 411 audiuit.
1177 366 1413 411 Nostram
1449 382 1568 412 uero
1604 367 1866 412 ecclesiam

240 444 583 501 quamplurimi
619 445 807 489 nobiles
842 444 1129 498 inuiserunt,
1157 452 1205 488 et
1228 458 1317 488 nos
1342 443 1666 500 eleemosynis
1692 444 1865 488 obrue-

241 532 355 567 runt
378 522 574 576 inuitos,
603 522 729 577 quod
755 530 919 566 tamen
944 520 1075 565 nullo
1101 521 1244 565 modo
1269 520 1358 565 nisi
1384 521 1664 566 sacristano
1690 520 1867 565 darent

240 599 301 644 ad
341 599 522 655 templo
556 597 841 643 necessaria
878 597 1119 653 pa1-anda;
1158 608 1305 653 atque
1341 597 1409 642 sic
1444 597 1779 651 conuenimus,
1818 604 1869 641 ut

240 691 540 731 cogeremur
574 675 755 730 templo
791 674 1021 729 accipere
1061 675 1123 719 ab
1162 674 1271 719 aliis
1307 685 1519 730 quatuor
1553 674 1767 728 daleros,
1806 673 1869 717 ab

241 753 348 798 aliis
372 754 621 805 ducatum,
650 753 712 796 ab
747 751 855 796 aliis
889 751 1002 807 alia,
1031 753 1093 797 ab
1118 752 1334 808 hispanis
1369 767 1490 797 uero
1526 751 1761 797 candelas
1796 766 1869 795 se-

240 830 432 887 pulchri
458 830 632 885 sancti,
655 838 749 874 etc.

299 908 342 953 (i.
410 908 485 953 De
526 906 759 951 ssohemia
796 921 932 961 uerO,
966 906 1078 951 dum
1109 906 1282 963 spirat,
1319 905 1617 962 sperandum
1652 916 1741 950 est.
1770 903 1870 949 Ali-

241 986 319 1042 qui
344 984 530 1030 seducti
557 994 682 1037 sunt,
711 982 795 1027 sed
823 982 889 1027 ita
920 991 970 1027 ut
1002 998 1202 1028 errores
1236 999 1352 1028 suos
1388 984 1575 1039 absque
1610 983 1710 1027 ulla
1734 981 1870 1026 dissi-

242 1061 509 1107 mulatione
543 1060 706 1105 statim
742 1059 970 1116 prodant,
998 1059 1124 1104 adeo
1158 1069 1226 1109 ut,
1262 1076 1357 1105 non
1383 1060 1743 1115 interrogatus,
1771 1057 1870 1114 qui-

241 1140 355 1185 dam
379 1139 484 1184 heri
510 1138 571 1183 ad
596 1153 671 1182 me
697 1138 902 1192 uenerit,
931 1149 976 1182 et
1007 1149 1115 1194 post
1140 1138 1298 1194 prima
1336 1138 1507 1192 verba,
1535 1137 1702 1183 statim
1737 1136 1869 1181 dixe-

242 1217 320 1262 rit:
348 1216 406 1261 de
431 1215 581 1260 missa
604 1215 719 1260 nihil
743 1215 912 1267 credo,
940 1215 1052 1271 quia
1083 1215 1320 1260 habemus
1356 1215 1546 1260 libellos
1565 1215 1866 1268 bohemicos,

244 1295 418 1352 quibus
461 1294 700 1339 habemus
740 1291 1053 1349 Syluestrum
1093 1308 1203 1338 eam
1244 1292 1527 1347 instituisse,
1570 1292 1692 1337 alios
1731 1291 1873 1348 kyrie

244 1373 462 1428 eleyson,
490 1370 613 1415 alios
647 1369 744 1414 alia
778 1380 890 1423 etc.;
928 1379 976 1415 et
1010 1385 1151 1426 ergo,
1180 1370 1347 1426 inquit,
1376 1381 1449 1415 est
1483 1386 1545 1415 ex
1580 1369 1869 1427 hominibus,

248 1449 361 1506 quia
396 1448 520 1493 Xus.
548 1447 683 1492 dixit:
721 1446 807 1498 Ite,
848 1446 1134 1502 praedicate
1169 1448 1200 1502 ²,
1235 1456 1349 1501 etc.,
1387 1456 1435 1492 et
1459 1463 1707 1504 nunquam
1747 1447 1869 1493 XuS.

245 1525 359 1571 fecit
384 1524 600 1578 missam,
624 1534 732 1575 ete.;
756 1523 835 1579 qui
860 1539 889 1567 a
914 1538 1005 1579 me,
1028 1538 1123 1567 non
1145 1523 1425 1580 disputante
1448 1524 1534 1569 sed
1558 1523 1871 1581 admonente,

248 1602 540 1647 exhortatus
564 1612 615 1645 ut
635 1600 694 1645 de
714 1611 872 1645 morte
897 1610 943 1645 et
969 1600 1189 1656 peccatis
1213 1600 1461 1657 cogitaret
1486 1610 1533 1646 et
1557 1600 1748 1658 similia,
1772 1612 1872 1646 tan-

246 1680 373 1735 dem,
401 1694 511 1724 cum
538 1678 635 1723 suis
662 1678 869 1723 iucunde
894 1677 1012 1722 abiit
1038 1693 1133 1722 non
1158 1677 1332 1733 procul
1366 1694 1394 1723 a
1425 1682 1584 1735 regno
1617 1678 1728 1733 Dei,
1763 1693 1875 1723 nam

248 1757 481 1813 sperabat
507 1771 559 1799 se
584 1770 613 1799 a
639 1755 779 1799 nobis
813 1770 957 1811 posse
992 1754 1176 1799 doceri.
1205 1753 1254 1799 Si
1292 1754 1480 1811 redeat,
1509 1771 1538 1801 a
1562 1755 1792 1801 Patribus
1827 1763 1875 1800 et

254 1833 542 1879 doctoribus
586 1832 769 1877 nostris
812 1831 1007 1877 facilius
1050 1832 1315 1878 iuuabitur.
1364 1832 1658 1878 Rediturum
1713 1842 1878 1878 autem

249 1926 526 1968 speramus.

306 1989 348 2034 7.
417 1988 604 2033 Eorum
640 1988 767 2034 enim
803 1987 1116 2045 quaestiones
1151 2003 1181 2032 a
1221 2003 1373 2044 puero
1407 1987 1572 2033 xiano.
1612 1987 1736 2033 solui
1771 2002 1877 2044 pos-

249 2074 374 2122 sent;
401 2064 487 2110 sed
512 2073 676 2110 tamen
712 2064 852 2109 nobis
877 2079 906 2108 a
930 2064 1190 2120 superiore
1224 2064 1492 2110 iniunctum
1519 2075 1608 2121 est,
1635 2080 1695 2109 ne
1720 2063 1878 2121 dispu-

248 2154 408 2188 temus
439 2142 536 2187 ullo
568 2142 730 2198 modo,
757 2142 844 2186 sed
868 2141 929 2186 ad
954 2141 1190 2187 doctores
1224 2152 1309 2187 aut
1343 2142 1633 2187 sacerdotes
1667 2141 1879 2186 adduca-

250 2235 359 2266 mus
383 2235 443 2265 ac
466 2219 745 2275 inuitemus,
774 2227 860 2264 aut
894 2218 1117 2264 dicamus
1152 2227 1204 2264 ut
1228 2218 1435 2264 redeant
1458 2218 1606 2275 paulo
1631 2229 1755 2276 post,
1783 2229 1876 2263 ete.

251 2297 315 2343 Et
359 2297 453 2342 hoc
497 2296 840 2353 obseruamus,
883 2312 958 2354 ne,
1001 2305 1294 2353 separantes
1338 2312 1429 2342 nos
1473 2297 1536 2342 ab
1581 2295 1876 2350 obedientia,

252 2375 401 2420 etiam
425 2389 515 2419 nos
540 2373 714 2419 eadem
739 2389 893 2429 opera
915 2374 1296 2420 substrahamus
1330 2389 1359 2418 a
1393 2374 1577 2430 gratia.
1606 2373 1732 2419 Nam
1762 2388 1881 2418 sane

250 2452 345 2509 hic,
372 2467 468 2497 non
493 2460 596 2497 tam
619 2459 741 2507 opus
765 2459 839 2496 est
863 2450 958 2495 iam
983 2450 1148 2507 aliqua
1172 2451 1414 2508 doctrina,
1442 2466 1590 2508 quam
1626 2451 1878 2496 discretio-

252 2545 313 2574 ne
336 2527 579 2586 spirituali
613 2537 660 2573 et
693 2527 861 2583 gratia
884 2527 978 2573 Dei
1013 2536 1061 2573 et
1094 2528 1341 2574 unctione.
1369 2527 1464 2573 Hic
1497 2544 1617 2573 sane
1651 2544 1773 2585 opus
1808 2535 1880 2572 est

252 2606 526 2661 ambulare,
552 2605 707 2650 sicubi
731 2603 861 2660 alibi,
884 2620 973 2660 per
999 2604 1128 2650 uiam
1153 2604 1368 2661 Spiritus
1393 2603 1582 2661 Sancti,
1605 2605 1744 2651 cuius
1767 2619 1878 2661 gra-

252 2683 371 2728 tiam
396 2697 506 2727 cum
531 2697 626 2726 non
651 2680 802 2726 simus
825 2680 1040 2726 habituri
1066 2681 1154 2726 nisi
1175 2682 1461 2727 obedientes
1485 2682 1725 2739 perfecte,
1748 2681 1880 2726 inte]-

255 2760 414 2817 ligunt
437 2760 622 2805 fratres
646 2759 963 2815 praecipuam
998 2774 1139 2804 suam
1174 2775 1309 2816 spem
1334 2759 1380 2805 in
1405 2759 1685 2805 obedientia
1719 2759 1879 2816 potius

305 2945 314 2964 ¹
367 2945 431 2982 De
452 2957 499 2981 eo
519 2944 609 2981 vide
629 2943 746 2991 epist.
768 2943 956 2991 praeced.

305 3004 318 3024 ²
368 3004 528 3048 MARC„
548 3003 665 3050 XVI,
688 3003 743 3041 15.
