1971 3369
300 204 367 241 134
762 204 983 240 LITTERAE
1010 203 1364 249 QUADRIMESTRES

250 301 297 345 10
321 299 679 356 exciperemuS,
707 308 885 356 parata
909 308 1052 345 erant
1075 299 1121 344 in
1156 298 1421 343 aduentum
1446 297 1565 354 eius,
1599 306 1712 342 ante
1735 296 1875 342 nobis

251 377 536 435 indicatum,
564 377 809 434 quaedam
833 376 1133 433 praecipuae
1158 374 1502 420 concinnitatis
1526 384 1573 419 et
1597 373 1876 430 elegantiae

252 455 492 511 carmina3
530 470 656 511 quae
689 463 871 511 tamen,
910 455 1039 510 quod
1078 468 1219 498 mora
1253 452 1355 497 eius
1388 451 1518 507 apud
1550 466 1639 496 nos
1679 451 1876 496 minima

232 541 398 590 esset,
425 532 571 588 tradi,
598 531 798 577 recitari
822 537 866 588 ³,
894 541 946 576 ut
970 530 1265 576 destinatum
1290 538 1415 586 erat,
1444 542 1544 573 non
1564 538 1785 584 potuere.

311 609 351 654 8.
416 608 549 654 Idem
573 608 760 664 aliquot
784 617 898 653 ante
923 607 1092 652 diebus
1115 605 1347 663 judaeum
1372 605 1635 661 quendam,
1672 604 1770 649 suis
1794 604 1876 649 im-

252 686 439 743 pendiis
463 685 572 731 fidei
598 685 873 730 catholicae
899 685 1202 739 initiandum,
1230 684 1323 728 huc
1346 682 1490 728 misit.
1528 682 1597 727 At
1630 682 1879 738 princeps

254 764 392 821 quod
413 763 702 808 rm‘iuscztle
725 763 823 807 lzuc
847 763 1140 807 dz'nertatnr
1164 765 1211 805 et
1242 760 1541 805 breuissime
1574 759 1873 814 dimoretnr,

248 841 408 898 plum
433 845 480 885 et
501 840 676 897 magis
693 841 832 885 seria
856 839 1035 884 lmbztit
1057 838 1306 893 obeunda,
1335 850 1492 894 quam
1517 840 1571 880 nt
1593 835 1878 880 cardinalis

255 918 549 974 exemplum
594 917 849 973 imitatus,
892 915 1118 972 potnerit
1161 928 1254 959 nos
1297 913 1552 968 inuiseres
1601 927 1662 957 ne
1705 917 1878 957 tcmzerz

255 995 491 1039 am'mmn
512 1008 641 1051 erga
660 1007 752 1038 7105
769 1008 923 1038 szmm
944 993 1251 1049 relinqueret
1269 992 1567 1036 intestatum
1589 989 1623 1045 ¹³,
1646 1005 1708 1034 ex
1733 1004 1878 1033 uena-

254 1072 403 1124 tione,
428 1071 503 1116 cui
538 1070 810 1127 principum
846 1085 982 1115 more
1022 1068 1349 1114 deditissimus
1385 1077 1474 1123 est,
1510 1082 1682 1123 aprum
1718 1075 1765 1111 et
1804 1081 1878 1111 ce-

256 1164 398 1193 ruum
434 1164 520 1204 per
559 1147 769 1192 famulos
804 1147 969 1203 palam
1004 1146 1066 1191 ad
1101 1161 1190 1190 nos
1221 1145 1402 1190 deferri
1437 1144 1632 1189 curauit
1666 1146 1694 1187 ¹.
1734 1142 1879 1199 Quod

255 1241 374 1270 sane
400 1240 592 1281 munus,
619 1224 886 1280 minimum,
913 1224 950 1267 si
976 1223 1194 1279 precium
1217 1232 1429 1278 spectes,
1462 1221 1570 1276 plus
1593 1220 1809 1265 omnium
1833 1219 1879 1263 in

256 1318 344 1348 nos
370 1302 546 1347 ciuium
573 1301 762 1346 animos
795 1301 1079 1356 commouit,
1116 1315 1260 1356 quam
1294 1299 1333 1343 si
1368 1298 1673 1351 clanculum,
1717 1296 1878 1342 insciis

257 1379 497 1431 omnibus,
525 1378 654 1423 mille
689 1378 855 1423 aureis
879 1394 968 1422 nos·
992 1377 1227 1422 auxisset.
1256 1375 1435 1422 Statim
1469 1375 1597 1421 enim
1629 1375 1808 1432 vulgus
1832 1382 1880 1419 et

257 1456 337 1501 alii
363 1456 496 1513 uulgi
522 1456 851 1501 conditionem
877 1455 1229 1511 necquicquam
1256 1454 1462 1511 egressi,
1491 1454 1603 1499 licet
1627 1452 1878 1508 praecipui

257 1533 301 1577 in
328 1533 421 1577 hoc
447 1533 616 1577 elideri
638 1537 685 1577 et
717 1532 889 1577 haberi
928 1531 1077 1577 uelint
1112 1531 1304 1588 oppido,
1332 1545 1598 1576 susurrare
1628 1528 1878 1574 demirari-

257 1625 350 1666 que
376 1609 606 1666 principis
630 1625 754 1665 erga
787 1608 992 1666 jesuitas
1027 1624 1238 1665 coepere
1272 1607 1684 1664 propensitatem
1707 1612 1737 1650 ⁶.
1776 1605 1880 1650 Nec

257 1688 402 1732 modo
428 1703 632 1732 munere
671 1688 763 1732 hoc
796 1687 988 1743 publice
1027 1687 1176 1731 misso
1211 1685 1424 1730 animum
1460 1700 1585 1740 erga
1619 1683 1891 1740 collegium.

256 1765 349 1809 hoc
384 1780 525 1809 suum
565 1764 850 1808 declarasse
885 1772 1142 1809 contentus
1175 1762 1281 1819 fuit,
1319 1763 1403 1807 sed
1438 1771 1485 1807 et
1519 1776 1758 1806 summam
1782 1759 1879 1804 fru-

257 1841 555 1887 mentariam
579 1841 625 1886 in
657 1841 855 1897 triplum
890 1851 1086 1885 auctam
1129 1840 1295 1885 uoluit.
1332 1839 1465 1885 Idem
1500 1839 1558 1884 de
1593 1837 1810 1894 pecuniis
1833 1836 1880 1881 in

258 1919 582 1964 conuentione
607 1918 834 1974 pollicitis
857 1918 1150 1974 quandoque
1174 1918 1395 1962 futurum
1421 1930 1694 1972 speramus
1722 1915 1879 1959 Reue-

258 1996 449 2040 rentiae
474 1994 491 2020 d
518 1995 583 2039 V.
611 1995 704 2039 erit
728 1995 1005 2040 huiusmodi
1030 1995 1272 2039 hominem
1293 2004 1341 2039 et
1365 2010 1486 2050 quos
1505 1994 1654 2038 habet
1673 2008 1701 2037 a
1721 2007 1879 2037 secre-

257 2072 318 2118 tis
342 2083 389 2117 et
414 2071 1037 2129 consiliisfemtentz'ssz’me
1063 2072 1169 2116 Deo
1194 2071 1510 2123 comendare,
1539 2084 1600 2114 ne
1634 2069 1760 2127 quid
1779 2072 1878 2114 sta-

258 2153 410 2194 tuant
450 2148 810 2200 cz'c’cet'tzmztzte,
861 2148 997 2205 qnod
1037 2162 1137 2192 non
1181 2152 1288 2192 tczm
1328 2147 1472 2192 nobis
1509 2160 1667 2204 qnam
1707 2145 1898 2191 multis*

258 2226 415 2270 etiam
440 2225 559 2270 czlz'z's
581 2224 753 2269 obesse
776 2228 944 2281 queat,
971 2225 1065 2269 sed
1091 2225 1283 2280 potstas,
1324 2239 1471 2280 quam
1495 2229 1511 2250 e
1546 2238 1673 2267 nunc
1697 2223 1880 2267 habent

258 2318 383 2358 erga
409 2317 497 2346 nos
520 2311 750 2357 mentem,
778 2311 1016 2357 perpetuo
1036 2302 1300 2346 retineant.

317 2379 359 2424 9.
426 2377 525 2423 Sed
548 2393 640 2423 nec
668 2378 715 2422 hi
747 2378 922 2435 solum,
961 2394 1082 2434 quos
1116 2378 1214 2423 iam
1249 2378 1620 2434 appellauimus,
1658 2375 1876 2422 Societa-

259 2465 359 2500 tem
384 2464 569 2512 amant,
597 2456 779 2512 colunt,
807 2440 1224 2512 ueneranturque3
1254 2471 1427 2500 verum
1458 2454 1606 2500 etiam
1632 2453 1713 2498 alii
1737 2453 1876 2510 pleri—

260 2548 353 2588 que
378 2532 558 2588 optime
582 2532 721 2577 nobis
740 2531 955 2588 cupiunt,
982 2531 1108 2576 inter
1127 2547 1249 2588 quos
1271 2547 1368 2576 non
1393 2531 1636 2576 immerito
1661 2530 1877 2586 praesuli

260 2609 511 2654 labacensi
537 2610 551 2632 2
576 2609 761 2665 primas
784 2609 1022 2661 tribuero,
1051 2609 1128 2665 qui
1154 2624 1249 2653 non
1275 2609 1420 2653 modo
1453 2607 1767 2653 viennensem
1791 2606 1880 2652 So-

308 2770 324 2789 a
356 2763 425 2799 sed
446 2776 523 2799 non
548 2763 724 2799 recitari.
779 2762 845 2790 —b
867 2761 925 2798 At
943 2762 1034 2798 dux.
1088 2768 1151 2788 —C
1171 2762 1511 2798 beneuolentiam.
1564 2761 1628 2789 —d
1649 2761 1895 2798 Reuentiae·
1963 2744 1969 2760 ³

262 2833 339 2858 ms.
393 2828 454 2849 ——e
480 2827 521 2858 vt
539 2835 672 2868 quam.

310 2953 318 2972 ¹
373 2951 436 2988 Cf.
457 2952 701 2994 POLANCUM,
733 2952 901 2997 chron„
922 2951 995 2994 VI,
1016 2951 1096 2988 409.

309 3011 322 3030 ²
374 3011 563 3049 Urbanus
581 3011 733 3048 Textor
753 3011 956 3057 (Weber).
