1900 3380
488 230 781 267 laamssmaffls
806 229 852 266 24
880 226 1143 266 Ssspmmssms
1175 227 1263 264 1558
1574 224 1645 261 805

52 328 200 374 cedit.
228 326 475 372 Referunt
499 326 625 371 enim
650 326 829 372 Patres
856 326 1144 382 'aliquorum
1180 323 1520 369 confessiones
1544 337 1691 379 gene-

57 405 190 451 rales
213 404 429 449 audisse.
457 402 779 461 [Omz'ttz'mzts
803 402 1054 448 nonnulla
1079 400 1356 458 exempla.]

113 481 157 527 3.
224 480 449 526 Audiunt
488 489 536 525 et
575 480 919 525 confessiones
964 479 1009 524 in
1054 494 1280 524 carcere.
1324 474 1694 532 Nonnunquam

56 559 183 606 enim
210 574 273 604 ex
298 557 532 603 Patribus
566 558 744 613 aliquis
779 557 890 602 uisit
926 556 1134 602 miseros
1160 555 1239 612 qui
1266 555 1310 600 in
1341 554 1549 599 vinculis
1580 552 1693 599 reti-

56 646 249 690 nentur,
276 629 622 691 concionatur,
651 635 713 680 ad
746 634 1103 692 poenitentiam
1139 634 1476 689 pietatemque
1512 646 1690 688 prouo-

57 725 153 771 cat,
181 714 471 759 consolatur
506 712 735 769 afflictos,
763 728 982 758 coronae
1017 710 1248 768 Virginis
1281 710 1474 755 Mariae
1509 708 1695 754 studio-

57 808 139 838 sos
164 791 341 846 reddit,
369 791 495 836 adeo
534 800 583 835 vt
619 806 696 835 me
731 790 999 846 praesenti,
1028 789 1109 845 qui
1141 788 1249 832 illos
1278 786 1443 844 jussus
1475 786 1696 843 aliquan-

59 870 121 914 do
148 869 254 925 visi,
282 867 601 913 clamitarent
636 867 773 912 multi
809 881 1149 921 coronamque
1176 864 1405 920 Virginis
1429 863 1520 909 sibi
1546 878 1696 919 quan-

59 946 219 1002 doque
260 961 288 990 a
327 945 511 990 nostris
551 944 849 1001 promissam
889 942 1248 999 efflagitarent.
1292 940 1441 996 Apud
1482 940 1571 985 hos
1607 938 1698 984 etsi

61 1023 255 1081 quando
281 1022 577 1067 exoriantur
600 1021 784 1079 jurgia,
813 1030 860 1065 et
885 1020 976 1064 hoc
1001 1019 1130 1065 enim
1155 1018 1371 1063 maxime
1406 1028 1583 1062 curant
1609 1016 1698 1061 Pa-

60 1112 178 1155 treS,
207 1112 257 1145 ut
283 1100 461 1145 ciuium
489 1099 696 1154 animos,
725 1098 762 1143 si
790 1098 917 1142 forte
954 1096 1160 1141 alternis
1197 1094 1483 1150 exasperati
1514 1092 1697 1147 verbis,

61 1189 146 1224 aut
166 1178 340 1235 quauis
361 1177 459 1222 alia
484 1177 545 1221 de
569 1192 751 1221 caussa
775 1175 974 1220 saeuire
999 1174 1272 1230 coeperint,
1297 1172 1466 1217 verbis
1486 1170 1697 1223 blandis,

60 1255 391 1313 prudentique
416 1254 620 1298 consilis>
646 1253 845 1309 leniant,
874 1252 1196 1307 disruptaque
1230 1250 1500 1294 resartiant
1533 1249 1699 1294 amici-

62 1334 160 1379 tiae
191 1332 412 1377 foedera.
444 1331 519 1375 ΗΧ
554 1332 627 1375 his
662 1340 829 1375 autem
865 1344 991 1386 quae
1026 1328 1158 1383 noui,
1187 1326 1405 1372 referam
1437 1326 1700 1371 dumtaxat

62 1427 212 1456 vnum
240 1410 455 1454 maxime
482 1409 685 1465 dignum
710 1406 897 1453 auditu.
927 1406 1246 1462 Conceperat
1281 1403 1480 1461 quidam
1505 1403 1551 1447 in
1577 1402 1703 1447 alios
1738 1391 1744 1393 -

62 1504 158 1533 non
185 1503 393 1544 paruum
419 1486 583 1531 odium
608 1485 1003 1541 decreueratque
1029 1491 1206 1539 aperto
1231 1490 1394 1526 marte
1419 1496 1530 1525 cum
1558 1479 1704 1524 hosti-

65 1566 156 1611 bus
180 1564 437 1620 dimicare;
465 1562 682 1608 munitus
707 1561 878 1615 lorica,
907 1576 1024 1606 ense
1059 1568 1108 1605 et
1142 1559 1359 1616 pugione
1393 1556 1705 1612 satellithue

66 1643 275 1699 stipatus
314 1656 402 1698 per
442 1640 619 1685 vrbem
660 1638 937 1695 incedebat,
976 1652 1188 1693 cumque
1222 1651 1343 1681 casu
1383 1634 1583 1680 domum
1623 1649 1705 1678 no-

66 1731 222 1765 stram
248 1733 359 1763 cum
381 1717 518 1762 socio
538 1716 904 1773 ingrederetur,
926 1715 1057 1760 haud
1080 1714 1182 1759 scio
1202 1712 1379 1770 quibus
1400 1710 1579 1756 inditiis
1600 1725 1705 1755 rem

66 1797 307 1844 sacerdos
338 1812 400 1842 ex
426 1795 606 1841 nostris
635 1792 954 1851 conjectauit.
983 1792 1268 1849 Alloquitur
1301 1789 1568 1844 hominem,
1596 1788 1705 1833 hor-

68 1885 219 1931 tatur,
248 1875 430 1920 mulcet
458 1873 639 1929 verbis,
663 1882 819 1917 terret
843 1883 1216 1927 nonnunquam,
1240 1869 1318 1914 ille
1343 1877 1510 1913 autem
1536 1866 1615 1923 qui
1634 1875 1706 1911 tu-

68 1953 250 1998 multus
274 1960 424 1997 antea
449 1950 751 2006 minabatur,
778 1948 906 1994 redit
931 1948 993 1993 ad
1019 1963 1145 2000 sese,
1175 1962 1279 1991 rem
1305 1945 1477 1990 ordine
1512 1953 1703 1998 narrat,

68 2030 294 2087 loricam,
323 2045 420 2085 qua
445 2038 556 2073 erat
581 2027 793 2082 indutus,
821 2026 974 2082 exuit,
1003 2026 1150 2082 paulo
1176 2033 1287 2080 post
1313 2023 1375 2067 ab
1408 2021 1605 2077 incepto
1630 2021 1708 2065 de-

68 2108 211 2165 sistit,
239 2107 502 2153 confitetur
527 2105 658 2150 domi
682 2114 891 2161 peccata
916 2104 1141 2160 supplex.

128 2187 171 2232 4.
239 2185 380 2231 Haec
405 2184 611 2229 Patrum
638 2181 894 2228 exercitia,
923 2180 1021 2227 Sed
1041 2181 1156 2237 quid
1180 2179 1390 2226 fratres?
1413 2179 1486 2225 Illi
1513 2178 1709 2235 quidem

72 2280 182 2310 cum
218 2263 282 2309 ob
316 2261 559 2320 juueniles
594 2275 751 2305 annos
774 2259 836 2304 ad
863 2259 986 2304 haec
1021 2258 1217 2304 maiora
1247 2267 1359 2302 sunt
1396 2257 1553 2302 minus
1587 2254 1707 2311 apti,

71 2340 384 2386 orationibus
409 2338 714 2391 incumbunt,
743 2337 947 2382 obedire
972 2336 1183 2388 discunt,
1212 2334 1310 2392 jam
1335 2333 1442 2379 fere
1475 2331 1711 2389 logicalia

73 2418 351 2472 audierant,
379 2415 582 2461 audient
606 2414 703 2460 cito
728 2414 1000 2471 physicam.

130 2495 172 2541 5.
242 2494 516 2540 Caeterum
551 2507 646 2536 non
682 2491 1080 2548 praetermittam
1117 2505 1206 2534 sex
1240 2488 1427 2533 fratres
1457 2486 1591 2531 hisce
1615 2484 1712 2529 die-

15 2608 19 2612 *
73 2575 164 2620 bus
198 2574 261 2618 ad
295 2587 385 2617 nos
420 2571 614 2621 missos,
652 2570 986 2626 burgensibus
1021 2566 1342 2613 xenodochiis
1377 2564 1515 2622 jussu
1548 2562 1713 2608 Patris

74 2651 333 2697 Francisci
359 2648 586 2706 aegrotis
609 2647 938 2702 ministrasse,
961 2645 1242 2691 doctrinam
1270 2643 1366 2688 illic
1390 2641 1714 2687 christianam

76 2728 322 2781 docuisse,
360 2725 617 2783 religionis
656 2734 705 2770 et
746 2724 943 2781 pietatis
982 2721 1231 2779 specimen
1263 2719 1457 2765 dedisse
1482 2733 1579 2763 non
1603 2732 1714 2774 par-

76 2821 207 2851 uum.
235 2805 379 2850 Licet
403 2803 530 2849 enim
556 2802 639 2848 uix
665 2817 751 2847 eos
784 2799 1212 2846 xenodochiorum
1248 2795 1493 2853 praefecti
1529 2794 1714 2850 recipe-

80 2900 132 2928 re
158 2881 409 2928 voluerint
428 2880 587 2938 prima
610 2879 793 2936 fronte,
817 2875 1262 2931 recusauerintque
1286 2873 1462 2919 deinde
1486 2886 1714 2918 necessa-

79 2961 204 3006 rium
240 2977 331 3017 pro
366 2958 458 3004 X,0
494 2957 840 3003 laborantibus
874 2956 1057 3000 uictum
1094 2953 1356 3010 praebere,
1385 2950 1616 3008 precibus
1645 2958 1716 2994 ta-

78 3055 192 3084 men
218 3036 480 3083 reuerendi
516 3034 681 3080 Patris
716 3032 1018 3079 Ferdinandi
1060 3030 1298 3082 Aluarez,
1338 3027 1484 3086 hujus
1519 3025 1717 3083 collegii
