1900 3380
600 195 881 232 183.—O1131N0
907 196 953 232 27
976 197 1087 243 jumi
1116 197 1207 234 1558
1604 197 1677 234 755

849 481 954 532 183

478 605 528 650 P.
571 605 861 652 LUCAS
923 607 1325 654 MOLITOR

537 712 715 749 PATRI
738 711 946 759 JOANNl
976 712 1259 751 VICTORIA

634 818 774 844 OIBINO
799 807 846 844 27
871 818 975 854 JULII
1006 808 1097 845 1558
1125 811 1149 844 ¹.

79 924 114 956 1.
142 921 499 958 Praedicationis
518 922 563 958 iu
583 921 744 967 oppido
771 920 943 957 Zwicko
963 921 1156 958 laborem
1177 924 1452 968 exponit—2.
1480 925 1588 963 Loci
1604 929 1716 964 inco-

147 981 217 1018 lae
235 992 378 1018 unum
399 991 449 1017 ex
468 982 630 1018 nostris
656 980 782 1026 apud
805 991 851 1017 se
867 980 1028 1017 habere
1053 979 1422 1020 desiderant.—3.
1452 984 1646 1022 Litterae
1663 986 1720 1023 de

145 1040 229 1077 hac
248 1049 294 1077 re
310 1040 373 1077 ad
388 1040 570 1077 Patrem
586 1040 908 1086 provincialem
924 1039 1074 1076 datae.
1086 1040 1168 1076 -4.
1188 1040 1330 1078 Locus
1345 1043 1420 1079 ille
1433 1048 1626 1089 quatuor
1638 1050 1720 1083 aut

146 1102 341 1146 quinque
359 1111 410 1137 ex
428 1101 591 1137 nostris
609 1099 837 1137 commode
854 1100 973 1136 alere
988 1102 1141 1146 potest.

153 1202 191 1247 1.
263 1200 360 1248 Ihs.
407 1200 515 1247 Pax
559 1212 608 1247 et
652 1201 873 1247 charitas
917 1201 1031 1258 Xpi.
1080 1202 1142 1248 sit
1191 1219 1388 1260 semper
1433 1206 1710 1252 nobiseum.

74 1278 345 1335 Postquam
380 1279 461 1324 diu
496 1280 817 1336 multumque,
844 1283 1082 1324 moratus
1113 1294 1231 1326 sum
1265 1282 1379 1326 sine
1414 1281 1435 1303 a
1470 1283 1716 1329 concioni-

74 1357 165 1402 bus
188 1357 236 1402 in
260 1356 353 1401 isto
384 1357 540 1402 sterili
576 1357 685 1402 loeo
720 1357 774 1402 in
809 1371 929 1402 arce
954 1356 973 1384 ¹³
997 1356 1180 1414 Oybin‚
1208 1358 1507 1405 Reuerende
1544 1360 1716 1418 Pater,

73 1433 274 1479 tandem
309 1434 478 1490 quinto
513 1433 635 1479 Iunii
670 1434 897 1491 proxime
932 1435 1120 1492 elapso,
1143 1440 1265 1491 post
1287 1436 1485 1482 abitum
1510 1438 1714 1483 anobis

73 1510 421 1568 dominorum,
446 1511 641 1556 scilicet
657 1512 955 1568 praepositi
982 1513 1271 1569 pragensis
1294 1514 1309 1537 2
1335 1519 1382 1559 et
1403 1514 1606 1560 domini
1627 1516 1709 1561 do·

73 1588 227 1633 ctorz's
260 1587 520 1633 Ludouz'cz‘
551 1587 814 1645 Scmdinz‘,
851 1604 913 1634 ex
954 1590 1279 1646 permissione
1320 1591 1501 1636 domini
1542 1592 1708 1638 Patris

73 1664 285 1711 Hortadi
313 1672 344 1723 ⁶,
372 1675 488 1712 tune
513 1666 752 1723 temporis
786 1667 999 1712 rectoris
1023 1667 1221 1724 collegii
1246 1669 1400 1714 nostri
1426 1670 1707 1727 pragensis,

77 1742 242 1799 incepi
262 1744 437 1799 primo
461 1743 712 1788 seminare
737 1744 945 1789 verbum
970 1744 1063 1789 Dei
1090 1744 1135 1789 in
1171 1745 1383 1801 quodam
1426 1747 1660 1804 oppidulo
1694 1748 1712 1774 ‘¹

75 1819 271 1865 nomine
306 1819 530 1873 Zwicko,
575 1820 770 1866 orbatis
807 1827 823 1847 ‘'-
865 1822 1136 1879 parrocho,
1178 1823 1556 1879 sesquimilliare
1595 1823 1606 1850 ¹
1650 1826 1714 1871 ab

73 1896 254 1954 Oybin.
283 1898 461 1955 Porro,
495 1898 645 1944 tertio
679 1898 784 1943 Iulii
825 1899 1051 1944 conuerti
1086 1900 1266 1945 ibidem
1301 1915 1462 1946 vnam
1496 1909 1515 1936 g
1546 1902 1713 1947 mulie-

72 1990 176 2020 rem
211 1975 274 2020 ad
309 1976 606 2021 catholicam
641 1974 803 2032 fidem,
832 1976 954 2021 satis
988 1977 1243 2033 rebellem,
1281 1993 1410 2034 quae
1444 1977 1610 2024 fuerat
1646 1980 1714 2025 lu-

70 2052 280 2098 therana
304 2069 334 2098 a
358 2053 630 2099 iuuentute.
659 2051 785 2099 Sunt
819 2063 868 2099 et
903 2053 966 2099 ibi
1002 2054 1140 2100 multi
1175 2055 1272 2112 alii,
1301 2055 1360 2100 de
1386 2056 1561 2112 quibus
1596 2072 1711 2102 eon-

71 2131 178 2187 cepi
202 2130 384 2176 bonam
409 2147 563 2187 spem,
592 2131 630 2176 si
655 2131 726 2176 eis
758 2147 856 2176 non
892 2132 1084 2176 deerint
1114 2147 1261 2177 aeres
1292 2133 1563 2178 contiones.
1592 2133 1711 2178 Pro-

71 2208 201 2254 ximo
234 2209 363 2254 enim
396 2209 473 2254 die
508 2210 688 2255 beatae
723 2209 919 2255 Mariae
954 2209 1308 2268 Magdalenae,
1345 2211 1515 2256 audito
1552 2212 1713 2257 verbo

70 2284 180 2343 Dei,
216 2287 466 2332 humiliter
500 2286 777 2332 veniebant
809 2287 826 2313 *¹
862 2287 926 2332 ad
961 2303 1036 2333 me
1071 2288 1287 2345 quinque
1319 2287 1608 2344 personaei
1642 2289 1705 2334 ad

70 2362 451 2420 confessionem,
480 2364 656 2420 quibus
681 2379 844 2409 meam
868 2379 1072 2420 operam
1099 2364 1340 2420 praestiti.

116 2541 135 2560 a
185 2542 361 2579 abstinui
381 2555 417 2579 a.
471 2543 539 2569 —b
572 2543 689 2579 areis.
757 2551 818 2571 -C
851 2543 1041 2580 Hurtadi.
1107 2543 1174 2570 —d
1207 2543 1365 2590 oppido.
1432 2550 1493 2570 -e
1526 2544 1631 2590 quod
1651 2556 1713 2580 or·

70 2601 208 2638 batum
228 2607 330 2638 erat.
377 2601 433 2628 —f
473 2602 789 2649 sesquimilliare
804 2603 970 2640 distans.
1019 2611 1082 2637 -g
1103 2602 1347 2639 conuertit...
1366 2602 1567 2639 Dominus
1586 2615 1712 2649 quan-

70 2660 175 2697 dam.
230 2661 295 2688 -h
330 2667 545 2698 venerunt.
600 2661 655 2688 -i
684 2662 882 2699 homines.

115 2829 125 2848 ¹
177 2827 240 2864 Ex
267 2828 521 2875 autographo
549 2842 572 2865 a
602 2828 782 2865 Polanco
809 2829 1024 2865 emendato
1056 2828 1095 2864 in
1126 2827 1263 2864 codice
1293 2827 1438 2864 Germ.
1472 2827 1566 2871 142,
1596 2827 1619 2864 2
1649 2827 1709 2875 ff„

66 2899 133 2925 nn.
154 2887 213 2933 43,
233 2888 291 2933 44;
313 2888 423 2935 prius
441 2886 523 2933 572,
543 2887 626 2925 573.
648 2887 721 2925 Est
737 2889 970 2935 exemplum
987 2887 1180 2934 scriptum
1198 2887 1420 2924 secundum
1435 2889 1712 2925 correctiones

67 2947 109 2983 in
127 2946 195 2985 fol.
217 2946 276 2985 42.
671 2960 673 2964 ’

118 3006 131 3026 ²
181 3006 290 3044 Vide
309 3007 510 3054 superius,
531 3020 630 3055 pag.
655 3007 714 3051 27,
736 3013 873 3044 annot.
897 3008 928 3044 1.
