1909 3328
288 279 359 316 602
755 282 976 319 [ᾸΠΕΒΑΕ
1005 283 1363 327 QUADRIMESTRES

244 391 378 419 crum
406 386 588 432 posset.
619 376 820 423 Missam
862 394 986 434 ergo
1022 379 1296 424 celebrauit
1334 379 1378 424 in
1420 379 1647 426 aedicula
1686 391 1871 440 nostra,

244 453 366 496 hora
391 463 548 507 sexta„
578 454 908 500 celeberrimo
935 455 1098 511 populi
1124 467 1387 510 conuentu,
1416 456 1517 513 ipse
1543 457 1737 503 indutus
1761 474 1871 515 pon-

243 527 521 585 tificalibus,
558 528 790 576 Patribus
827 548 950 576 vero
986 532 1169 577 nostris
1203 542 1251 578 et
1285 532 1525 579 fratribus
1561 535 1784 580 omnibus
1813 536 1873 581 ad

243 604 533 651 concionem
564 618 923 664 praeparatam
960 618 1069 665 post
1104 624 1303 654 sacrum
1337 618 1385 655 et
1419 626 1653 656 manuum
1688 613 1871 670 oscula,

243 697 368 738 quae
403 682 597 739 publice
626 683 671 728 in
697 686 881 741 templo
907 700 1076 730 coram
1102 685 1445 731 assistentibus
1469 686 1683 743 admisit,
1710 689 1872 735 statim

243 760 302 805 ad
335 760 544 805 classem
579 761 929 819 theologicam,
966 778 1114 819 quam
1149 764 1305 820 pridie
1339 764 1627 810 ornauimus
1661 766 1871 822 tapetiis,

242 852 351 882 sese
376 853 486 882 cum
511 838 613 884 suis
638 839 882 886 nobilibus
906 850 953 885 et
977 841 1083 886 aliis
1108 841 1466 887 honestissimis
1489 842 1610 888 viris
1644 858 1874 890 conscen-

242 915 324 971 dit,
362 925 510 972 atque
550 916 595 961 in
628 932 694 975 ,ea
735 917 1009 974 permansit
1048 919 1204 964 donec
1245 918 1436 976 prandii
1475 928 1669 977 ternpus
1709 921 1875 978 plenas

244 992 602 1049 disputationes
627 995 963 1051 abrumperet.

301 1069 343 1115 3.
412 1069 463 1114 In
495 1071 885 1128 quadragesima
917 1072 1114 1118 hortum
1145 1073 1421 1129 proximum
1457 1074 1672 1131 collegio
1706 1084 1875 1121 nostro

241 1157 289 1193 et
322 1163 433 1193 cum
468 1164 526 1194 eo
563 1148 759 1194 domum
794 1166 888 1195 non
919 1150 1219 1196 incelebrem
1249 1151 1388 1196 iuxta
1411 1152 1560 1207 nacti,
1589 1153 1749 1198 sentio
1774 1169 1874 1210 per-

241 1241 452 1283 magnas
477 1226 793 1273 difficultates
817 1238 866 1274 et
885 1243 1033 1274 curas
1056 1228 1323 1275 immensas
1343 1245 1440 1274 vna
1459 1245 1569 1275 cum
1597 1230 1727 1276 horti
1749 1247 1872 1277 com-

243 1303 564 1349 moditatibus
599 1305 661 1350 ad
702 1321 790 1350 nos
829 1305 1090 1356 introiisse.
1130 1293 1305 1365 Orate,
1341 1323 1543 1364 quaeso,
1574 1324 1662 1365 pro
1688 1308 1876 1354 famulo

245 1390 412 1426 vestro
436 1381 652 1440 minimo,
679 1382 890 1441 Thoma,
917 1383 1058 1429 cuius
1081 1384 1299 1430 humeris
1322 1396 1566 1431 extranea
1590 1386 1686 1431 ista
1715 1395 1763 1432 et
1793 1386 1871 1431 do-

242 1458 447 1504 mestica
492 1459 659 1504 omnia
697 1460 1006 1517 incumbunt,
1048 1460 1361 1519 insiliuntque
1400 1463 1616 1519 quotidie
1662 1463 1870 1509 maiora.

241 1535 383 1582 Nunc
407 1536 533 1582 enim
562 1538 953 1594 petulantissime
977 1538 1212 1596 incipiunt
1243 1539 1355 1585 mihi
1391 1539 1518 1596 (laus
1553 1540 1873 1597 Omnipotenti

242 1613 371 1669 Deo)
407 1614 646 1660 insultare
677 1615 924 1661 mulieres:
953 1632 1157 1662 causam
1182 1632 1277 1662 non
1304 1616 1471 1662 refero
1496 1617 1609 1674 quia
1634 1618 1874 1664 iocularia

240 1700 367 1749 sunt,
396 1691 510 1737 licet
534 1702 773 1750 pungant;
802 1702 850 1738 et
874 1694 1079 1750 singulis
1103 1695 1243 1740 annis
1268 1695 1491 1741 accessio
1516 1697 1741 1742 locorum
1773 1695 1873 1742 fieri

242 1777 418 1824 potest,
456 1778 504 1814 et
539 1769 778 1826 paulatim
814 1771 1147 1828 multiplicari,
1184 1773 1222 1818 si
1257 1771 1387 1817 forte
1421 1772 1619 1830 aliquod
1644 1773 1874 1830 templum

241 1845 337 1890 illic
362 1845 612 1904 edificare,
640 1862 726 1892 seu
753 1864 937 1894 nouum
961 1849 1226 1906 collegium
1251 1850 1470 1895 construi
1500 1850 1740 1907 temporis
1771 1866 1874 1896 suc·

241 1937 385 1968 cessu
417 1924 690 1980 contingat.
728 1925 894 1970 Locus
919 1942 1042 1983 ergo
1067 1918 1400 1983 amplissimus
1423 1936 1497 1973 est
1521 1928 1584 1973 ad
1608 1943 1751 1985 quem
1775 1927 1874 1974 sine

239 1999 542 2046 offendiculo
567 2012 613 2046 et
640 2003 919 2058 suspicione
945 2004 1097 2049 nostri
1121 2004 1333 2062 ingredi,
1366 2014 1414 2050 et
1447 2020 1556 2051 sese
1590 2005 1636 2051 in
1672 2021 1731 2051 eo
1755 2001 1876 2063 'post

240 2077 516 2123 studiorum
542 2080 740 2124 labores
764 2095 1007 2126 exercere
1032 2082 1237 2127 subinde
1262 2091 1510 2139 poterunt.
1544 2082 1722 2128 Habeo
1752 2098 1876 2128 nunc

243 2154 284 2199 in
312 2170 550 2200 crumena
583 2171 672 2212 pro
708 2172 767 2202 eo
803 2157 1087 2203 redimendo
1119 2158 1208 2204 600
1238 2158 1470 2216 florenos,
1508 2159 1620 2205 licet
1658 2160 1875 2216 pluribus

240 2247 364 2289 opus
397 2232 474 2278 sit.
513 2232 655 2279 Nunc
693 2234 934 2291 reliquum
968 2245 1057 2289 est,
1097 2245 1149 2280 vt
1184 2236 1439 2292 placemus
1462 2236 1797 2294 aduersarios,
1825 2246 1874 2282 vt

239 2309 413 2354 domus
436 2309 763 2367 instauretur,
796 2321 846 2357 vt
870 2312 996 2357 muri
1021 2312 1296 2369 erigantur.
1325 2312 1469 2370 Quae
1493 2313 1658 2360 omnia
1676 2314 1812 2360 clare
1831 2325 1876 2358 et

242 2386 468 2432 distincte
504 2387 690 2433 referet
724 2389 784 2434 R.
823 2388 903 2434 Pr.
953 2388 1199 2446 Canisius;
1247 2390 1359 2436 mihi
1400 2406 1488 2448 per
1527 2391 1875 2449 occupationes

241 2473 536 2520 praesentes
559 2481 656 2511 non
681 2466 810 2512 licet.

295 2542 337 2587 4.
405 2541 567 2588 Hodie
595 2543 725 2589 enim
759 2543 946 2601 (refero
981 2553 1170 2590 tantum
1205 2561 1332 2602 quae
1366 2547 1429 2591 ad
1463 2545 1734 2592 domestica
1766 2562 1870 2603 spe-

240 2620 398 2676 ctant)
417 2620 560 2666 nobis
580 2620 745 2666 insciis
764 2621 994 2667 abierunt
1013 2622 1109 2667 duo
1131 2623 1324 2668 bohemi
1344 2623 1565 2681 iuueneS,
1589 2623 1668 2680 qui
1687 2632 1870 2669 tantum

247 2713 343 2742 vno
369 2697 444 2743 die
468 2697 670 2744 fuerunt
688 2698 889 2756 Pragae
909 2699 955 2744 in
976 2700 1206 2758 collegio,
1229 2716 1438 2757 quorum
1458 2701 1587 2746 alter
1605 2701 1736 2747 intra
1754 2701 1872 2746 duos

246 2774 350 2820 dies
384 2791 447 2820 ex
481 2775 722 2822 Bohemia
756 2776 850 2822 huc
888 2775 1038 2833 venit,
1076 2777 1203 2822 alter
1236 2788 1351 2823 ante
1389 2777 1567 2823 festum
1606 2776 1870 2835 paschatis.

249 2851 471 2898 Causam
495 2853 807 2910 ignoramus,
845 2854 936 2899 nisi
970 2853 1100 2910 quod
1132 2854 1314 2912 senior,
1351 2870 1475 2912 puer
1508 2854 1875 2914 versutissimus

247 2938 295 2974 et
318 2929 442 2974 dolis
467 2931 655 2988 plenus,
683 2930 897 2977 Ioannes
919 2930 1263 2989 Nicodemum,
1296 2932 1442 2978 vnico
1474 2932 1607 2978 forte
1641 2941 1689 2978 et
1721 2931 1874 2988 primo

249 3020 528 3062 congressu
553 3016 663 3063 post
687 3009 894 3053 alterius
918 3008 1187 3054 aduentum
1220 3009 1482 3068 permouit,
1519 3018 1568 3054 et
1599 3009 1763 3055 statim
1791 3021 1876 3065 per

240 3084 387 3129 eccle
401 3083 502 3129 siae
527 3094 740 3144 portam,
766 3101 879 3131 cum
913 3085 1219 3131 sacristanus
1249 3095 1393 3137 esset,
1418 3086 1713 3143 clanculum,
1749 3084 1873 3131 abie-
