1909 3328
276 228 344 264 8:32
745 227 962 264 LITTERAE
990 230 1080 272 QUA
1089 239 1343 266 DR1MEsTREs

229 323 409 367 jandin
436 324 579 369 nohis
603 323 898 370 innotuerit.
935 322 990 367 Vt
1013 324 1149 368 enlm
1175 331 1192 351 ³
1219 325 1556 371 docendorum
1590 343 1856 383 puerorum

228 400 378 444 semel
403 414 432 444 a
457 401 594 445 nobis
619 410 854 456 succepta
879 400 1152 457 prouincia,
1181 403 1244 447 ab
1263 402 1483 448 instituto
1508 413 1680 449 nostro
1704 404 1856 450 disce·

229 477 344 521 dere
369 491 462 520 non
490 478 690 534 patitur,
719 477 784 522 ita
809 486 946 522 certe
971 478 1282 524 exercendae
1314 479 1357 524 in
1394 495 1563 525 omnes
1597 480 1856 527 charitatis

228 552 436 597 studium
462 563 764 610 sanctaeque
800 554 1109 600 obedientiae
1144 556 1372 601 meritum
1408 549 1569 614 magis
1604 574 1663 604 ac
1698 559 1856 615 magis

230 630 271 673 in
297 629 399 674 dies
422 646 626 676 munere
650 642 821 676 nostro
846 630 984 687 fungi
1010 633 1185 678 suadet
1209 633 1525 691 impellitque,
1564 644 1615 681 ut
1649 651 1744 680 non
1780 652 1853 681 so-

226 707 323 750 lum
348 707 487 752 bonis
511 708 702 753 artibus
726 723 786 754 ac
805 708 1084 765 disciplinis,
1112 710 1196 755 sed
1218 711 1367 756 etiam
1393 712 1611 758 honestis
1636 713 1857 759 moribus

228 784 563 841 religioneque
604 785 874 832 christiana
907 802 1173 843 puerorum
1198 788 1345 834 animi
1372 789 1703 836 instituantur.
1731 790 1859 837 Hinc

227 861 275 906 fit
301 871 350 907 ut
373 862 418 907 in
444 863 535 908 hac
561 873 702 919 parte
722 880 919 921 quoque
940 864 1202 921 plurimum
1231 868 1362 923 apud
1387 883 1558 913 omnes
1582 867 1601 895 b
1621 869 1782 926 magis
1800 884 1859 914 ac

226 939 384 995 magis
409 940 460 984 in
485 940 597 985 dies
629 941 832 987 scholae
866 950 1068 988 nostrae
1109 943 1530 1002 commendentur,
1571 956 1715 1002 vtque
1749 945 1856 992 hinc

227 1016 431 1072 triginta
456 1027 503 1062 et
527 1018 736 1075 amplius
760 1018 1033 1065 miliaribus
1059 1035 1154 1065 una
1179 1036 1287 1066 cum
1314 1021 1414 1066 suis
1433 1015 1743 1080 paedagogis
1761 1039 1855 1068 non

228 1108 411 1149 paruus
436 1093 725 1140 discentium
752 1111 986 1141 numerus
1018 1097 1080 1141 ad
1110 1113 1200 1142 nos
1231 1097 1462 1156 confluat,
1500 1097 1767 1146 Societatis
1792 1101 1854 1146 in-

226 1170 394 1215 stituto
425 1172 747 1230 applaudens,
786 1189 913 1229 quae
948 1186 995 1218 et
1031 1174 1210 1220 adultis
1244 1184 1291 1220 et
1326 1176 1545 1232 paruulis
1580 1178 1857 1223 consultum

226 1262 334 1292 esse
369 1248 535 1293 uoluit.
575 1247 768 1307 Quippe
804 1251 883 1307 qui
925 1266 1109 1307 magna
1149 1267 1298 1308 saepe
1333 1253 1610 1299 animarum
1645 1255 1855 1312 iactura,

227 1323 479 1381 falsaeque
504 1325 760 1372 doctrinae
786 1328 1024 1384 pericu10,
1051 1328 1142 1374 sub
1172 1329 1280 1374 aliis
1304 1331 1715 1387 praeceptoribus
1738 1332 1860 1378 dare

228 1416 430 1457 operam
471 1403 605 1458 prius
645 1408 964 1460 cogerentur.
1009 1404 1245 1451 Futurum
1280 1407 1406 1452 enim
1442 1407 1534 1454 Dei
1569 1423 1662 1465 ope
1696 1409 1859 1454 existi·

228 1488 362 1524 mant
386 1494 573 1534 omnes,
601 1496 695 1525 non
727 1496 912 1537 paucos
947 1498 972 1527 e
1003 1483 1183 1528 scholis
1218 1484 1398 1530 nostris
1430 1500 1728 1542 egressuros
1761 1487 1856 1544 qui,

227 1556 559 1601 hereticorum
599 1557 790 1603 technis
824 1559 1024 1605 retectis
1058 1567 1090 1615 ⁶,
1133 1561 1241 1606 aliis
1266 1563 1493 1619 exemplo
1517 1563 1613 1608 sint
1649 1579 1859 1620 quonam

228 1632 611 1679 christianorum
636 1650 773 1680 more
797 1635 898 1681 uita
922 1636 983 1682 sit
1006 1637 1320 1684 instituenda.
1349 1638 1603 1696 Quantum
1639 1656 1760 1686 uero
1795 1641 1856 1686 ad

227 1710 352 1756 hanc
378 1726 481 1756 rem
512 1713 825 1758 emolumenti
851 1715 1060 1760 crebrae
1086 1714 1425 1762 confessiones
1451 1716 1686 1772 afferant,
1715 1733 1856 1764 nemo

227 1798 300 1833 est
326 1789 405 1844 qui
430 1805 525 1834 non
552 1789 733 1847 uideat,
762 1792 890 1847 quod
917 1803 962 1837 et
987 1793 1205 1838 nonnulli
1228 1794 1406 1840 horum
1429 1795 1636 1852 singulis
1660 1795 1857 1841 domini-

228 1865 313 1922 cis,
340 1866 569 1922 permulti
596 1882 715 1913 uero
738 1868 1040 1914 solemnibus
1060 1869 1229 1916 diebus
1248 1882 1628 1918 sacrosanctum
1649 1873 1728 1918 Xi.
1752 1889 1856 1918 cor-

228 1958 317 1998 pus
340 1959 536 1989 sumere
561 1944 690 1989 soliti
714 1945 823 1991 sint.
851 1945 964 2002 Quo
988 1956 1153 1992 autem
1175 1963 1263 1993 nos
1283 1964 1456 1995 amore
1474 1959 1854 2008 prosequantur,

230 2036 325 2065 non
359 2020 506 2066 facile
541 2021 765 2068 dixerim.
805 2023 988 2069 Nescio
1023 2026 1159 2070 enim
1197 2030 1371 2072 utrum
1405 2027 1481 2072 illi
1512 2041 1619 2081 nos,
1663 2042 1729 2073 an
1769 2041 1861 2073 1108

229 2097 341 2142 illos
377 2099 552 2155 magis
586 2099 933 2146 redamemus.
973 2100 1196 2158 Quorum
1237 2119 1471 2150 numerus
1506 2105 1633 2150 haud
1670 2104 1858 2151 dubita-

230 2189 335 2219 mus
359 2175 468 2232 quin
497 2176 650 2222 multo
677 2167 923 2234 copiosior
947 2178 1138 2235 fuisset,
1165 2180 1211 2225 ni
1236 2182 1408 2227 morbo
1444 2181 1627 2238 passim
1662 2197 1857 2239 serpen-
1900 2177 1902 2194 ⁵

230 2262 278 2298 te
303 2268 362 2297 ac
386 2253 449 2298 ab
474 2253 706 2311 Augusto
732 2255 1067 2302 inualescente
1092 2257 1190 2314 (qui
1212 2273 1341 2304 nunc
1359 2259 1555 2305 demum
1576 2259 1667 2305 Dei
1692 2259 1858 2316 gratia
1902 2306 1903 2310 ,

232 2345 282 2375 se
314 2330 535 2388 remittit)
562 2332 727 2389 plures
762 2332 892 2378 a‘eris
927 2334 1198 2380 mutatione
1235 2335 1325 2382 sibi
1359 2337 1737 2394 consuluissent,
1775 2345 1859 2382 aut
1900 2326 1903 2379 ‘s

230 2407 357 2452 male
382 2407 553 2454 affecti
577 2409 768 2465 patrios
792 2411 924 2456 lares
950 2410 1253 2458 reuisissent.
1284 2413 1389 2470 ¹me
1415 2415 1692 2471 quominus
1726 2427 1860 2459 nunc

175 2503 177 2506 ⁴
229 2498 406 2530 omnes
436 2486 636 2531 reuersi
666 2487 784 2544 sint,
820 2488 1116 2534 m'lzdemias
1151 2489 1202 2534 in
1239 2490 1602 2548 causafm'sse
1636 2496 1859 2548 comper·

231 2564 339 2607 tum
363 2562 627 2609 habemns.
656 2563 766 2609 Non
791 2573 1060 2622 propterea
1084 2575 1250 2613 tamen
1289 2567 1671 2614 aduentantibus
1707 2567 1859 2626 quoti·
1899 2606 1901 2610 .

232 2638 307 2683 die
339 2639 481 2685 nouis
515 2641 839 2698 scholasticis,
877 2642 1025 2689 etiam
1060 2643 1230 2690 diebus
1265 2645 1633 2691 canicularibus
1666 2645 1859 2703 (quibus

233 2715 556 2763 antecedente
581 2710 710 2763 anno
736 2719 972 2765 lectiones
996 2720 1305 2767 intermissae
1330 2722 1494 2779 erant)
1514 2738 1543 2767 a
1563 2721 1758 2779 publico
1777 2722 1856 2768 do·
1902 2718 1906 2731 '⁸

233 2790 372 2836 cendi
390 2807 593 2839 munere
613 2795 920 2853 uacauimus,
939 2796 1148 2842 eundem
1167 2797 1420 2855 horarum,
1440 2798 1704 2844 lectionum
1723 2808 1771 2845 et
1785 2813 1860 2844 re·
1898 2791 1905 2833 ἶ

233 2867 519 2922 petitionum
544 2870 765 2917 ordinem
790 2881 1065 2930 seruanteS,
1095 2889 1237 2930 quem
1264 2875 1456 2921 romani
1493 2875 1690 2932 collegii
1723 2889 1860 2921 more
1897 2911 1904 2941 ζ

285 3034 303 3053 ³¹
352 3040 406 3071 vt.
461 3036 526 3063 —b
559 3037 599 3073 in
617 3037 712 3075 dies.
766 3046 827 3066 —C
860 3039 1041 3076 doctrina
1058 3038 1264 3077 resistant.
