1900 3380
461 321 852 358 209›.—V1ND030xA
880 325 919 357 :31
953 322 1161 359 Oc‘roalzis
1192 324 1281 359 1563
1573 317 1643 359 &o7

61 420 256 466 ditionis
295 421 455 465 virum
493 432 539 467 et
575 422 866 478 prudentiae
906 423 1190 479 singulai‘iS,
1227 425 1366 469 cuius
1401 424 1549 469 etiam
1583 440 1688 470 sen-

58 496 265 542 tentiam
290 497 336 541 in
361 497 451 542 hac
479 499 769 554 quaestione
805 498 1080 545 definienda
1104 501 1259 546 secuti
1285 511 1451 547 essent
1476 517 1564 558 per
1589 517 1686 547 om-

58 573 155 619 nia.
183 572 311 629 Ego,
340 573 407 618 ait
432 590 628 625 caesar,
652 576 807 631 probe
832 591 943 621 eum
968 578 1099 622 noui.
1122 577 1488 623 Recedentibus
1513 587 1688 635 postea

9 668 11 670 ·
58 650 318 706 episcopis,
346 651 525 696 Rdum.
555 652 661 696 P.‘³¹¹¹
693 653 970 698 Victoriam
994 655 1151 699 solum
1182 670 1349 700 secum
1382 655 1602 707 detinuit,
1641 666 1690 702 et

57 742 167 771 cum
193 726 359 772 Rdus.
389 727 448 772 P.
476 734 491 753 ³
523 728 662 773 huius
688 729 759 773 sui
785 730 972 774 consilii
998 731 1218 776 rationes
1252 733 1447 777 caesari
1472 733 1687 789 explica-

57 812 147 857 ret,
175 803 373 860 optime,
403 804 555 861 inquit
591 820 786 861 caesar,
820 807 1055 863 sciebam,
1085 823 1195 852 mea
1230 809 1370 854 vobis
1406 810 1543 854 cordi
1578 825 1689 856 esse

57 881 277 937 negotia,
305 890 352 925 et
378 882 681 937 peculiarem
717 898 808 927 vos
844 884 937 928 mei
972 884 1176 929 honoris
1211 886 1456 931 rationem
1482 887 1683 941 habere;

57 973 114 1003 ac
143 967 411 1014 propterea
438 959 549 1003 huic
574 969 674 1004 tam
702 959 964 1005 intricatae
990 961 1061 1005 rei
1086 962 1262 1007 adesse
1287 978 1377 1007 vos
1404 963 1551 1008 volui.

117 1036 183 1080 19.
252 1035 381 1092 Quid
406 1036 464 1080 de
490 1036 597 1081 aliis
631 1036 932 1093 principibus
965 1047 1012 1083 et
1046 1039 1252 1095 prelatis
1286 1042 1579 1087 recensebo?
1613 1041 1688 1087 Ea

55 1122 192 1157 certe
232 1111 452 1169 plerique
493 1129 664 1159 omnes
704 1114 1028 1159 veneratione
1072 1131 1162 1160 nos
1201 1127 1592 1173 prosequuntur,
1635 1128 1689 1164 vt

53 1206 149 1235 non
190 1190 513 1236 mediocriter
548 1192 751 1237 subinde
791 1207 880 1237 nos
914 1192 1002 1249 ipsi
1041 1194 1405 1239 confundamur
1444 1195 1486 1240 in
1528 1197 1685 1251 nobis,

54 1267 168 1311 dum
201 1267 450 1312 cernimus
484 1277 555 1313 tot
590 1267 764 1313 officiis
797 1269 861 1314 ab
895 1269 950 1313 iis
990 1285 1079 1314 nos
1118 1271 1415 1326 praeueniri.
1454 1270 1688 1318 Gaudent

54 1352 340 1388 nostrorum
366 1344 651 1400 praesentia
672 1354 720 1390 et
742 1345 1005 1402 magnifice
1025 1346 1084 1391 de
1109 1347 1248 1392 nobis
1275 1347 1506 1394 sentiunt.
1537 1349 1683 1395 Effla-

53 1421 248 1478 gitabat
282 1437 370 1477 per
409 1422 739 1467 secretarium
780 1438 919 1468 suum
960 1423 1125 1469 Rdiss.
1167 1425 1515 1482 strigoniensis
1554 1427 1686 1473 hisce

53 1496 240 1553 diebus,
278 1506 332 1542 vt
366 1498 410 1542 in
446 1513 568 1543 suae
603 1498 812 1544 diocesis
846 1499 1129 1546 visitatione
1163 1502 1369 1547 alicuius
1404 1518 1466 1548 ex
1505 1504 1687 1549 nostris

52 1589 206 1631 opera
230 1575 390 1620 iuuari
416 1584 598 1630 posset;
626 1591 800 1622 verum
824 1577 887 1622 ob
911 1578 1230 1623 sacerdotum
1256 1579 1335 1635 qui
1359 1580 1435 1625 hic
1467 1596 1683 1639 eramus,

50 1652 369 1707 paucitatem,
408 1652 653 1698 desiderio
689 1653 793 1698 eius
826 1654 1121 1700 satisfacere
1155 1671 1251 1701 non
1286 1657 1550 1713 potuimus.
1588 1658 1685 1704 Ac-

51 1738 308 1774 cesserunt
343 1729 492 1774 etiam
525 1729 586 1774 ad
621 1746 711 1775 nos
745 1746 930 1787 magno
965 1746 1074 1777 cum
1107 1732 1352 1779 famulitio
1387 1744 1684 1780 venetorum

50 1806 205 1864 legati
229 1808 260 1860 ¹,
289 1807 368 1863 qui
394 1815 504 1863 post
528 1822 726 1852 sacrum
757 1807 803 1853 in
837 1810 1021 1865 templo
1055 1819 1226 1855 nostro
1260 1811 1499 1869 auditum,
1526 1821 1683 1858 totum

51 1883 226 1929 deinde
264 1884 634 1940 perlustrarunt
674 1885 952 1942 collegium,
996 1896 1044 1931 et
1089 1887 1134 1932 in
1180 1903 1449 1944 pauperem
1491 1889 1685 1934 illorum

51 1975 409 2017 germanorum
434 1962 843 2008 sustentationem
869 1964 1221 2010 eleemosinam
1252 1965 1402 2011 etiam
1437 1966 1682 2023 impartie-

51 2048 180 2082 runt.
207 2037 500 2083 Rdissimus.
529 2039 702 2083 summi
726 2040 967 2095 pontificis
991 2041 1037 2086 in
1056 2035 1311 2087 Poloniam
1336 2043 1532 2099 legatus
1555 2059 1682 2089 sum-

50 2130 180 2159 mam
213 2130 338 2172 erga
368 2125 568 2160 nostros
601 2115 958 2163 humanitatem
994 2134 1189 2175 semper
1222 2119 1599 2177 demonstrauit,
1637 2131 1684 2166 et

49 2191 96 2236 in
119 2192 389 2237 vestiendis
413 2186 671 2238 ac'contra
694 2193 884 2250 hyemis
909 2195 1271 2241 inclementiam
1295 2197 1568 2242 muniendis
1592 2198 1682 2243 Pa-

50 2267 209 2313 tribus
253 2283 374 2313 suae
418 2269 837 2325 peregrinationis
876 2272 1138 2318 comitibus
1177 2279 1345 2330 supra
1383 2273 1462 2320 39
1500 2269 1688 2321 aureos⁴

49 2345 199 2390 credo
224 2345 243 2372 b
266 2345 563 2402 numerauit;
591 2356 741 2403 atque
764 2348 875 2394 hinc
898 2364 1048 2394 curru
1073 2349 1346 2407 discedens,
1373 2352 1571 2397 omnino
1597 2369 1681 2398 vo-

49 2422 136 2467 luit
159 2421 220 2467 R.
248 2422 300 2468 P.
329 2421 585 2467 Canisium
610 2424 831 2471 assidere
854 2435 902 2471 et
926 2426 1137 2472 alterum
1163 2427 1251 2473 sibi
1276 2428 1405 2473 latus
1428 2428 1678 2475 claudere.

108 2499 180 2545 20.
246 2499 402 2545 Nunc
424 2507 439 2527 ‘³
468 2500 527 2545 de
562 2500 830 2548 Bohemiae
864 2503 1272 2550 christianissima
1306 2505 1482 2561 regina
1518 2507 1533 2531 2
1567 2507 1681 2564 quid

50 2575 288 2621 scribam?
322 2576 368 2622 Is
402 2593 522 2623 sane
553 2577 658 2623 eius
687 2594 811 2636 erga
835 2596 924 2626 nos
949 2591 1024 2626 est
1047 2581 1261 2627 affectus
1285 2598 1443 2639 eaque
1467 2583 1680 2630 beneuo-

98 2733 114 2753 ὃ
163 2725 246 2762 ille.
312 2727 379 2754 —b
412 2727 574 2764 multos
626 2736 690 2756 -c
723 2728 820 2767 Iam.

99 2878 109 2898 ¹
163 2877 418 2915 Venetorum
450 2879 613 2926 legatus
643 2881 870 2918 ordinarius
902 2889 989 2919 erat
1021 2882 1261 2921 Leonardus
1293 2884 1524 2933 Mocenigo.
1563 2887 1680 2925 Missi

49 2941 142 2972 sunt
161 2944 377 2981 praeterea
397 2938 470 2974 hoc
490 2944 672 2986 tempore
691 2941 819 2986 legati
838 2943 1150 2979 extraordinarii
1171 2944 1219 2979 ad
1239 2943 1543 2982 Ferdinandum
1558 2946 1679 2993 Joan-

48 3007 120 3031 nes
141 2994 341 3043 Cappello
360 3003 400 3033 et
417 2997 651 3035 Bernardus
666 2999 898 3047 Navagero.
918 2999 981 3038 Cf.
1000 3001 1184 3046 Atssssm,
1202 3003 1438 3041 Relazz'om'
1453 3005 1573 3052 degli
1588 3016 1680 3043 am-

50 3053 288 3092 basciatorz'
302 3059 447 3094 veneti
462 3058 510 3093 al
525 3062 689 3102 senato,
710 3059 966 3107 Appenfflce,
994 3074 1086 3107 pag.
1113 3061 1172 3104 21,
1192 3061 1250 3099 22.

97 3113 110 3133 ²
159 3113 291 3151 Maria
316 3115 550 3162 Austriaca,
573 3116 713 3155 Caroli
733 3119 775 3155 V
792 3119 890 3164 filia,
913 3125 953 3157 et
972 3120 1243 3158 Maximiliani
1263 3135 1375 3160 uxor.
