1925 3509
490 287 800 328 15.-ΜΕ55ΑΝΑ
829 287 872 327 13
893 286 1096 336 JANUARH
1128 286 1216 325 1557
1576 286 1621 323 63

822 476 885 528 15

412 600 844 648 FRANCISCUS
880 597 1288 646 STEPHANUS

520 719 710 747 MESSANA
739 708 782 745 13
806 718 1002 755 JANUARn
1031 707 1122 744 1557
1151 708 1174 744 ¹.

38 815 69 851 1.
98 814 363 851 Litterariae
393 813 719 850 exercitationes
749 812 795 848 in
829 811 1108 848 renovatione
1141 808 1394 845 stendiormn
1430 807 1667 844 habitae.—

107 872 187 910 2-6.
218 873 405 910 Fructus
436 883 486 910 ex
515 873 654 909 sacris
685 871 945 908 ministeriis
972 870 1167 915 percepti
1195 868 1424 905 nonnullis
1460 867 1671 912 exemplis

108 933 408 970 declarantur.

100 1035 138 1080 1.
204 1033 360 1080 Molto
399 1033 526 1079 Rdo.
568 1032 614 1078 in
656 1031 808 1078 Chro.
850 1030 1030 1077 Padre.
1074 1030 1181 1075 Pax
1220 1027 1424 1086 Christi,
1471 1037 1566 1073 etc.
1617 1025 1670 1071 Si

39 1127 176 1158 come
203 1111 249 1157 13
273 1111 569 1169 negligenza
593 1119 766 1156 nostra
791 1125 886 1155 non
911 1109 949 1154 si
974 1109 1037 1154 da
1062 1123 1214 1153 senon
1233 1106 1424 1164 puoche
1446 1120 1588 1151 cosse
1608 1105 1670 1150 da

39 1189 256 1235 scribere
280 1188 326 1234 di
351 1188 508 1246 questi
533 1197 734 1245 quattro
758 1186 879 1232 mesi
904 1185 1107 1243 passati,
1135 1186 1240 1230 6051
1262 1183 1541 1240 parimente
1560 1197 1668 1227 usa-

38 1268 93 1311 ro
117 1265 163 1311 di
182 1265 372 1322 puoche
396 1265 567 1322 parole
592 1263 902 1310 conuenienti
922 1262 1017 1308 alle
1037 1277 1193 1308 cosse.
1219 1260 1281 1306 Et
1299 1259 1668 1317 primieramen-

38 1352 85 1389 te
109 1343 247 1389 36610
270 1342 350 1388 noi
375 1358 463 1400 per
486 1342 610 1388 hora
636 1341 872 1387 lasciamo
897 1340 960 1385 da
984 1349 1128 1397 parte
1159 1339 1271 1395 quel
1304 1338 1394 1383 che
1428 1337 1502 1382 dir
1525 1336 1565 1381 si
1588 1351 1669 1392 po-

38 1420 133 1466 tria
176 1419 513 1466 dell'instituto
548 1419 673 1465 delle
718 1418 884 1464 schole
929 1427 977 1463 et
1021 1416 1307 1463 dell'ordine
1347 1414 1459 1460 delli
1503 1412 1665 1470 studii,

41 1497 104 1543 dil
126 1497 216 1543 che
238 1506 615 1543 souentamente
639 1496 804 1553 quindi
828 1494 1140 1541 n'habbiamo
1165 1493 1355 1549 scritto,
1398 1492 1670 1538 solamente

39 1575 198 1632 quello
222 1575 270 1621 al
293 1583 523 1632 presente
546 1574 783 1620 tocchero
808 1573 898 1619 che
923 1572 1001 1619 nel
1025 1571 1264 1629 principio
1289 1570 1366 1617 dei
1390 1570 1546 1615 nostri
1570 1577 1666 1614 stu-

38 1652 115 1711 dii,
142 1652 357 1699 secondo
381 1653 502 1698 l'uso
526 1661 574 1698 et
598 1651 770 1698 ordine
794 1659 983 1707 nostro,
1019 1648 1267 1695 l‘Ottobre
1301 1657 1504 1705 passato
1539 1645 1669 1704 quiui

39 1730 78 1776 si
100 1729 223 1776 fece.

124 1806 175 1854 Si
198 1823 354 1854 sonno
378 1808 426 1853 in
448 1807 609 1865 prima
643 1806 851 1853 recitate
886 1806 978 1852 due
1013 1804 1244 1862 orationi,
1282 1819 1379 1849 una
1413 1818 1584 1860 greca,
1622 1811 1670 1847 et

37 1885 197 1931 l‘altra
220 1885 389 1932 latina.
416 1885 625 1942 Questa,
652 1900 741 1942 per
764 1884 935 1930 hauer'
960 1884 1006 1929 in
1031 1886 1083 1928 se
1107 1898 1205 1928 non
1223 1883 1373 1928 basso
1405 1895 1668 1937 argumen-

38 1970 103 2019 to,
129 1962 236 2009 6106
259 1962 556 2020 dell'optimo
580 1961 674 2008 fine
698 1962 824 2008 delle
848 1977 1007 2019 cosse‚
1035 1976 1131 2006 non
1155 1975 1185 2005 a
1208 1958 1386 2017 puochi
1421 1958 1666 2009 sodisfeci;

40 2040 215 2096 quella,
243 2056 331 2098 per
354 2040 402 2086 13
427 2039 596 2086 nouita
621 2039 750 2084 della
773 2054 893 2084 cosa
917 2037 1119 2096 (perche
1143 2037 1189 2082 in
1214 2052 1369 2094 greco
1393 2051 1482 2093 per
1506 2035 1536 2080 il
1560 2050 1668 2093 pas-

38 2125 146 2163 5310
167 2132 265 2163 non
289 2117 329 2163 si
353 2132 507 2163 erano
531 2116 612 2173 qui
636 2116 734 2162 mai
755 2116 962 2162 recitate
982 2113 1232 2171 orationi),
1254 2113 1303 2159 10
1323 2129 1353 2159 3
1371 2112 1670 2169 marauiglia

39 2193 84 2239 di
107 2194 258 2241 molti.
286 2193 429 2240 Oltre
453 2194 500 2240 di
529 2194 622 2251 cio,
655 2193 706 2238 10
741 2193 1074 2250 ripresentato
1108 2207 1172 2237 un
1206 2191 1406 2248 dialogo
1441 2190 1487 2236 in
1522 2205 1670 2235 uerso

38 2271 204 2329 latino,
231 2272 261 2317 il
285 2272 429 2330 quale
454 2287 542 2329 per
566 2272 613 2317 13
637 2270 906 2328 iocundita,
933 2287 962 2316 a
987 2269 1133 2327 quelli
1167 2269 1258 2333 che
1291 2268 1397 2314 solo
1431 2268 1462 2313 il
1497 2267 1669 2312 diletto

37 2348 393 2407 n'spettauano;
421 2358 470 2395 et
493 2364 583 2406 per
607 2349 654 2395 la
677 2348 880 2405 grauita
902 2356 951 2393 et
975 2346 1203 2403 artifici0‚
1226 2362 1255 2391 3
1275 2346 1419 2403 quelli
1442 2346 1530 2391 che
1550 2345 1668 2389 l'uti-

39 2424 122 2472 lita
145 2441 205 2472 ne
229 2426 575 2483 ricercauano,
602 2425 649 2471 in
672 2441 801 2483 gran
826 2425 1053 2470 maniera
1077 2423 1303 2481 piaeque.

95 2497 137 2549 2.
203 2503 243 2549 Il
264 2504 419 2550 frutto
444 2503 719 2561 spirituale,
747 2503 933 2550 benche
958 2503 1003 2548 in
1029 2502 1178 2548 molte
1198 2517 1315 2547 cose
1335 2500 1487 2546 ueder
1505 2500 1543 2545 si
1562 2516 1666 2558 pos-

39 2595 110 2638 sa,
146 2580 192 2626 in
226 2590 399 2638 questo
432 2581 833 2628 massimamente
868 2580 907 2626 si
947 2583 1042 2637 puo
1082 2592 1408 2636 cognoscere:
1446 2577 1538 2623 che
1572 2577 1667 2623 mai

38 2656 143 2703 sino
166 2657 290 2704 hora
312 2659 353 2705 si
376 2662 403 2705 6
425 2659 609 2705 ueduto
634 2673 906 2704 concorrer
931 2666 1071 2704 tanta
1096 2655 1405 2702 multitudine
1439 2655 1485 2700 di
1519 2664 1669 2712 gente

38 2748 67 2778 a
92 2734 229 2780 odire
252 2736 300 2781 la
324 2735 489 2781 diuina
513 2736 706 2793 parola,
734 2750 873 2782 come
897 2735 945 2780 al
975 2742 1222 2791 presente.
1260 2732 1389 2778 Pero
1425 2732 1514 2778 che
1549 2747 1668 2778 cosa

38 2826 201 2858 nuoua
225 2816 251 2858 6
274 2813 385 2869 quel
408 2813 498 2859 che
522 2812 743 2859 accadde
769 2812 815 2858 in
840 2811 998 2869 questi
1034 2810 1081 2856 di
1115 2809 1302 2867 passati
1337 2809 1469 2858 nella,
1501 2808 1668 2855 chiesa

38 2897 222 2945 nostra,
249 2891 379 2936 nella
403 2891 547 2947 quale
572 2895 598 2936 6
622 2905 832 2936 occorso
857 2889 947 2935 che
977 2904 1006 2934 3
1029 2895 1201 2945 queste
1232 2886 1358 2932 feste
1382 2886 1442 2932 de
1466 2886 1663 2943 Natale‚

84 3056 94 3075 ¹
144 3054 206 3092 Ex
223 3056 440 3104 archetypo
458 3056 500 3093 in
518 3055 654 3093 codice
675 3056 757 3093 Sic.
780 3054 868 3099 181,
889 3054 912 3091 2
931 3053 988 3097 ff..
1010 3066 1078 3090 nn.
1098 3053 1133 3097 6,
1155 3053 1189 3098 7;
1211 3052 1322 3100 prius
1348 3051 1430 3098 2173
1462 3053 1556 3090 olim
1588 3052 1665 3090 186.

37 3111 110 3151 Est
128 3116 358 3163 exemplum
375 3116 547 3153 latinum
564 3116 604 3152 in
623 3115 664 3152 11.
685 3115 748 3152 4-5
765 3115 946 3163 ejusdem
966 3113 1127 3151 codicis.
