1997 3400
390 196 455 232 108
852 195 903 231 Li
914 206 1072 231 1'1‘ERAE
1099 195 1189 240 QUA
1199 205 1400 231 DRIMESTR
1410 205 1453 231 Es

337 292 467 347 gulis
502 291 843 347 septingentos
881 306 1035 347 prope
1074 290 1398 335 scholasticos
1433 290 1723 335 confitentes
1757 300 1963 346 peccata

339 367 526 421 audiat,
554 367 949 423 frequentissime
987 367 1240 422 Vtriusque
1274 382 1421 411 sexus
1456 367 1589 411 ciues
1619 367 1681 411 ad
1715 368 1961 423 poeniten-

335 444 436 489 tiae
456 445 667 500 asylum,
691 460 778 489 ceu
800 445 861 489 ad
880 459 1079 489 sacram
1099 443 1387 497 anchoram,
1410 443 1768 499 confugientes,
1792 444 1962 488 admit-

336 521 393 566 tit
418 526 465 565 εἰ
487 522 773 566 ίῑιΐι’331’]ιι()3
797 522 1021 566 remittit.

403 599 469 644 10.
539 599 659 643 Dns.
688 598 924 644 Nicolaus
964 599 1302 655 Lotharingus
1327 600 1358 650 ¹,
1401 597 1478 642 cui
1517 598 1765 642 secundae
1790 597 1962 643 classis

342 676 578 720 mandata
613 684 685 720 est
724 675 998 732 prouincia,
1035 686 1248 732 vrgente
1282 675 1580 720 necessitate
1615 675 1737 731 ipsa,
1776 675 1965 720 nostris

338 752 501 807 cospil‘s
531 759 546 777 ²¹
569 752 813 797 interdum
840 752 936 797 fert
975 753 1224 808 suppetias
1248 752 1419 796 diebus
1454 751 1660 804 festiuis,
1698 751 1754 796 id
1774 755 1863 807 est,
1892 752 1961 796 in-

339 833 417 873 ter
425 829 575 887 festa
597 831 916 885 praecipuis.

405 906 472 950 11.
555 905 666 962 Ego
708 921 829 950 vero
870 906 983 951 licet
1026 905 1336 962 professione
1377 920 1637 950 sacrarum
1682 904 1959 961 literarum,

341 998 488 1039 quam
515 983 685 1028 diebus
710 983 932 1039 profanis
956 983 1268 1039 euangelium
1296 983 1465 1027 Lucae
1490 982 1774 1026 enarrando
1798 998 1962 1038 prose-

340 1075 480 1116 quor,
507 1059 553 1104 in
587 1060 690 1104 dies
725 1068 1012 1115 occupatus,
1052 1060 1164 1105 licet
1198 1059 1520 1104 concionandi
1555 1074 1758 1103 munere
1794 1058 1964 1103 diebus

338 1137 497 1182 sacris
521 1137 804 1192 distractus,
833 1152 987 1193 aegre
1014 1137 1092 1181 vel
1117 1153 1267 1181 vnum
1287 1145 1551 1192 praetereo
1576 1136 1720 1192 diem,
1749 1151 1841 1192 quo
1868 1151 1963 1181 non

341 1214 487 1259 modo
512 1223 626 1259 ante
651 1214 919 1269 meridiem,
949 1229 1123 1259 verum
1148 1224 1195 1259 et
1218 1223 1328 1270 post
1353 1214 1611 1270 prandium
1636 1213 1823 1269 aliquot
1851 1228 1962 1258 con-

341 1290 535 1336 fitentes
559 1291 774 1336 audiam.
804 1291 879 1336 De
904 1291 1198 1347 promiscuis
1221 1290 1403 1347 passim
1429 1291 1599 1335 diebus
1624 1291 1817 1347 loquor,
1850 1306 1963 1335 nam

341 1367 477 1413 feriis
521 1368 863 1423 praecidaneis
907 1382 967 1412 ac
1006 1367 1286 1412 solennibus
1325 1367 1580 1412 obruimur
1620 1366 1780 1423 potius
1819 1382 1964 1423 quam

342 1460 664 1501 occupamur.
693 1444 990 1501 Complures
1024 1444 1281 1500 Vtriusque
1305 1460 1454 1488 sexus
1489 1444 1751 1499 generales
1775 1443 1964 1488 conses-

340 1522 505 1567 siones
528 1530 849 1578 peregerunt.
878 1521 1126 1566 Numerus
1161 1520 1551 1566 hebdomadibus
1585 1520 1790 1575 singulis
1821 1518 1964 1564 confi-

341 1598 546 1644 tentium
570 1598 750 1643 sensim
775 1598 972 1653 crescit,
1000 1608 1051 1643 at
1075 1598 1323 1643 mensibus
1347 1597 1568 1654 singulis,
1596 1606 1797 1653 praeter
1830 1597 1964 1641 scho-

345 1675 546 1720 lasticos
569 1675 744 1732 quibus
769 1675 813 1719 id
840 1675 1143 1731 praecipitur
1167 1690 1228 1719 ex
1251 1690 1388 1719 more
1408 1673 1690 1729 Societatis,
1714 1673 1966 1730 Vtriusque

343 1766 493 1797 sexus
532 1751 868 1796 confitentium
907 1752 1053 1796 turba
1093 1752 1160 1796 ita
1199 1767 1289 1796 nos
1322 1751 1500 1805 obruit,
1538 1759 1591 1795 Vt
1624 1759 1808 1795 statum
1841 1749 1966 1794 diem

342 1829 547 1886 singulis
571 1829 915 1884 praescribere
938 1844 1112 1884 cogar,
1141 1843 1262 1884 quos
1287 1828 1573 1873 nominatim
1603 1827 1648 1872 in
1682 1827 1966 1882 catalogum

341 1905 666 1950 summarium
693 1905 925 1950 redactos
950 1905 1079 1950 domi
1104 1920 1328 1950 asseruo.
1356 1904 1531 1949 Infiniti
1557 1905 1635 1961 qui
1660 1904 1811 1949 semel
1835 1903 1965 1948 dum-

342 1991 486 2027 taxat
505 1991 590 2026 aut
610 1981 789 2026 iterum
805 1981 1022 2037 quolibet
1042 1997 1169 2026 anno
1187 1980 1566 2037 confitebantur,
1585 1980 1966 2026 saluberrimum

345 2058 437 2103 hoc
456 2058 915 2114 alexipharmacum
935 2074 1063 2103 nunc
1087 2067 1330 2114 repetunt.

395 2135 462 2181 12.
520 2135 666 2180 Noua
684 2150 852 2180 rerum
869 2135 1024 2181 facies
1041 2144 1352 2192 spectatores
1370 2135 1530 2180 reddit
1545 2135 1796 2179 attonitos.
1809 2133 1966 2180 Fama

342 2212 437 2257 huc
460 2222 608 2268 atque
627 2212 742 2257 illuc
766 2213 878 2257 noui
904 2213 1044 2257 huius
1069 2212 1266 2267 theatri,
1295 2213 1347 2257 in
1372 2226 1468 2269 qno
1493 2216 1750 2269 tyrannus
1773 2212 1963 2256 animo-

344 2303 461 2334 mm
485 2289 701 2345 capitali
720 2289 976 2333 sententia
1000 2289 1254 2345 plectitur,
1277 2304 1469 2344 sparsa,
1493 2303 1554 2333 ex
1575 2288 1746 2332 vicinis
1765 2287 1886 2332 locis
1905 2285 1965 2332 ad
1992 2310 1993 2325 ι

343 2381 432 2411 nos
466 2365 654 2410 tutelae
687 2366 957 2422 praesidio
981 2366 1144 2411 allecti
1179 2365 1429 2410 confluunt
1462 2365 1660 2422 passim3
1697 2364 1961 2421 confluunt,

346 2442 561 2499 inquam,
588 2442 816 2499 persuasi
855 2443 919 2487 ab
943 2442 1184 2499 indigenis
1222 2442 1375 2487 multi.
1403 2441 1564 2486 Feriis
1602 2442 1818 2486 omnium
1858 2431 1963 2486 san-
1996 2454 1997 2469 ¹

342 2527 537 2564 ctorum
562 2528 776 2577 centum,
804 2519 994 2564 duobus
1034 2518 1257 2575 demptis,
1285 2533 1482 2563 sacram
1517 2518 1871 2563 eucharistiam
1904 2514 1964 2562 ad
1987 2523 1993 2557 ἕ

344 2605 569 2641 nostrum
594 2596 756 2640 altare
781 2604 1125 2652 perceperunt.
1149 2595 1311 2640 Feriis
1344 2595 1581 2640 natalitiis
1620 2604 1853 2640 exactum
1883 2609 1963 2638 nu-

340 2757 350 2762 *
400 2750 417 2770 ὃ
478 2743 605 2779 nobis.

392 2874 403 2893 ¹
455 2873 648 2909 Nicolaus
675 2872 857 2914 Lietard‚
886 2871 954 2918 qui
981 2871 1100 2907 etiam
1129 2870 1372 2907 Paradensis
1399 2876 1439 2907 et
1469 2869 1712 2907 Paredensis
1738 2869 1866 2906 dietus
1892 2862 1962 2926 est.

346 2930 409 2968 Cf.
428 2931 622 2969 Monam.
642 2932 800 2977 Ignat„
817 2943 894 2967 ser.
911 2930 979 2975 La,
996 2929 1068 2975 XI,
1088 2929 1170 2975 337;
1190 2929 1434 2973 POLANCUM,
1455 2929 1622 2972 Chron„
1651 2928 1724 2974 VI,
1752 2927 1834 2974 493;
1857 2927 1964 2964 'Fon‘
1984 2942 1985 2946 ¹

345 3001 530 3037 QUERAY,
551 2991 626 3028 loc.
648 2991 729 3033 cit,
754 2990 832 3028 185.
