1900 3380
408 309 695 346 Eme-MONTE
723 310 861 345 REGIO
888 309 934 345 ⁴28
961 309 1210 345 DECEMBRls
1244 308 1332 345 1558
1566 309 1635 345 907

48 415 287 462 rogantes
315 415 365 450 vt
390 406 571 461 aliquid
596 405 743 449 diuini
770 404 963 460 elloquii
1001 405 1091 449 illis
1128 405 1463 461 impartiatur.
1490 405 1680 451 Diebus

48 483 303 528 dominicis
328 493 376 528 et
399 482 589 527 festiuis
608 491 952 527 conuocantur
977 497 1006 526 a
1030 480 1246 527 finitimis
1265 481 1455 539 oppidis
1479 482 1539 527 ad
1567 498 1681 527 con-

48 560 238 606 cionem
276 559 571 610 habendam;
608 560 779 604 nolunt
812 558 1048 616 exequias
1083 560 1343 604 celebrare
1378 560 1565 617 absque
1599 576 1680 605 no-

46 647 264 681 strorum
299 636 599 692 praesentia.
628 636 808 681 Mirum
841 648 930 689 est,
958 634 1064 680 R.de
1090 634 1164 689 P,
1192 646 1429 693 quantum
1460 637 1574 682 olim
1600 654 1681 682 ex-

46 714 320 759 horrebant
345 714 553 759 verbum
579 714 686 767 Dei,
711 729 807 758 nan
827 728 986 769 neque
1010 722 1120 758 erat
1145 713 1237 758 illis
1257 724 1569 771 suggestum,
1591 731 1683 760 nec

46 791 368 836 concionator
391 806 482 835 nec
506 791 663 836 sacris
698 791 919 847 gratuito
954 790 1245 835 intererant.
1285 791 1388 836 Iam
1423 791 1680 837 libentissi-

46 884 123 913 me
148 884 267 913 sane
292 868 512 922 audiunt,
540 877 587 913 et
612 868 808 913 student
846 867 1020 913 audire
1056 868 1265 912 verbum
1290 868 1400 927 Dei,
1427 878 1475 914 et
1501 869 1682 925 vbique

11 948 20 955 '
47 955 158 991 sunt
191 954 482 991 constructa
516 955 776 1002 suggesta;
804 960 866 990 ac
905 945 950 989 in
991 945 1123 990 cultu
1159 945 1322 990 diuino
1363 962 1455 990 non
1500 947 1681 991 medio-

45 1023 143 1067 cris
177 1022 391 1067 deuotio.
428 1022 578 1067 Pater
612 1032 781 1067 rector
816 1037 913 1066 vna
949 1037 1059 1067 cum
1094 1023 1255 1067 altero
1293 1022 1460 1073 Patre,
1488 1024 1565 1068 cui
1598 1040 1679 1068 no-

45 1114 153 1144 men
182 1108 257 1144 est
282 1098 466 1143 Paulus
498 1100 523 1149 ¹,
552 1098 827 1155 praeterito
863 1114 982 1143 vere
1017 1099 1240 1144 decrevit
1280 1101 1445 1144 omnia
1480 1101 1679 1157 oppidu-

46 1178 92 1221 la
130 1176 271 1222 huius
310 1177 576 1222 comitatus
616 1177 795 1231 visere,
838 1185 886 1221 et
931 1175 1136 1232 singulis
1176 1177 1433 1221 dominicis
1475 1179 1553 1222 vel
1600 1195 1678 1223 ne-

44 1254 186 1299 fastis
216 1253 417 1305 ,diebus
466 1253 752 1299 concionem
798 1253 985 1298 habere
1030 1252 1075 1297 in
1121 1253 1286 1310 aliquo
1322 1254 1449 1309 vico3
1492 1255 1535 1299 in
1583 1271 1680 1311 qua

45 1347 115 1385 re,
158 1331 312 1376 Pater
351 1330 479 1384 Rfle,
523 1341 712 1376 tantum
755 1330 845 1376 fuit
890 1331 1202 1376 commodum
1244 1341 1295 1376 vt
1335 1332 1416 1387 qui
1462 1333 1679 1387 periera-

44 1410 179 1462 bant,
217 1409 312 1453 iam
349 1423 445 1453 non
480 1408 661 1463 iurant,
699 1408 783 1453 sed
820 1423 929 1453 cum
965 1407 1165 1453 Patrem
1200 1409 1524 1464 conspiciunt,
1553 1425 1679 1454 com-

45 1495 253 1542 pescunt
291 1486 528 1542 linguam.
572 1485 712 1531 Vitia
752 1486 906 1530 multa
941 1486 1154 1542 publica,
1196 1496 1244 1530 vt
1279 1486 1540 1542 adulteria,
1578 1487 1678 1533 fue-

43 1574 157 1608 runt
201 1563 475 1619 extirpata,
523 1562 901 1619 superstitiones
953 1563 1098 1619 (quae
1142 1562 1431 1608 innumerae
1477 1576 1587 1609 sunt
1632 1565 1678 1610 in

43 1641 116 1685 his
141 1641 446 1697 regionibus)
482 1652 528 1685 et
561 1640 742 1697 aguria
781 1651 893 1685 sunt
934 1656 1089 1697 prope
1124 1641 1361 1686 extincta.
1390 1641 1499 1686 Non
1537 1659 1677 1698 prae-

13 1730 202 1775 -teram
246 1719 292 1763 in
338 1719 557 1764 terminis
601 1719 683 1764 vbi
727 1728 838 1764 erat
876 1718 1134 1764 multitudo
1174 1718 1554 1776 flagitiosorum,
1598 1721 1679 1776 qui

42 1795 358 1846 factionibus.
396 1796 660 1841 latrotiniis
683 1805 731 1841 et
755 1795 990 1842 caedibus
1014 1796 1412 1850 delectabantur,
1440 1807 1678 1854 quantum

42 1874 355 1918 commodum
383 1872 648 1926 effluxerit,
674 1888 771 1917 nan
795 1873 863 1918 ita
888 1883 1000 1918 sunt
1027 1874 1328 1931 commotati‚
1356 1884 1408 1919 vt
1433 1874 1531 1920 iam
1567 1890 1677 1920 san-

44 1950 108 1995 cti
133 1962 427 2007 appareant,
455 1960 503 1995 et
527 1950 620 1995 sint
656 1950 879 1995 omnibus
920 1950 1251 2016 admirationi;
1280 1952 1406 1996 adeo
1443 1961 1494 1996 vt
1529 1952 1678 2008 aliqui

43 2044 105 2073 ex
128 2028 219 2073 illis
243 2043 272 2072 a
298 2028 449 2073 Patre
473 2039 669 2073 rectore
688 2037 858 2084 petant
877 2027 1090 2084 aliquem
1110 2028 1319 2074 fratrem
1345 2039 1431 2074 aut
1454 2028 1674 2082 Patrem,

42 2105 120 2161 qui
144 2105 253 2150 illos
276 2105 489 2150 instruat
514 2114 561 2149 et
585 2104 662 2149 cui
687 2104 922 2160 detegant
948 2114 1171 2161 peccata.
1198 2104 1323 2150 Erat
1353 2121 1461 2150 mos
1485 2105 1531 2150 in
1556 2115 1675 2151 tem-

42 2181 131 2238 plis
169 2181 437 2235 fascinora,
475 2181 737 2235 adulteria,
780 2182 1008 2227 conuiuia
1042 2181 1215 2227 facere
1250 2193 1298 2227 et
1329 2182 1565 2227 calicibus
1600 2198 1675 2228 sa-

41 2260 206 2315 cratis,
233 2275 325 2316 pro
360 2258 578 2305 vasculis
612 2259 815 2305 vinariis
850 2260 935 2310 vti<
964 2260 1060 2304 iam
1093 2259 1343 2315 (laudetur
1367 2260 1497 2317 ΧΨ)
1523 2261 1676 2305 maxi-

44 2350 125 2382 ma
148 2337 363 2383 habetur
388 2336 518 2381 ratio
542 2336 751 2393 templis.

54 2414 56 2417 ’
99 2414 142 2460 5.
209 2414 260 2459 In
285 2413 679 2459 confessionibus
713 2414 899 2459 Vtilitas
929 2430 1025 2459 non
1061 2413 1368 2467 reticebitur;
1396 2429 1491 2459 nan
1527 2413 1675 2473 aliqui

41 2492 87 2536 in
111 2501 214 2537 toto
242 2492 373 2537 vitae
398 2491 623 2536 discursu
647 2507 896 2548 nunquam
927 2491 1225 2536 detexerunt
1248 2503 1474 2549 peccata,
1503 2504 1551 2538 et
1574 2492 1673 2538 iam

41 2578 119 2614 ter
143 2569 189 2614 in
214 2585 344 2614 anno
369 2569 432 2614 ad
457 2568 708 2614 minimum
731 2569 969 2614 fatentur:
997 2568 1133 2625 atqui
1157 2568 1297 2613 huius
1323 2569 1513 2614 castelli
1538 2570 1674 2616 ciues

42 2647 403 2692 confessionem
438 2655 486 2691 et
519 2647 915 2692 communionem
949 2646 1316 2703 fraequentant.
1345 2644 1519 2692 Solent
1549 2648 1675 2694 dites

42 2740 104 2769 ex
128 2723 406 2781 longinquis
434 2723 571 2780 vicis,
597 2734 700 2769 tres
736 2725 816 2769 vel
849 2735 1064 2781 quatuor
1099 2739 1416 2780 parasangas
1449 2725 1673 2771 distanti-

39 2801 147 2858 bus,
168 2816 428 2846 ascersere
452 2800 629 2846 Patres
652 2800 700 2846 in
723 2801 1136 2859 aegritudinibus,
1158 2810 1206 2846 et
1230 2801 1323 2847 illis
1346 2810 1505 2848 t-otum
1530 2818 1672 2849 suum

40 2878 388 2934 patrimonium
422 2887 471 2923 et
504 2877 700 2924 diuitias
734 2894 1003 2936 exponere,
1040 2888 1094 2924 vt
1132 2878 1429 2925 distribuant
1459 2896 1550 2936 pro
1580 2895 1672 2926 suo

40 2955 306 3010 arbitratu,
348 2955 416 3000 ita
457 2967 508 3000 vt
553 2955 613 3000 sit
657 2956 756 3001 iam
790 2957 926 3002 velut
964 2955 1302 3012 proverbium,
1345 2972 1456 3003 cum
1494 2957 1673 3015 aliquis

89 3125 97 3142 ¹
149 3122 194 3159 Ρ.
215 3123 369 3159 Paulus
387 3122 646 3159 Hernandez.
669 3123 777 3160 Vide
797 3135 888 3169 pag.
911 3122 981 3159 533
999 3135 1083 3169 sqq.
