1925 3509
493 304 838 341 S.—VINDOBONA
868 304 881 338 1
908 302 1110 349 JANUARH
1139 301 1228 337 1557
1591 300 1631 336 43

44 417 159 448 nam
186 412 288 446 tres
313 400 506 457 egregii
531 399 871 444 adolescentes
896 413 948 442 se
982 397 1072 442 sub
1105 396 1225 455 Jesu
1260 395 1442 440 vexillo
1477 395 1674 450 dedere,

45 493 251 535 quorum
276 477 372 521 duo
397 476 621 532 germani
647 484 774 530 sunt,
803 474 978 519 tertius
1003 488 1126 518 vero
1152 473 1311 517 italus.

101 555 143 599 4.
212 553 407 598 Addam
432 553 509 597 hic
533 552 645 607 duo,
672 560 845 596 notatu
870 550 1097 595 fortassis
1121 565 1216 593 non
1242 548 1461 604 indigna,
1499 562 1631 604 qnae
1655 547 1676 568 ἃ

43 631 135 677 Dei
159 631 372 687 gloriam
397 630 552 674 etiam
575 631 818 685 poterunt
837 633 1161 683 promouere.
1191 624 1332 671 Soliti
1353 624 1548 679 fuimus,
1572 633 1674 669 tam

42 708 229 753 Patres
247 707 265 733 b
291 722 436 763 quam
456 705 658 760 fratres,
680 703 900 749 infirmos
921 703 1165 748 interdum
1185 702 1399 746 visitare
1423 707 1453 757 0,
1476 700 1675 745 eosdem

42 783 290 830 consolari
334 798 394 827 ac
433 782 606 826 salutis
645 780 914 837 spiritualis
954 779 1209 835 pabulum
1248 777 1266 803 d
1299 777 1670 821 administrare.

41 861 374 906 Mercatorem
399 859 550 915 igitur
575 857 836 914 quendam,
864 857 1127 901 lutherana
1162 854 1359 899 haeresi
1394 853 1672 898 obstinatis-

40 937 230 992 simum,
257 935 453 992 saepius
478 935 730 979 inuisimus
755 942 802 979 et
826 934 889 978 ad
912 933 1161 978 saniorem
1181 940 1395 976 mentem
1419 929 1670 975 adhortati

41 1029 223 1059 sumus
251 1013 296 1057 Is
320 1028 431 1057 cum
456 1011 569 1056 nihil
595 1011 752 1056 minus
777 1025 829 1055 se
853 1009 1120 1065 facturum,
1150 1023 1295 1064 quam
1330 1007 1470 1052 nobis
1505 1006 1670 1052 crede-

41 1107 108 1143 re,
133 1090 420 1147 frequenter
444 1097 712 1145 assereret,
751 1087 950 1132 tandem
977 1085 1161 1131 Christi
1196 1085 1365 1141 gratia
1389 1085 1674 1129 induratum

40 1167 142 1213 eius
167 1166 400 1212 emolliuit
424 1166 640 1210 animum
664 1174 712 1210 et
746 1163 1061 1220 ignorantiae
1097 1177 1156 1207 ac
1191 1162 1410 1207 malitiae
1445 1162 1673 1206 velamen

41 1245 103 1289 ab
127 1243 280 1288 oculis
304 1243 468 1287 cordis
492 1242 595 1287 eius
620 1241 838 1297 abstulit,
867 1240 995 1285 adeo
1019 1244 1073 1284 vt
1094 1254 1158 1284 ex
1188 1239 1579 1284 conuersatione
1603 1238 1674 1283 ln-

36 1325 227 1377 porum
245 1334 299 1364 se
319 1320 371 1364 in
392 1320 575 1375 lupum
599 1318 831 1363 euasisse
844 1317 1086 1373 fateatur
1099 1316 1524 1372 rapacz'ssz'mmn,
1545 1315 1675 1372 quod

39 1412 158 1442 sane
183 1396 275 1441 Dei
300 1396 594 1441 miraculum
617 1394 775 1440 maius
798 1403 888 1446 est,
917 1409 1062 1450 quam
1087 1393 1127 1438 si
1152 1401 1402 1438 mortuum
1427 1393 1673 1448 quendam

42 1474 103 1519 ad
128 1473 281 1518 vitam
305 1481 612 1518 reuocasset.

97 1559 139 1595 o.
205 1549 428 1594 Honesta
453 1550 610 1594 eficmz
635 1555 651 1575 e
678 1557 907 1593 matrona
943 1548 1007 1592 ad
1040 1556 1251 1592 mortem
1287 1561 1442 1603 vsque
1476 1545 1671 1590 decum-

40 1628 177 1683 bens,
204 1643 316 1672 cum
346 1628 479 1672 nulla
512 1636 679 1683 posset
713 1635 820 1670 arte
857 1624 1046 1669 medica
1081 1623 1260 1678 iuuari,
1289 1637 1320 1667 cz
1344 1622 1530 1667 nostris
1552 1623 1668 1667 visi-

41 1704 185 1750 tataf
218 1704 380 1750 subito
416 1703 615 1749 sanitati
651 1712 724 1748 est
758 1702 1002 1748 restituta.
1031 1701 1239 1746 Vtinam
1275 1709 1323 1745 et
1357 1700 1567 1744 aliorum
1601 1714 1672 1744 se-

42 1781 313 1827 ctariorum
344 1789 571 1826 mortuae
607 1779 802 1825 animae
837 1779 1033 1825 vestris.
1071 1777 1195 1822 Rde.
1232 1777 1401 1832 Pater,
1442 1776 1672 1832 precibus

43 1858 180 1903 breui
205 1858 547 1903 restituantur.
577 1856 698 1913 Quis
724 1857 852 1901 enim
887 1856 978 1900 scit
1011 1855 1049 1899 si
1085 1854 1222 1899 Deus
1256 1854 1556 1899 misereatur
1590 1869 1671 1898 no-

42 1943 175 1980 strae
210 1935 459 1992 pereuntis
495 1941 513 1968 g
543 1932 862 1989 Germaniae,
899 1942 947 1978 et
982 1931 1226 1987 relinquat
1260 1940 1369 1987 post
1403 1946 1454 1976 se
1479 1930 1672 1976 benedi-

40 2012 271 2057 ctionem?
295 2011 404 2057 Non
428 2022 502 2057 est
524 2011 664 2057 nobis
688 2010 1052 2067 desperandum
1073 2009 1119 2054 in
1138 2008 1286 2053 tantis
1306 2008 1521 2064 alioquin
1541 2008 1670 2053 cala-

42 2089 306 2145 mitatibus,
349 2104 459 2134 cum
493 2088 748 2145 aptissima
780 2087 942 2132 media
977 2085 1253 2142 suppeditet
1288 2084 1534 2130 Christus.
1577 2083 1670 2130 Ca-

41 2165 273 2211 tholicam
313 2166 439 2211 enim
484 2166 745 2211 veritatem
787 2164 939 2210 variis
973 2164 1020 2208 in
1055 2163 1174 2208 locis
1214 2163 1291 2207 hic
1325 2178 1386 2207 ex
1425 2171 1670 2219 suggestu

41 2253 324 2288 constanter
347 2243 646 2300 spargimus,
674 2257 832 2298 neque
856 2241 1032 2286 desunt
1050 2240 1130 2297 qui
1150 2240 1310 2295 auide,
1333 2249 1397 2295 et,
1424 2248 1478 2284 vt
1501 2254 1668 2295 spera-

45 2334 168 2376 mus,
195 2335 303 2365 cum
329 2320 512 2376 fructu,
540 2319 832 2376 percipiant.

99 2396 153 2451 6„
207 2396 421 2442 Iniunxit
444 2397 657 2453 collegio
681 2404 854 2440 nostro
890 2404 1005 2440 ante
1039 2410 1181 2440 suum
1215 2393 1279 2438 ad
1313 2393 1513 2438 comitia
1539 2394 1550 2416 ¹
1577 2392 1670 2437 dis-

42 2487 234 2518 cessum
267 2473 610 2518 serenissimus
644 2488 963 2517 romanorum
1000 2487 1090 2517 rex
1121 2470 1483 2526 Ferdinandus,
1513 2478 1564 2514 vt
1587 2485 1669 2514 no-

42 2558 198 2595 strum
237 2551 499 2608 quispiam
533 2549 551 2576 ¹¹
585 2550 633 2595 in
672 2549 945 2595 cathedrali
985 2548 1196 2594 ecclesia
1236 2547 1459 2592 omnibus
1498 2546 1670 2591 diebus

41 2625 181 2672 festis
217 2628 555 2683 concionetur,
597 2626 726 2684 quod
765 2627 913 2672 etiam
953 2624 1124 2682 (Chro.
1167 2626 1274 2670 laus
1314 2632 1362 2669 et
1399 2623 1581 2680 gloria)
1616 2622 1668 2668 fit

89 2822 107 2844 a
139 2816 200 2852 ad.
254 2816 318 2843 —b
339 2817 651 2853 sacerdotes.—c
677 2816 867 2852 inuisere.
922 2814 987 2840 -d
1009 2814 1152 2850 cibum.
1198 2820 1258 2840 -e
1279 2812 1472 2849 Alterum
1489 2818 1548 2850 est
1563 2815 1668 2860 quod

43 2875 210 2912 honesta
232 2875 443 2922 quaedam.
504 2875 553 2902 —f
579 2888 670 2912 cum
697 2874 822 2911 nostri
850 2887 939 2911 eam
971 2874 1207 2910 inuiserent.
1261 2879 1326 2906 -g
1358 2872 1553 2918 periuntis
1585 2883 1665 2910 ms.

47 2934 111 2961 -h
143 2934 300 2981 aliquis.

96 3112 103 3130 1
156 3110 331 3148 Comitia
349 3111 508 3158 imperii
527 3111 664 3148 habita
682 3116 774 3147 sunt
793 3123 898 3147 anno
921 3109 1121 3146 1556-1557
1140 3109 1403 3146 Ratisbonae.
