1909 3328
254 163 324 199 686
718 165 936 202 LITTERAE
963 166 1318 211 QUADRIMESTRES

209 259 367 304 nn'R.
406 274 457 304 m
493 260 616 306 Xro.
654 261 828 307 Pater.
867 262 1053 321 Praga,
1090 279 1219 310 anno
1258 265 1385 321 1558,
1423 274 1566 311 sexto
1602 266 1838 312 calendas

209 336 357 395 Junii.

297 415 435 460 Tuus
459 415 829 473 indignissimus
853 433 1047 474 seruus,

1031 514 1319 561 GERARDUS
1353 516 1653 564 WERTENUS
1688 519 1719 563 ¹.

296 601 402 645 Pro
427 602 777 658 inscriptione.
805 608 833 656 ἦ·
858 604 1083 650 Litterae
1118 605 1512 661 quadrimestres
1547 622 1836 663 pragenses

297 677 415 723 Alia
440 693 658 726 inanit...
687 680 927 727 Mandata
952 697 982 727 a
1005 682 1209 738 Loreto,
1237 682 1474 738 Fiandra,
1497 684 1675 741 Napoli
1700 693 1748 730 et
1767 683 1837 730 Si-

210 756 339 812 cilia,
366 755 680 814 Portugallo,
708 768 802 803 etc.
830 758 1067 815 Francia,
1095 758 1319 817 Spagna.

987 962 1069 1012 171

566 1080 619 1126 Ρ.
655 1080 1091 1127 FRANCISCUS
1126 1080 1488 1129 COSTERUS

755 1187 932 1213 COLONIA
959 1177 1002 1214 31
1032 1188 1126 1225 MAJI
1155 1177 1246 1214 1558
1268 1178 1294 1212 2.

210 1260 244 1294 1.
271 1259 444 1296 Fratres
462 1261 682 1305 optimum
701 1261 747 1296 in
775 1261 935 1306 spiritu
960 1265 1244 1307 progressum
1262 1262 1456 1307 faciant.
1487 1272 1675 1308 quorum
1703 1262 1846 1308 aliqui

278 1319 340 1356 ad
361 1319 559 1365 gradum
586 1321 833 1366 magisterii
854 1322 1055 1366 proximo
1083 1321 1323 1359 Februario
1350 1321 1748 1359 admittentur—2.
1769 1321 1839 1358 Ad

281 1381 577 1416 convictorum
597 1383 637 1416 et
654 1379 994 1417 domesticorum
1014 1382 1349 1419 multitudinem
1366 1381 1632 1428 capiendam
1647 1382 1763 1419 alias
1778 1392 1842 1419 ae-

281 1439 358 1476 des
376 1439 617 1476 conducere
635 1450 860 1477 necessum
871 1440 979 1486 ficit.
1005 1441 1288 1488 Convictores,
1310 1445 1405 1479 tuin
1425 1444 1471 1479 in
1492 1443 1660 1487 litteris,
1682 1445 1777 1479 tum
1797 1443 1841 1478 in

278 1501 441 1545 pietate
451 1499 794 1545 proficiunt—3.
816 1500 883 1536 De
901 1511 1061 1547 magno
1081 1504 1360 1539 externorum
1387 1512 1582 1546 nurnero,
1613 1503 1658 1538 in
1685 1501 1843 1548 quihus

281 1559 444 1596 nobiles
464 1560 597 1596 multi
608 1560 816 1597 sunt—4.
834 1560 986 1607 Aliqui
999 1561 1378 1599 circmndantz'nm
1394 1563 1625 1599 civitatum
1641 1562 1846 1607 magistri

281 1623 320 1655 et
332 1621 675 1665 gymnasiormn
696 1623 878 1657 rectores
897 1621 1071 1667 collegio
1081 1621 1350 1667 favent—5.
1374 1622 1442 1659 De
1467 1621 1667 1668 quadam
1695 1621 1843 1667 dispu—

280 1681 444 1715 tatione
458 1679 866 1725 philosophica-6.
889 1680 982 1717 PP.
1006 1680 1278 1719 Salmeronis
1296 1692 1348 1719 ac
1366 1681 1587 1719 Everardi
1599 1684 1638 1717 et
1652 1681 1842 1718 aliorum

280 1738 475 1775 Romam
495 1740 588 1776 iter.

275 1823 314 1869 1.
380 1826 408 1875 †
430 1821 556 1868 IHS.
585 1822 691 1868 Pax
717 1822 918 1882 Christi,
947 1834 1041 1871 etc.
1079 1824 1186 1871 R.de
1215 1826 1261 1870 in
1297 1824 1448 1871 Chro.
1487 1825 1657 1871 Pater.
1700 1825 1840 1872 Tem-

212 1915 302 1957 pus
327 1915 417 1945 nos
441 1911 605 1946 monet
632 1910 683 1946 vt
707 1901 1019 1947 obedientiae
1048 1902 1357 1949 satisfacturi
1392 1919 1519 1960 quae
1552 1919 1718 1949 mense
1751 1904 1842 1950 hoc

211 1977 344 2022 Maio
368 1977 415 2022 in
440 1977 709 2024 coloniensi
734 1994 895 2024 messe
918 1989 1064 2036 gesta
1087 1989 1215 2037 sunt,
1243 1980 1532 2037 paternitati
1555 1990 1673 2027 tuae
1696 1981 1841 2039 signi-

212 2054 430 2113 ficemus3
459 2055 587 2112 quod
612 2064 665 2101 vt
688 2057 997 2108 commodius
1020 2056 1121 2114 fiat,
1148 2058 1361 2115 primum
1395 2074 1456 2104 ea
1488 2074 1614 2116 quae
1649 2060 1708 2105 de
1742 2059 1841 2104 fra-

212 2133 370 2178 tribus
413 2134 594 2179 nostris
638 2145 685 2179 et
724 2133 1007 2180 domesticis
1047 2135 1312 2182 scribenda
1352 2147 1621 2183 occurrunt
1665 2137 1838 2194 dicam,

213 2209 385 2255 deinde
410 2225 537 2266 quae
561 2225 674 2264 cum
699 2211 922 2257 externis
955 2211 1198 2258 Dominus
1233 2223 1470 2270 operatus
1505 2224 1595 2260 est.
1633 2214 1842 2261 Fratres

212 2286 364 2343 igitur
388 2287 467 2344 qui
492 2287 539 2333 in
570 2287 850 2334 vniuersum
874 2289 952 2335 hic
976 2288 1217 2336 Coloniae
1248 2291 1450 2350 degunt,
1481 2291 1535 2338 18
1557 2301 1670 2338 sunt
1693 2291 1839 2338 omni-

213 2380 292 2419 no,
319 2381 443 2422 quos
466 2364 594 2411 ΚΜ
627 2365 679 2412 Ρ.
720 2366 1014 2413 Leonardus
1048 2368 1063 2391 ³
1098 2368 1288 2414 fatetur
1317 2369 1553 2426 optimum
1587 2370 1634 2415 in
1668 2360 1841 2427 spiritu

214 2458 537 2499 progressum
560 2443 748 2497 facere,
781 2459 926 2489 nemo
961 2444 1137 2501 quippe
1169 2445 1264 2491 hoc
1297 2461 1356 2492 eo
1390 2446 1562 2493 melius
1600 2447 1753 2504 nouit,
1790 2454 1843 2492 vt

214 2519 293 2576 qui
318 2520 533 2566 omnium
558 2521 896 2567 confessiones
916 2523 1067 2581 audit,
1090 2538 1180 2568 nos
1199 2524 1347 2569 etiam
1366 2524 1599 2570 facillime
1618 2524 1840 2571 videmus

215 2608 450 2654 quantum
475 2597 736 2655 proficiant
758 2599 806 2645 in
839 2599 896 2645 iis
930 2599 1235 2656 potissimum
1271 2601 1538 2648 virtutibus
1572 2617 1699 2659 quae
1732 2616 1839 2648 cum

263 2741 272 2760 ¹
328 2741 432 2778 Vide
452 2730 652 2788 superius,
674 2754 767 2788 pag.
792 2741 871 2788 167,
892 2746 1028 2778 annot.
1049 2740 1084 2779 2.

262 2800 275 2819 ²
325 2800 388 2837 Ex
406 2801 659 2848 autographo
678 2801 718 2837 in
737 2801 874 2838 codice
896 2800 1038 2838 Germ.
1059 2801 1153 2846 142,
1177 2801 1193 2838 1
1222 2801 1305 2848 fol„
1335 2815 1373 2839 n.
1402 2802 1460 2848 34;
1491 2803 1603 2849 prius
1628 2802 1709 2840 528.
1739 2802 1839 2839 Eam

215 2859 338 2896 edidit
373 2860 562 2903 HANSEN‚
598 2860 864 2898 Rheinische
897 2861 1097 2906 Akten...,
1133 2861 1215 2907 305,
1254 2874 1303 2898 ex
1338 2863 1573 2909 apographo
1607 2861 1838 2907 coloniensi,

215 2919 320 2966 quod
338 2919 379 2956 in
397 2920 599 2967 aliquibus
618 2921 715 2957 locis
734 2925 891 2957 textum
909 2925 1142 2968 corruptum
1162 2921 1343 2968 praebet.

263 2979 275 2999 ³
328 2978 372 3015 P.
394 2979 634 3017 Leonardus
653 2979 816 3024 Kessel,
838 2980 1002 3027 collegii
1022 2986 1168 3018 rector.
