1900 3380
561 282 847 320 132.—GENUA
873 284 895 320 7
917 283 1118 330 JANUARII
1149 284 1240 321 1558
1597 285 1663 321 501

87 377 231 422 facile
275 388 348 422 est
392 377 679 423 coniectura
723 378 920 434 assequi
965 388 1201 435 quantum
1246 379 1349 424 eius
1395 379 1622 425 doctrina
1665 388 1713 425 et

87 454 363 499 authoritas
387 454 515 510 apud
540 470 712 499 omnes
736 455 920 500 valeat.

142 530 184 576 6.
250 530 344 576 Die
378 531 639 587 dominico,
677 532 757 587 qui
791 531 881 577 fuit
906 526 1149 589 septimus
1184 533 1362 577 mensis
1396 533 1710 590 Nouembris,

84 607 480 652 adolescentulus
505 608 701 664 quidam
726 609 917 665 nobilis,
941 609 1019 664 qui
1038 609 1128 653 sub
1148 618 1319 655 nostra
1339 609 1592 666 disciplina
1611 610 1712 655 lite-

86 684 151 729 ris
175 699 378 740 operam
404 685 568 738 dabat,
596 685 766 730 habuit
791 686 1090 731 luculentam
1114 686 1392 731 orationem
1425 687 1482 731 de
1502 686 1713 743 republi-

84 776 142 806 ca
167 761 441 806 ordinanda
465 761 527 806 ad
552 761 934 808 illustrissimum
959 763 1134 808 ducem
1169 772 1217 808 et
1251 772 1509 808 senatores
1544 778 1713 809 omnes

84 838 465 896 vniuersamque
490 839 740 885 ciuitatem
766 840 811 885 in
836 840 1019 895 templo
1045 840 1142 885 diui
1167 839 1439 885 Laurentii.
1473 839 1713 885 Carmina

84 915 256 960 deinde
280 931 309 960 a
333 931 488 972 puero
514 931 610 961 non
636 918 826 961 maiore
857 932 1001 973 quam
1036 926 1224 972 septem
1259 932 1501 961 annorum
1537 917 1712 962 decan-

84 1001 187 1037 tata
221 1001 349 1049 sunt,
387 1001 526 1037 tanta
569 993 707 1038 vocis
740 994 1002 1049 suauitate,
1047 1003 1096 1039 et
1134 1003 1397 1039 venustate
1431 1004 1620 1051 gestus,
1662 1003 1714 1039 ut

83 1080 186 1114 tota
225 1069 402 1115 ciuitas
441 1071 726 1124 miraretur,
769 1086 990 1127 praeque
1023 1071 1209 1128 gaudio
1243 1071 1469 1128 gestiret.
1513 1072 1606 1116 Die
1640 1087 1712 1117 se-

83 1147 246 1203 quenti
271 1159 556 1193 nostrorum
582 1149 858 1193 studiorum
894 1149 1196 1194 restauratio
1232 1158 1347 1193 acta
1381 1158 1470 1205 est,
1508 1149 1713 1194 solemni

82 1239 227 1269 sacro
252 1233 471 1282 cantato,
499 1235 546 1270 et
571 1226 797 1270 oratione
822 1226 881 1271 de
906 1226 1132 1270 laudibus
1157 1226 1432 1271 studiorum
1466 1226 1600 1283 prius
1630 1226 1712 1271 ha-

82 1300 182 1346 bita
217 1302 261 1346 in
297 1302 479 1358 templo
513 1302 702 1347 Beatae
738 1303 946 1348 Mariae.
984 1302 1313 1358 preceptores
1347 1303 1520 1348 deinde
1556 1318 1713 1348 nouas

81 1379 311 1435 aggressi
336 1379 588 1432 lectiones,
616 1390 756 1424 tanto
781 1380 942 1424 studio
968 1388 1016 1425 et
1045 1380 1299 1436 diligentia
1334 1380 1378 1425 in
1416 1379 1711 1425 erudiendos

81 1455 345 1511 discipulos
384 1456 687 1512 incumbunt,
725 1466 775 1501 ut
810 1457 855 1501 in
891 1457 983 1501 illis
1023 1457 1142 1502 satis
1181 1472 1428 1513 superque
1468 1466 1712 1513 appareat

81 1540 332 1577 tantorum
356 1532 582 1578 laborum
608 1533 815 1579 fructus.
844 1533 1091 1579 Numerus
1116 1534 1469 1591 discipulorum
1504 1543 1578 1579 est
1608 1533 1710 1591 236,

81 1618 128 1654 et
151 1609 309 1654 maior
333 1609 524 1666 quidem
549 1610 763 1667 futurus,
790 1612 829 1656 si
854 1611 1019 1668 plures
1053 1611 1240 1657 classes
1274 1627 1457 1668 capere
1491 1621 1710 1668 possent.

81 1685 170 1732 His
194 1687 359 1742 itaque
384 1696 435 1732 ut
459 1703 569 1733 cum
594 1688 748 1733 literis
771 1689 1006 1744 pietatem
1032 1689 1353 1746 coniungant,
1386 1689 1589 1745 singulis
1614 1689 1712 1734 die-

81 1764 171 1808 bus
196 1765 393 1809 veneris
417 1771 433 1791 3
461 1766 721 1811 lectionem
746 1767 1004 1811 doctrinae
1029 1766 1259 1823 xpianae.
1287 1767 1594 1812 reuerendus
1628 1783 1708 1812 no-

79 1852 182 1886 ster
206 1840 357 1887 Pater
380 1843 609 1900 perlegit,
638 1843 713 1888 cui
738 1843 887 1888 etiam
913 1853 960 1889 et
983 1844 1064 1889 alii
1099 1844 1340 1889 intersunt
1374 1845 1595 1900 plerique
1629 1845 1709 1889 ho-

81 1919 248 1976 mines;
276 1919 466 1965 decimo
491 1936 684 1977 quoque
709 1921 873 1978 quinto
898 1921 973 1966 die
997 1922 1169 1967 eodem
1188 1922 1298 1967 loco
1317 1922 1530 1967 habetur
1549 1921 1709 1967 oratio

80 1996 143 2042 ab
167 2012 263 2041 vno
288 2012 349 2042 ex
374 1997 622 2054 discipulis
647 2014 735 2043 suo
760 1999 908 2055 ipsius
939 2009 1100 2044 marte
1134 1999 1427 2055 composita,
1466 2008 1516 2044 ut
1550 2008 1707 2044 coete-

81 2089 250 2118 rorum
276 2074 467 2119 animos
491 2075 552 2120 ad
578 2075 624 2120 id
653 2076 810 2132 ipsum
845 2077 1092 2132 agendum
1129 2077 1387 2122 accendat.
1427 2076 1571 2133 Quod
1603 2076 1708 2133 qui-

22 2148 23 2151 ’
80 2151 288 2208 demfit.
317 2151 441 2197 Sunt
465 2153 643 2198 etenim
668 2153 827 2198 laudis
850 2154 1011 2210 cupidi
1035 2154 1067 2199 ὓ.

138 2227 180 2274 7.
246 2228 357 2274 Hoc
381 2245 477 2274 non
501 2230 693 2275 silentio
727 2232 1147 2287 praetereundum
1181 2231 1314 2289 duxi,
1351 2240 1489 2276 tanto
1524 2230 1707 2287 corripi

81 2305 350 2363 plerunque
375 2307 551 2353 timore
576 2308 769 2353 lusores
803 2323 913 2353 cum
949 2308 1162 2365 aliquem
1197 2324 1258 2353 ex
1292 2307 1473 2353 nostris
1508 2323 1705 2364 prospe-

81 2383 257 2439 xerint,
284 2393 337 2429 ut
360 2399 469 2429 sese
493 2384 539 2429 in
563 2385 714 2441 pedes
734 2396 970 2441 quantum
990 2395 1187 2442 queant,
1211 2386 1332 2430 dare
1351 2401 1445 2430 non
1466 2385 1704 2442 dubitent;

79 2459 175 2505 imo
200 2461 380 2517 optime
404 2476 571 2506 secum
595 2461 677 2518 agi
702 2462 997 2519 existiment,
1033 2462 1073 2507 si
1108 2463 1245 2508 locus
1278 2462 1430 2519 fugae
1464 2462 1706 2519 relinqua-

81 2547 177 2582 tur.
215 2537 442 2583 Nonnulli
480 2554 602 2584 vero
637 2539 840 2584 chartas
864 2540 1077 2585 lusorias
1099 2547 1115 2567 ‘³
1145 2551 1462 2595 tesserasque
1486 2540 1707 2585 celantes

81 2630 201 2670 prae
227 2616 542 2671 verecundia,
569 2626 855 2661 nostrorum
880 2616 1093 2662 fratrum
1117 2617 1384 2662 aduentum
1408 2616 1602 2662 facilius
1636 2626 1706 2662 to-

82 2691 255 2737 lerant.
284 2692 458 2738 Edocti
483 2693 690 2750 denique
711 2694 904 2749 quantis
928 2686 1037 2739 sese
1061 2693 1389 2750 implicuerint
1413 2694 1571 2751 malis,
1593 2709 1706 2739 con-

80 2768 382 2827 scientiaque
406 2770 619 2816 conuicti
653 2771 854 2817 chartas
888 2772 935 2817 in
970 2771 1181 2816 medium
1214 2771 1510 2816 lacerandas
1544 2771 1705 2828 profe-

80 2856 208 2904 runt,
233 2845 544 2904 fratrumque
567 2848 819 2893 admonitu
842 2848 1039 2893 domum
1063 2857 1286 2893 nostram
1311 2848 1480 2894 venire
1504 2864 1599 2894 non
1624 2850 1704 2894 du-

83 2921 254 2979 bitant,
282 2924 362 2969 ubi
385 2924 584 2969 sarcina
608 2934 931 2980 peccatorum
966 2925 1031 2981 (et
1055 2939 1151 2969 non
1184 2924 1288 2970 sine
1322 2925 1573 2971 lachrimis
1606 2928 1707 2983 plo—

138 3093 156 3114 ἃ
216 3093 258 3124 vt
272 3088 368 3125 alibi
384 3089 626 3136 scripsimus.
678 3091 743 3116 -40
789 3090 1007 3137 percupidi.
1061 3097 1123 3118 —C
1160 3090 1295 3128 Prius
1312 3091 1452 3138 pictas.
