1909 3328
253 252 321 287 (ΜΝ
717 250 790 285 Lis
799 261 870 285 iffi<
880 261 900 284 A
911 260 933 284 ις
960 242 1313 293 QUADmMESTREs

210 347 336 391 male
361 347 523 401 habet,
551 354 867 401 aegrotatue‚
895 345 1063 390 statim
1088 345 1222 390 illum
1246 356 1446 390 monent
1470 356 1522 392 vt
1547 347 1723 392 Patres
1748 348 1832 393 ad-

208 432 351 467 vocet
376 422 464 475 (sic
489 422 614 466 enim
649 436 738 465 nos
772 422 990 477 uocant).
1018 421 1069 466 In
1097 422 1387 477 quibusdam
1411 423 1627 468 castellis
1650 423 1829 469 instan-

206 510 282 543 ter
313 499 530 554 poscitur
565 499 827 555 collegium
864 498 1060 554 aliquod
1096 508 1297 544 nostrae
1331 498 1613 555 Societatis,
1641 511 1690 546 et
1723 501 1831 546 Deo

208 576 414 620 ductore
439 575 661 631 praeuio,
688 575 831 620 citius
855 575 1122 631 augebitur
1156 577 1201 620 in
1235 576 1308 621 his
1345 577 1631 634 regionibus
1655 578 1831 635 religio

205 664 390 697 nostra.
417 651 590 697 Solent
614 652 904 708 quibusdam
929 652 1100 698 diebus
1131 653 1176 698 in
1212 653 1518 699 hebdomade
1553 660 1570 680 ἃ
1605 655 1832 700 detentos

204 730 249 774 in
275 744 481 774 carcere
506 729 730 773 exortari
766 738 814 774 et
846 728 1086 779 confiteri,
1114 746 1211 786 qua
1234 729 1280 775 in
1305 745 1359 774 re
1383 739 1549 775 tantus
1572 740 1647 776 est
1670 732 1831 787 profe-

205 816 328 862 ctus,
356 816 409 851 vt
433 806 582 863 aliqui
607 806 686 862 qui
711 806 759 850 vi
783 816 831 851 et
855 806 1038 852 inuidia
1062 806 1187 852 alios
1211 807 1564 852 incusauerant
1588 817 1634 853 et
1669 810 1830 854 detru-

203 894 374 930 serant
408 885 454 929 in
489 900 764 941 carcerem,
790 884 1068 940 penitencia
1103 885 1300 930 adducti
1323 887 1387 930 ab
1411 886 1504 930 illis
1530 886 1724 930 veniam
1751 902 1831 931 ex-

203 970 465 1018 poscentes
485 961 770 1006 extrudant.
799 960 924 1006 Cum
950 961 1122 1017 aliquis
1147 962 1519 1018 suspendendus
1538 973 1628 1018 est,
1652 978 1831 1008 vocan-

203 1048 285 1085 tur
320 1038 514 1091 Patres,
551 1038 650 1094 vbi,
688 1037 795 1083 R.de
834 1038 1000 1092 Pater,
1040 1054 1348 1095 magnopere
1382 1040 1691 1097 subuenitur,
1718 1056 1833 1085 nam

203 1115 353 1172 aliqui
378 1115 707 1171 suspendendi
732 1114 800 1160 ita
823 1124 935 1160 sunt
960 1116 1089 1160 male
1114 1115 1283 1161 affecti
1309 1116 1620 1172 perierantes
1650 1126 1698 1161 et
1721 1132 1832 1162 exe-

203 1202 404 1238 crantes
427 1192 607 1246 Deum,
630 1202 681 1237 at
703 1201 754 1236 vt
777 1192 884 1237 illos
909 1192 1227 1248 alloquuntur
1246 1193 1420 1249 nostri,
1441 1194 1763 1249 reuiuiscunt‚
1786 1203 1834 1239 et

207 1270 254 1315 in
277 1269 441 1314 Deum
464 1269 637 1314 flentes
661 1278 1037 1314 conuertuntur.

293 1347 577 1392 Asuescunt
607 1346 794 1391 fratres
818 1347 928 1392 hinc
955 1347 1148 1403 longius
1178 1347 1423 1404 proficisci
1448 1347 1466 1375 b
1497 1347 1558 1393 ad
1594 1348 1831 1393 articulos

205 1423 315 1469 fidei
360 1423 697 1480 explicandos,
739 1440 801 1468 ex
842 1439 937 1480 qua
984 1439 1036 1468 re
1080 1423 1132 1469 fit
1175 1440 1387 1481 magnus
1422 1435 1693 1481 prouentus
1732 1425 1831 1470 ani—

211 1516 424 1546 marum.

262 1577 304 1622 6.
375 1577 701 1622 Escholastici
726 1577 771 1622 in
797 1578 1023 1622 omnibus
1046 1579 1289 1624 classibus
1313 1588 1610 1636 componunt
1634 1595 1691 1625 ac
1727 1579 1833 1624 lati-

203 1670 317 1700 num
352 1656 533 1711 stylum
573 1655 793 1700 indefese
824 1666 1078 1711 exercent,
1111 1657 1408 1712 praesertim
1431 1657 1477 1702 in
1501 1656 1574 1703 3?
1598 1658 1759 1702 classe
1783 1657 1833 1701 li-

203 1742 326 1790 gata
360 1742 507 1789 atque
541 1733 703 1778 soluta
737 1733 963 1778 oratione
998 1733 1310 1778 excoluntur.
1349 1733 1654 1779 Comoediae
1684 1743 1834 1790 atque

203 1809 464 1867 tragediae
489 1810 645 1854 solent
681 1826 709 1854 a
744 1810 926 1854 nostris
959 1810 1206 1867 componi,
1243 1819 1392 1866 atque
1426 1812 1489 1856 ab
1524 1810 1834 1855 scholasticis

203 1887 303 1944 agi,
341 1901 468 1943 quae
503 1901 809 1942 magnopere
844 1886 1041 1942 placent
1076 1888 1271 1943 populo.
1304 1887 1391 1932 His
1422 1887 1591 1932 diebus
1615 1887 1661 1932 in
1686 1887 1833 1932 comi-

202 1965 263 2010 tis
288 1966 298 1989 ¹
326 1974 376 2010 et
399 1964 616 2021 episcopi
641 1973 913 2020 conspectu
936 1973 1082 2008 actae
1106 1963 1306 2009 fuerunt
1329 1964 1473 2020 duae,
1500 1979 1627 2020 quae
1650 1963 1743 2009 illis
1766 1964 1833 2009 ni—

203 2041 381 2086 mirum
406 2039 743 2097 periucundae
767 2049 814 2085 et
833 2040 1034 2085 nimium
1053 2040 1288 2086 laudatae
1308 2041 1594 2086 extiterunt.
1617 2040 1834 2098 Singulis

203 2117 451 2163 mensibus
485 2104 670 2173 magno
704 2117 919 2162 omnium
955 2118 1197 2173 applausu
1222 2118 1468 2163 habentur
1492 2118 1834 2163 conclusiones

204 2194 414 2252 publice,
441 2210 536 2251 quo
561 2193 812 2240 confluunt
837 2193 996 2238 exteri
1020 2194 1248 2250 magistri
1280 2203 1329 2239 et
1361 2194 1621 2249 dialectici,
1659 2194 1835 2250 quibus

202 2271 672 2328 argumentantibus
710 2270 865 2315 nostri
905 2270 972 2314 ita
1011 2270 1340 2327 satisfaciunt,
1376 2281 1429 2315 vt
1468 2270 1566 2316 iam
1605 2270 1834 2316 audiendi

203 2349 365 2407 potius
385 2364 534 2405 quam
559 2347 944 2405 argumentandi
968 2362 1123 2392 causa
1148 2348 1462 2393 conueniant.
1489 2347 1542 2392 In
1561 2348 1834 2393 conclusio-

201 2427 344 2472 nibus
368 2426 616 2483 theologis
640 2425 767 2471 solet
789 2424 894 2470 fieri
919 2440 1194 2470 concursus
1217 2424 1336 2470 iuris
1359 2425 1647 2482 peritorum,
1670 2434 1718 2471 et
1734 2441 1834 2471 mo·
1890 2427 1894 2432 '

202 2503 347 2549 nachi
369 2502 676 2548 franciscani
700 2511 874 2559 sponte
904 2501 1217 2558 conueniunt,
1255 2501 1432 2559 quibus
1468 2501 1619 2547 etiam
1657 2501 1834 2548 satisfit

204 2579 418 2637 omnino,
454 2580 523 2625 ita
558 2591 611 2624 vt
644 2578 925 2636 praesidem
958 2578 1218 2623 laudantes
1252 2578 1524 2624 discedant.
1560 2577 1836 2635 Episcopus

202 2657 279 2702 hic
313 2657 558 2703 auriensis
591 2657 813 2702 interfuit
848 2655 1140 2713 quibusdam
1171 2656 1582 2712 conclusionibus,
1617 2656 1834 2713 quicum
1890 2690 1893 2694 »

250 2878 267 2898 a
319 2871 554 2907 aedomade.
609 2870 674 2897 —b
711 2868 909 2916 profiscici
929 2879 1010 2905 ms.

253 3064 261 3082 ¹
315 3062 552 3109 Alphonsus
567 3062 615 3099 de
635 3061 831 3098 Acebedo
850 3066 890 3098 et
909 3060 1067 3107 Zufiiga
1087 3059 1342 3107 (Alphonsus
1359 3059 1409 3096 de
1428 3059 1639 3104 Fonseca).
