1925 3509
513 290 806 330 lO.——NEA1³01„1
836 292 858 329 2
881 290 1085 339 JANUAnn
1120 291 1206 328 1337
1578 292 1622 327 44)

104 389 145 435 6.
213 387 305 435 Die
324 388 385 433 D.
409 387 646 445 Stephani
666 388 1083 446 prothomartyris
1102 386 1475 444 euangelizandi
1496 402 1669 431 munus

46 483 186 513 suum
211 475 285 512 est
308 466 610 522 auspicatus,
638 482 751 511 nam
775 465 836 511 ad
868 480 1133 522 proregem
1160 466 1170 488 ¹
1202 474 1250 510 et
1284 465 1388 510 eius
1422 479 1630 508 uxorem
1655 465 1668 487 ²

47 545 91 589 in
117 544 286 589 edibus
315 542 467 599 regiis
501 542 824 588 concionatus
858 551 932 587 est
966 542 1134 598 lingua
1168 541 1437 597 hispanica,
1472 540 1551 585 ubi
1587 539 1668 583 mi-

46 637 155 667 rum
189 620 470 665 auditorum
506 619 722 665 omnium
755 618 969 664 studium
1003 618 1049 663 in
1083 634 1194 664 eum
1232 626 1543 674 perspectum
1578 626 1667 671 est,

45 713 252 756 quorum
281 697 371 743 fuit
401 697 728 753 amplissimus
762 711 1042 742 concessus.
1080 695 1185 741 Nec
1219 704 1293 741 est
1327 695 1455 752 quod
1484 694 1543 739 de
1567 693 1671 739 eius

45 777 178 822 fama
202 790 295 831 que
320 775 363 820 in
389 775 460 820 his
485 775 605 819 locis
629 774 780 831 uiget,
808 773 990 830 aliquid
1013 773 1246 829 scribam,
1274 788 1385 817 cum
1409 770 1670 817 Salmeron

44 853 181 911 quasi
216 853 343 898 alter
377 850 613 897 Salomon
648 867 677 897 a
701 850 899 907 mult[isl
927 854 947 871 a
970 850 1349 907 cognominetur
1373 864 1433 894 ac
1456 850 1667 894 colatur.

42 930 171 976 Idem
195 929 323 975 festo
348 928 766 985 Circumcisionis,
793 927 872 985 qui
897 928 1003 973 heri
1027 944 1056 973 a
1079 927 1220 973 nobis
1243 927 1479 984 precipuo
1510 925 1670 971 studio

43 1017 117 1054 θεῖ
149 1008 447 1063 celebratus,
484 1007 696 1051 alteram
729 1005 898 1051 habuit
931 1005 1236 1061 concionem,
1274 1004 1352 1050 cui
1387 1003 1478 1048 uiri
1502 1002 1669 1059 magni

43 1084 249 1130 nominis
273 1099 333 1130 ac
356 1082 654 1141 matrona[e]
678 1082 1029 1140 nobilissimae,
1056 1098 1153 1127 una
1186 1097 1298 1127 curn
1331 1080 1474 1125 Rmo.
1513 1080 1669 1126 cardi-

42 1163 153 1209 nale
177 1162 236 1208 de
256 1161 431 1208 Cueua
451 1171 499 1208 et
518 1170 732 1219 quatuor
756 1160 998 1218 episcopis
1022 1160 1371 1213 interfuerunt,
1399 1174 1509 1204 cum
1535 1158 1671 1214 prius

44 1255 73 1285 a
97 1255 174 1285 me
208 1254 406 1285 sacrum
440 1239 714 1295 audissent,
752 1238 881 1294 quod
915 1237 1124 1294 primum
1161 1235 1527 1293 indignissimus
1560 1234 1670 1280 Deo

43 1317 363 1374 omnipotenti
388 1316 557 1373 optuli.
583 1315 629 1361 Is
653 1315 778 1361 faxit
803 1315 882 1372 qui
906 1330 982 1361 me
1017 1314 1192 1360 eodem
1227 1314 1303 1359 die
1337 1322 1385 1359 et
1419 1312 1671 1369 religionis

43 1395 182 1441 suaui
204 1393 326 1451 jugo
347 1403 496 1439 antea
515 1392 744 1450 subdidit,
767 1402 814 1438 et
834 1408 962 1438 nunc
981 1390 1142 1449 tan[ti]
1163 1390 1380 1437 muneris
1398 1389 1669 1435 ministerio

42 1471 284 1529 apposuit,
311 1480 365 1517 ut
394 1471 647 1528 geminato
671 1468 901 1516 benefitio
926 1468 1260 1526 dupplicatam
1295 1483 1489 1524 quoque
1523 1482 1669 1523 expe-

43 1550 142 1596 diat
176 1549 409 1607 gratiam,
446 1564 544 1605 qua
568 1549 614 1593 in
638 1557 849 1604 utroque
874 1556 922 1593 et
945 1547 1096 1604 ipsius
1119 1561 1363 1592 summam
1386 1545 1598 1602 gloriam
1623 1553 1671 1590 et

42 1628 103 1674 ad
136 1643 297 1674 meam
330 1627 637 1683 aliorumque
669 1626 880 1672 salutem
914 1624 1143 1671 continue
1183 1639 1260 1669 me
1300 1638 1492 1680 geram.
1534 1622 1669 1668 Idem

41 1705 281 1750 Dominus
305 1713 476 1750 noster
498 1703 851 1749 Reverendam
874 1702 1234 1748 Paternitatem
1258 1710 1395 1747 tuam
1418 1700 1499 1745 diu
1529 1699 1671 1745 nobis

43 1790 304 1828 conseruet
337 1796 397 1827 ac
425 1789 642 1834 tueatur,
675 1779 814 1826 cuius
837 1779 1162 1826 sanctissimis
1186 1777 1494 1824 orationibus
1518 1775 1669 1821 humi-

42 1859 150 1904 liter
166 1871 247 1904 ‘me
271 1858 578 1904 commendo.
605 1856 815 1914 Neapoli
840 1865 1019 1913 quarto
1043 1871 1200 1901 nonas
1223 1853 1452 1913 Januarii
1480 1853 1606 1899 1557.

128 1936 187 1982 T.
213 1936 274 1982 R.
302 1935 356 1982 P.
383 1951 561 1982 seruus
585 1935 830 1992 indignus,

917 2030 1112 2090 JosEPH
1144 2029 1423 2075 FABRITIUS
1456 2028 1487 2073 3.

127 2145 288 2191 Deest
309 2146 592 2203 inscriptio.

88 2311 108 2331 a
156 2312 317 2350 Attrita
336 2313 490 2350 charta
508 2313 579 2350 Izic
597 2316 636 2350 et
653 2312 787 2359 infra.

92 2469 102 2488 ¹
152 2468 432 2505 Ferdinandus
449 2468 633 2505 Alvarez
651 2468 701 2505 de
719 2468 887 2513 Toledo,
908 2468 988 2504 dux
1008 2467 1211 2506 Albanus.

91 2527 103 2547 ²
152 2527 285 2565 Maria
303 2527 520 2575 Enriquez.
542 2527 775 2571 POLANCUS,
798 2528 871 2565 loc.
894 2528 974 2574 cit„
999 2528 1077 2566 150.

20 2589 23 2591 ’
89 2588 102 2607 ³
151 2587 257 2625 Huic
275 2588 492 2625 convenire
514 2588 713 2632 videntur,
734 2600 837 2635 quae
857 2588 1119 2625 inveniuntur
1138 2589 1177 2624 in
1208 2588 1342 2633 Epist.
1375 2586 1424 2623 P.
1456 2585 1668 2623 Salmero-

46 2648 127 2691 nis,
147 2648 221 2685 loc.
242 2648 323 2691 cit,
343 2647 426 2686 302.
451 2648 560 2685 Vide
579 2648 703 2686 etiam
721 2648 967 2691 POLANCUM,
989 2649 1063 2685 loc.
1088 2649 1168 2690 cit..
1189 2648 1271 2684 244.

189 3175 354 3207 LiTTERAE
377 3176 673 3212 ΟυΑῡκιΜΕετκι-ῑε.
694 3178 784 3207 ΤοΜ.
806 3178 842 3207 V.
911 3172 915 3176 ⁴
1546 3180 1563 3207 4
