1910 3380
476 226 839 263 (39.—V1N130130NA
870 226 910 262 17
938 226 1113 262 APRILIS
1145 227 1233 262 1337
1556 227 1616 262 iol

44 324 382 370 contendimus
407 337 492 367 eos
518 322 561 366 in
588 322 799 380 Domino
825 321 1089 374 consolari,
1119 330 1170 365 ut
1195 321 1310 365 forti
1335 321 1497 365 animo
1524 322 1667 366 hosti<

45 403 133 447 bus
153 399 436 445 domesticis
459 414 570 444 sese
595 407 863 455 opponant.

102 478 142 524 2.
210 478 456 523 Numerus
481 477 831 533 discipulorum
858 486 931 521 est
953 476 1041 521 370
1065 477 1171 532 plus
1196 476 1369 533 minus
1399 491 1542 531 quem
1563 477 1669 520 brc-

45 557 89 601 ui
114 555 261 600 etiam
288 564 486 599 auctum
513 553 568 598 iri
593 568 868 610 speramus;
897 553 998 598 2‘2120
1019 554 1124 598 iam
1145 554 1195 597 in
1221 557 1424 597 [aalma
1449 554 1610 597 creuit
1638 560 1670 603 ³¹,

44 642 110 686 ut,
148 631 355 676 uelimus
389 631 613 680 nolimus.
651 646 831 675 nouam
867 628 1134 674 aedificare
1164 630 1383 674 scholam
1408 624 1671 686 cogamur,

43 709 273 766 adquam
306 708 479 753 melius
513 707 840 752 extruendam
877 707 1047 762 Praga
1084 706 1335 751 Viennam
1372 707 1509 752 nobis
1546 707 1673 752 misit

43 785 382 831 serenissimus
408 801 498 830 rex
524 800 844 829 romanorum
873 786 883 809 ¹
907 784 1104 840 aliquod
1126 785 1364 840 pecuniae
1385 785 1669 829 subsilirnn.

42 862 242 909 Plurimi
267 879 329 907 ex
352 862 602 919 discipulis
626 861 848 907 fatentur
872 877 923 906 se
956 877 1197 917 nusquam
1231 871 1422 907 tantum
1458 877 1548 906 sua
1575 862 1675 907 lite-

44 956 210 986 rarum
236 940 398 985 studia
423 941 494 995 (ut
518 939 713 985 interim
739 939 936 995 pictatis
961 939 1177 995 taceam)
1205 955 1294 995 pro
1330 939 1522 984 ratione
1557 948 1673 984 tem-

43 1018 173 1076 poris
199 1017 523 1074 promouisse,
551 1026 787 1073 quantum
815 1016 946 1073 apud
972 1032 1076 1061 nos.

98 1096 139 1141 3.
207 1095 259 1140 In
284 1094 597 1140 confessione
621 1110 823 1140 suornm
849 1103 1173 1150 peccatorum
1199 1094 1279 1150 (ex
1300 1110 1395 1151 qua
1416 1094 1672 1139 uberiores

44 1174 232 1220 fructus
275 1172 565 1229 cernimus),
614 1172 727 1218 item
773 1172 819 1217 in
870 1171 1167 1229 quotidianis
1211 1171 1369 1216 sacris
1420 1170 1676 1216 audiendis

43 1251 372 1309 promptiores
397 1250 838 1306 diligentioresque
863 1265 948 1294 eos
972 1250 1017 1294 in
1043 1249 1145 1295 dies
1176 1249 1477 1305 experimur.
1505 1248 1557 1293 In
1583 1248 1675 1294 fide

44 1327 285 1374 catholica
309 1327 517 1373 libenter
541 1327 681 1372 nobis
706 1342 893 1371 morem
918 1335 1116 1383 gerunt,
1144 1341 1353 1382 eamque
1373 1326 1604 1382 priuatim
1626 1335 1674 1370 ct

43 1407 247 1463 publice,
296 1405 374 1462 qui
415 1414 525 1450 sunt
563 1414 731 1450 aetate
772 1404 1130 1461 prouectioreS,
1179 1414 1462 1460 propagant
1504 1407 1669 1459 profe-

41 1488 271 1542 gmthue
292 1483 326 1529 b.

100 1563 141 1607 4.
207 1561 297 1606 His
321 1562 544 1618 proxime
569 1561 750 1618 elapsis
774 1560 945 1606 diebus
972 1575 1171 1606 sacram
1196 1559 1525 1615 comoediam,
1549 1575 1675 1615 quae

45 1639 323 1686 inscribitur
350 1639 580 1696 EcastuS‚
609 1639 680 1684 bis
716 1639 762 1683 in
796 1638 1058 1695 proscenio
1093 1638 1442 1694 exhibuerunt,
1480 1653 1542 1682 ex
1577 1652 1674 1694 qua

45 1717 302 1773 plurimum
327 1716 486 1762 laudis
509 1715 599 1761 sibi
625 1726 673 1761 et
697 1716 904 1761 multum
925 1715 1145 1761 laetitiae
1165 1715 1455 1772 parentibus
1475 1729 1674 1771 pepere-

46 1810 114 1852 re,
140 1795 276 1852 qnod
297 1809 397 1840 mm
422 1802 436 1821 ⁰
458 1810 632 1851 parum
653 1794 851 1850 pietatis
870 1803 917 1839 et
942 1793 1303 1839 aedificationis
1326 1793 1369 1837 in
1391 1792 1674 1838 auditorum

45 1871 216 1916 animis
240 1872 563 1928 reliquerunt,
591 1871 681 1929 qni
705 1885 814 1916 rem
837 1875 1040 1916 tantam
1062 1870 1264 1915 subiere
1288 1884 1505 1927 eamque
1524 1874 1675 1925 prae-

45 1949 179 1995 clare
196 1954 481 2006 potnerunt
513 1954 756 1995 tractare.
794 1949 962 1994 Prima
997 1948 1193 1994 actione
1228 1956 1539 2005 spectatores
1574 1946 1674 1992 fue-

47 2036 158 2073 runt
181 2027 246 2084 (ni
270 2027 411 2073 fallat
435 2043 512 2072 me
537 2027 787 2082 iudicium)
812 2026 884 2071 bis
909 2026 1039 2071 mille
1062 2025 1281 2083 circiter3
1315 2025 1401 2070 sed
1435 2034 1483 2070 et
1517 2040 1675 2081 aeque

46 2105 177 2150 r'nulti
200 2105 247 2150 in
271 2105 505 2163 secunda,
543 2114 594 2150 ut
627 2105 837 2151 uidimus
870 2103 906 2161 d,
943 2105 982 2149 si
1017 2104 1208 2150 coelum
1242 2103 1383 2149 nobis
1414 2102 1547 2148 aeris
1581 2102 1672 2147 cle-

48 2182 274 2227 mentiam
302 2182 659 2239 promississet
691 2190 726 2235 ³3
765 2181 993 2239 permulti
1028 2181 1156 2226 enim
1199 2180 1359 2227 coacti
1399 2195 1671 2225 recessere.

48 2257 443 2316 Composuerunt
466 2270 583 2305 tunc
607 2259 843 2317 temporis
867 2259 1042 2314 nostri,
1070 2267 1173 2304 tum
1198 2258 1435 2315 carmine,
1463 2267 1564 2302 tum
1600 2272 1674 2301 so-

0 2343 1 2358 *
47 2336 146 2382 luta
169 2337 412 2393 oratione,
439 2351 715 2382 sczcmrmn
736 2337 1070 2394 fabularum,
1103 2335 1396 2381 stndiormn
1433 2336 1581 2380 iuxta
1616 2347 1675 2378 ac

43 2414 252 2470 pietatis
289 2415 487 2460 landes.
524 2415 633 2460 Non
657 2413 965 2460 fdubitamus
1000 2413 1114 2470 quin
1153 2414 1282 2459 [mec
1318 2412 1502 2457 fuerint
1538 2410 1675 2456 bonis

49 2491 165 2536 uiris
187 2507 401 2549 magnae
424 2492 776 2538 aedificationi.

103 2568 145 2614 5.
210 2569 573 2627 Praeceptores
597 2585 768 2615 omnes
787 2569 886 2615 suis
906 2569 1081 2615 officiis
1100 2569 1361 2626 diligenter
1380 2567 1672 2623 funguntur,

48 2656 317 2703 curantque
355 2647 593 2704 imprimis
631 2657 684 2692 ut
722 2647 945 2704 discipuli
985 2647 1148 2704 potius
1187 2645 1471 2691 incumbant
1506 2644 1674 2700 pietati

93 2826 111 2847 a
176 2822 288 2859 adeo.
349 2822 407 2849 -b
458 2828 797 2869 propugnantque
851 2830 910 2848 -c
956 2835 1042 2859 nec.
1096 2822 1160 2848 -d
1215 2825 1257 2857 ut
1284 2821 1458 2857 uidimus
1486 2819 1670 2857 fuissent.

50 2886 111 2908 —e
144 2882 407 2928 praebuisset.
463 2882 518 2909 —f
564 2884 704 2929 multa,
725 2896 829 2930 quae
851 2896 943 2919 non.

97 3044 106 3063 ¹
157 3044 190 3080 F
193 3045 437 3083 erdinandus
456 3046 487 3084 I.

153 3127 317 3157 LITTERAE
337 3128 633 3163 QUADRIMESTRES.
656 3130 734 3157 ΤΟΜ
769 3129 805 3158 V.
1542 3129 1568 3157 11
