1900 3380
517 253 593 290 175.
630 253 948 291 -VALLISOLETO
974 256 996 291 3
1019 255 1129 301 Jrsxn
1162 255 1251 292 1538
1586 257 1654 292 707

65 349 135 395 sol
179 349 281 393 suis
325 349 699 406 fulgentissimis
747 350 896 395 radiis
940 351 1291 407 splendescere
1337 352 1479 397 solet.
1524 351 1702 398 Obiter

62 427 211 472 etiam
235 425 649 482 significationem
684 427 815 473 dedit
840 444 1017 474 cesura
1043 444 1100 473 ne
1126 428 1202 485 sit,
1231 429 1447 474 maximo
1486 429 1566 474 illo
1605 429 1697 475 Ec-

65 504 247 550 clesiae
292 504 417 549 hosti
465 514 693 561 venturo,
738 504 816 562 qui
856 505 901 550 in
948 522 1137 551 morem
1182 507 1451 552 saeuientis
1497 507 1611 564 lupi,
1657 508 1702 552 in

65 580 248 627 Christi
274 596 486 638 gregem
512 581 685 639 irruet,
714 582 995 628 mitissimas
1021 599 1141 629 oues
1166 584 1510 631 dilaniaturus.
1539 584 1699 642 Spero

64 657 189 714 fore,
219 667 270 703 ut
305 658 349 702 in
390 667 643 715 posterum
685 659 843 704 omnis
882 660 1113 717 iniquitas
1149 662 1348 707 ocludat
1389 678 1444 707 os
1483 678 1623 708 suum
1667 665 1697 708 ¹.

65 735 378 792 Tantumque
412 736 553 781 abest
587 735 816 782 Societas
851 753 947 782 non
984 739 1047 783 ab
1082 738 1276 783 haeresi
1312 740 1490 795 solum,
1518 740 1605 785 sed
1638 741 1702 785 ab

65 812 193 857 omni
229 813 378 858 etiam
413 813 668 858 haeresios
703 814 997 870 suspicione,
1027 824 1079 860 ut
1114 831 1351 861 censores
1387 817 1475 873 ipsi
1507 825 1702 862 nostro-

65 906 172 935 rum
199 889 403 935 consilio
429 900 474 935 et
499 905 668 947 opera,
696 891 943 936 accersito
971 892 1257 949 frequenter
1282 893 1343 938 ad
1369 909 1422 939 se
1449 895 1703 950 praeposi-

65 978 115 1013 to
152 977 322 1013 nostro
357 968 388 1021 2,
428 977 633 1013 vtantur
667 968 729 1013 ad
770 984 830 1013 ea
869 984 996 1025 quae
1031 970 1093 1014 ad
1129 970 1349 1026 ipsorum
1387 987 1563 1016 munus
1599 987 1704 1028 spe-

65 1054 202 1091 ctant
231 1051 247 1071 ³
270 1045 552 1101 tractanda,
591 1045 720 1102 quod
755 1062 849 1091 non
887 1047 1149 1103 uulgarem
1186 1046 1429 1094 Societati
1470 1049 1702 1105 gloriam,

66 1139 213 1180 quam
238 1123 343 1179 ipsa
368 1138 464 1168 non
490 1124 700 1179 quaerit,
729 1125 1027 1169 accumulat.

123 1202 166 1246 8.
233 1200 337 1245 Iam
364 1216 502 1257 vero,
530 1216 676 1257 quam
713 1201 893 1247 uberes
927 1200 1122 1247 fructus
1157 1200 1386 1248 Societas
1419 1204 1584 1249 diuina
1610 1219 1703 1261 ope

16 1320 19 1328 ‚
65 1294 126 1323 ex
151 1278 291 1323 curia
317 1278 561 1334 retulerit,
583 1294 678 1323 non
704 1288 821 1335 puto
847 1295 925 1324 me
949 1279 1102 1325 literis
1126 1280 1269 1336 plene
1295 1292 1701 1339 consequturum.

70 1354 286 1401 Primum
322 1356 368 1401 in
404 1356 520 1401 aula
556 1357 714 1414 regia,
756 1357 837 1402 ubi
873 1357 1099 1403 citharae
1134 1367 1182 1403 et
1219 1358 1359 1415 lyrae
1394 1375 1705 1416 concrepare

65 1434 240 1490 solent,
287 1433 500 1490 suspiria
545 1443 592 1479 et
636 1434 850 1491 gemitus
893 1435 1246 1491 exaudiuntur,
1289 1436 1434 1494 inque
1480 1437 1608 1482 risus
1653 1447 1701 1482 et

66 1511 290 1555 iocorum
325 1511 486 1556 locum
518 1512 808 1566 lachrymae
832 1528 1139 1558 successere:
1166 1513 1283 1559 nihil
1307 1515 1469 1571 aulae,
1496 1524 1701 1571 praeter

68 1604 267 1644 nomen,
294 1589 459 1634 habet:
488 1605 602 1635 nam
634 1599 855 1647 caetera,
884 1591 1174 1636 monasterii
1209 1592 1465 1637 cuiusdam
1501 1593 1703 1638 dixeris:

67 1666 195 1711 adeo
221 1666 510 1725 frequentes
543 1667 814 1724 primariae
849 1668 961 1714 illae
996 1668 1261 1727 foeminae,
1296 1670 1503 1727 reginae
1528 1671 1543 1695 3
1575 1686 1706 1716 asse-

67 1744 190 1797 clae,
229 1753 343 1790 sunt
377 1745 423 1789 in
458 1745 596 1791 libris
631 1745 720 1802 piis
755 1746 994 1803 legendiS,
1033 1747 1357 1804 orationibus,
1385 1747 1705 1793 confessioni-

23 1862 26 1864 ,
69 1823 173 1867 bus:
197 1822 268 1868 sic
291 1822 442 1868 etiam
466 1822 756 1880 frequenter
779 1824 841 1869 ad
866 1824 1202 1870 eucharistiae
1227 1835 1598 1871 sacramentum
1624 1841 1703 1871 ac—

71 1899 268 1945 cedunt.
311 1899 666 1958 Quadraginta
704 1900 954 1946 foeminae
993 1910 1079 1947 aut
1119 1918 1178 1947 eo
1218 1903 1429 1959 amplius
1468 1918 1530 1948 ex
1570 1903 1701 1959 aula,

67 1977 223 2032 pridie
248 1977 352 2023 eius
377 1978 486 2034 diei,
515 1994 610 2035 quo
636 1977 866 2025 Christus
891 1980 1060 2025 coelos
1085 1981 1390 2037 conscendit,
1413 1981 1707 2036 quibusdam

70 2053 306 2100 Patribus
349 2070 412 2100 ex
457 2056 637 2101 nostris
682 2056 943 2103 confessae
988 2066 1117 2114 sunt,
1167 2069 1216 2103 ut
1262 2067 1464 2103 caetera
1512 2058 1708 2103 interim

73 2132 319 2179 omittam.

126 2209 168 2255 9.
237 2209 474 2268 ComiteS,
503 2211 671 2270 duces,
700 2212 1033 2271 marchiones,
1061 2213 1418 2270 Hispaniarum
1449 2228 1704 2270 proceres,

69 2287 149 2344 qui
173 2288 365 2334 curiam
400 2298 655 2347 sequntur,
684 2289 750 2334 illi
775 2290 993 2346 insuper,
1020 2290 1197 2347 quibus
1223 2306 1252 2335 a
1276 2290 1540 2335 maiestate
1566 2290 1709 2347 regia

69 2365 385 2411 commissum
420 2375 494 2412 est
527 2366 670 2424 regni
703 2367 1044 2424 moderamen,
1072 2368 1206 2413 dictu
1231 2368 1409 2413 mirum
1444 2383 1590 2424 quam
1615 2367 1709 2413 sint

70 2457 196 2499 erga
221 2440 527 2489 Societatem
550 2444 794 2489 beneuolo
820 2444 1004 2501 animO‚
1032 2454 1081 2491 et
1105 2461 1230 2502 erga
1254 2444 1416 2490 Deum
1442 2444 1540 2501 pio:
1563 2461 1708 2501 expe-

71 2519 281 2565 rimento
316 2521 650 2577 comperimus
687 2537 809 2567 vero
844 2537 1118 2567 consonum
1154 2537 1262 2567 esse
1297 2521 1429 2566 illud:
1457 2521 1614 2578 Regis
1647 2521 1709 2567 ad

118 2732 136 2752 a
179 2730 398 2773 expectant
418 2736 501 2763 ms.

124 2903 134 2922 1
187 2902 251 2941 Cf.
272 2903 339 2940 ΡΞ.
362 2902 476 2949 cvi,
496 2902 556 2940 42.

118 2963 131 2982 ‘²
181 2962 226 3000 P.
249 2962 565 3010 Christophorus
583 2964 832 3011 Rodriguez,
855 2970 898 3002 ut
917 2964 1063 3001 dicitur
1081 2963 1270 3001 inferius.

118 3022 130 3042 ³
181 3022 421 3069 Hispaniam
440 3028 536 3061 tunc
554 3024 811 3070 gubernabat
831 3037 902 3072 pro
916 3024 1104 3071 Philippo
1118 3023 1168 3066 II,
1186 3025 1274 3072 ejus
1290 3037 1403 3061 soror
1413 3024 1587 3071 Joanna,
1605 3037 1710 3071 quae

17 3094 21 3097 ·
72 3079 206 3118 fuerat
224 3094 325 3119 uxor
343 3082 535 3130 principis
554 3082 854 3130 Portugalliae.
