1910 3380
539 313 841 351 58.—C0L0N1A
867 313 913 349 25
940 314 1050 361 MAJi
1081 315 1169 350 1537
1557 316 1621 353 231

114 410 234 455 cz'pm'
250 409 514 445 colonienses
533 412 700 445 nostros
718 409 879 445 honore
897 408 1113 454 afficiunt.
1168 409 1295 444 10-12.
1334 410 1672 456 Colmzz'astclelz's

110 474 282 513 semper
298 468 405 510 fidei
422 469 677 505 catholicae:
694 471 942 505 nostratum
976 470 1119 514 aliqui
1137 469 1341 514 fautores
1361 471 1669 507 landmztnr.---

114 529 302 564 Patriam
322 527 588 573 (tc—fmztl‘mn
608 529 777 571 collegii
796 537 1007 564 numerus
1027 532 1066 564 et
1083 530 1235 573 pietas.

102 612 139 656 1.
165 615 190 663 ·'s
215 610 337 656 [HS.
367 612 473 656 Pax
509 610 709 668 Christi,
747 620 840 657 ete.
874 611 942 656 Vt
967 620 1172 657 sanctae
1197 612 1506 657 obedientiae
1538 629 1669 658 man-

21 688 154 732 -data
187 703 425 743 exequar,
455 688 578 732 Rde.
606 688 651 732 in
678 687 879 733 Christo
911 688 1076 742 Pater,
1105 689 1414 744 perscribam
1450 690 1671 735 breuiter

38 779 113 819 ea,
142 780 268 820 quae
304 774 518 821 quatuor
553 765 791 820 proximis
826 765 1075 810 mensibus
1100 766 1266 811 diuina
1291 766 1484 811 bonitas
1510 767 1555 811 in
1580 768 1671 812 hoc

39 841 209 900 uz'qteto
232 845 254 866 a
278 842 562 894 coloniensi,
590 841 855 887 Societatis
887 842 1201 896 adminiculo,
1229 843 1430 898 operari
1465 843 1664 899 dignata

38 927 124 963 est.
153 916 482 974 Gymnasium
519 919 700 975 itaque,
728 919 859 975 quod
892 921 954 964 ab
990 919 1293 975 amplissimo
1328 929 1504 964 senatu
1539 921 1668 965 colo-

37 995 188 1040 niensi
228 996 367 1040 nobis
415 995 649 1040 collatum
689 1006 779 1053 est,
826 997 878 1041 15
917 995 1123 1041 Calend.
1159 996 1324 1041 Martii
1364 997 1665 1053 aperuimus.

36 1071 244 1128 Ipsoque
278 1072 354 1117 die
388 1088 450 1116 ex
485 1073 667 1117 nostris
701 1073 796 1117 duo
830 1073 1083 1118 orationes
1118 1074 1518 1131 pronuntiarunt,
1546 1090 1669 1120 unus

35 1149 408 1205 philosophiam,
431 1150 557 1194 alter
579 1150 909 1205 eloquentiam
929 1150 1156 1194 oratione
1175 1151 1546 1196 commendans.
1575 1151 1666 1196 Le-

36 1226 222 1271 ctiones
248 1227 484 1282 postridie
510 1227 614 1271 eius
635 1227 730 1272 diei
749 1227 1011 1272 inchoatae
1031 1237 1159 1272 sunt.

93 1301 133 1347 2.
203 1302 574 1359 Discipulorum
598 1319 834 1348 numerus
858 1312 1072 1359 quatuor
1092 1304 1333 1349 mensium
1357 1304 1517 1360 spatio
1541 1305 1668 1350 adeo

16 1380 272 1432 -rexcreuit,
300 1390 351 1425 ut
376 1381 718 1438 centenarium
744 1382 891 1436 longe
916 1381 1013 1426 iam
1038 1391 1253 1437 superet.
1292 1379 1668 1427 Grammaticos

34 1456 80 1501 in
119 1457 241 1501 duas
280 1458 467 1502 classes
507 1457 857 1510 distribuimus,
896 1458 941 1502 in
977 1474 1187 1514 quarum
1225 1474 1323 1503 una
1363 1459 1668 1516 etymologia

34 1543 83 1579 et
116 1533 180 1580 M.
217 1534 275 1579 T.
315 1533 574 1579 Ciceronis
607 1536 909 1581 selectarum
948 1536 1266 1592 epistolarum
1308 1536 1417 1581 libri
1457 1545 1559 1582 tres
1601 1536 1666 1581 di-

14 1620 251 1656 scuntur.
288 1611 394 1657 Hos
430 1622 595 1657 autem
628 1613 674 1658 in
710 1629 820 1658 eum
857 1612 1003 1658 finem
1035 1613 1356 1670 confecimus,
1379 1630 1476 1670 quo
1501 1614 1666 1659 iuuen-

21 1695 113 1733 tus
144 1704 174 1733 a
205 1688 346 1733 simili
381 1690 619 1744 opusculo
651 1688 850 1734 Ioannis
886 1688 1106 1747 Sturmii‚
1134 1691 1388 1745 haeretici,
1427 1692 1555 1747 quod
1590 1691 1668 1736 hic

33 1764 78 1809 in
103 1764 319 1810 omnium
344 1780 616 1821 puerorum
638 1766 863 1812 manibus
883 1776 1008 1823 erat,
1037 1767 1388 1813 abduceretur.
1415 1768 1468 1813 In
1503 1768 1665 1813 altera

1 1828 5 1831 ⁵
33 1857 152 1887 uero
177 1842 338 1887 classe
363 1842 591 1898 syntaxis
615 1852 663 1888 et
687 1843 905 1888 eiusdem
925 1843 1184 1889 Ciceronis
1207 1844 1424 1890 nonnulli
1448 1844 1557 1890 libri
1582 1845 1664 1890 do-

16 1926 223 1963 centur.
253 1918 557 1964 Rhetoribus
593 1918 850 1965 Ciceronis
882 1921 900 1947 b
924 1920 984 1966 de
1008 1932 1116 1966 arte
1141 1921 1333 1966 dicendi
1358 1922 1664 1978 praeceptio-

18 1991 133 2049 nes,
160 1996 478 2052 eiusdemque
505 1997 773 2050 orationeS,
797 2007 846 2042 et
871 1997 1090 2043 Cornelii
1117 1998 1312 2044 Valerii
1332 2001 1345 2023 1
1371 1999 1665 2045 dialecticae

10 2073 230 2118 'tabulae
255 2074 628 2131 praelegentur‚
651 2074 826 2130 quibus
850 2075 1114 2121 adhibetur
1140 2076 1289 2121 etiam
1313 2076 1521 2133 diligens
1545 2076 1663 2121 scri-

3 2148 174 2197 sbendi
208 2161 256 2195 et
290 2150 603 2208 declamandi
637 2151 948 2207 exercitatio,
976 2153 1215 2208 siquidem
1249 2153 1537 2209 septimanis
1570 2153 1662 2198 sin-

19 2226 158 2283 ¹gulis
196 2226 474 2272 orationem
510 2228 846 2282 conscribunt,
884 2237 931 2273 et
965 2244 1075 2274 eam
1112 2229 1284 2275 diebus
1323 2230 1576 2275 dominicis
1616 2229 1662 2274 in

3 2304 333 2360 famplissimo
367 2313 416 2350 et
455 2304 783 2350 celeberrimo
808 2306 1003 2363 collegii
1038 2308 1148 2352 loco
1184 2308 1518 2363 pronuntiant.
1548 2306 1661 2351 Pre-

26 2389 106 2426 sto
129 2396 251 2426 uero
275 2391 389 2427 sunt
411 2381 618 2427 studiosi
651 2384 993 2429 adolescentes
1018 2399 1188 2429 omnes
1208 2384 1513 2441 (dialecticos
1534 2398 1660 2428 excl-

7 2457 126 2513 pio,
152 2459 232 2515 qui
256 2458 431 2504 eadem
467 2459 591 2504 hora
624 2461 932 2516 geometriae
957 2461 1203 2506 elementa
1240 2461 1457 2507 Euclidis
1481 2461 1660 2506 studio·

0 2531 3 2533 ’
30 2549 87 2580 se
110 2535 388 2592 addiscunt)
414 2546 463 2581 et
491 2537 722 2593 permulti
747 2537 844 2589 alii,
872 2538 951 2594 qui
976 2553 1030 2583 se
1054 2538 1126 2583 his
1151 2538 1460 2583 scholasticis
1494 2537 1660 2582 adiun-

14 2621 152 2667 :gunt
175 2612 383 2658 libenter
401 2614 857 2660 exercitationibus.
880 2615 950 2660 At
968 2616 1213 2661 dialectici
1232 2615 1554 2660 Aristotelem
1578 2615 1659 2660 ha-

18 2687 160 2742 bent,
194 2689 628 2746 plzz‘losoplzorzmz
657 2691 968 2747 principem,
996 2701 1044 2737 et
1069 2702 1270 2748 praeter
1293 2692 1421 2736 hunc
1445 2691 1660 2747 quotidie

15 2763 293 2810 vlectionem
317 2767 736 2813 mathematicam.

10 2945 13 2952 .
81 2912 101 2932 a
151 2927 264 2961 agro,
317 2915 384 2942 ——b
429 2915 575 2962 Supra
594 2927 702 2953 vers.
725 2917 804 2953 hoc
821 2928 859 2954 v.
882 2917 1034 2954 eadem
1056 2927 1195 2953 numu
1214 2916 1356 2953 addit.

77 3057 88 3077 ¹
138 3056 442 3096 Grammaticus
457 3064 497 3096 et
511 3059 742 3107 philologus
756 3060 880 3107 belga
895 3061 1047 3097 saeculi
1062 3059 1166 3097 XVI
1183 3060 1428 3106 (1512-1578).
1449 3060 1512 3098 Cf.
1532 3059 1658 3098 CHRI-

10 3125 229 3154 -STOPHOR1
249 3116 353 3155 SAXI
375 3117 683 3156 Onomastz‘con
704 3121 967 3161 literarium,
988 3123 1090 3166 part.
1111 3119 1179 3165 III,
1201 3119 1282 3157 230.
