2075 3499
660 762 1252 830 PRAEFATIO

189 1054 366 1098 l.ffiDE
402 1067 726 1098 LIT'i‘ERARUM
763 1065 1211 1105 QUADRIMEsTRimi
1249 1053 1469 1098 MATENJA‘
1509 1067 1569 1098 ET
1604 1067 1747 1107 FINE*

226 1314 299 1359 En
325 1315 495 1371 habes,
524 1316 680 1361 lector
705 1316 961 1372 benevole,
990 1316 1200 1362 alteram
1228 1317 1531 1362 Litterarum
1557 1317 1767 1374 Quadri-

137 1392 389 1437 mestrium
424 1393 618 1449 seriem,
657 1409 783 1450 quae
818 1409 847 1438 a
882 1393 1074 1449 Lainio,
1112 1393 1378 1440 Societatis
1401 1394 1521 1451 Jesu
1545 1394 1768 1451 generali

136 1469 342 1525 vicario,
371 1478 630 1526 postquam
667 1470 889 1528 Ignatius
923 1472 1150 1517 conditor
1184 1472 1457 1517 translatus
1490 1487 1621 1517 anno
1660 1472 1771 1517 1556

137 1546 197 1591 ad
224 1562 432 1602 superos
456 1556 583 1602 erat,
610 1547 796 1593 initium
822 1548 982 1594 sumit.

224 1622 350 1668 Sunt
385 1632 549 1670 autem
585 1625 976 1681 quadrimestres
1011 1626 1206 1672 litterae
1242 1626 1353 1672 illae
1389 1642 1516 1683 quae
1556 1627 1768 1672 Romam

135 1716 200 1745 ex
244 1701 472 1746 omnibus
511 1701 778 1748 Societatis
816 1713 1020 1749 nostrae
1059 1704 1314 1750 domiciliis
1360 1714 1538 1761 quarto
1579 1721 1770 1761 quoque

136 1794 303 1824 mense
328 1795 387 1824 eo
413 1778 507 1825 fine
532 1779 870 1835 mittebantur,
898 1790 950 1826 ut
981 1797 1108 1838 quae
1142 1782 1298 1828 nostri
1334 1782 1554 1828 homines
1588 1791 1688 1827 tum
1725 1782 1770 1827 in

136 1855 208 1901 sui
243 1855 480 1913 ipsorum,
518 1866 618 1902 tum
654 1857 698 1901 in
734 1867 1052 1904 caeterorum
1082 1859 1333 1905 hominum
1357 1860 1516 1905 salute
1541 1869 1589 1905 et
1612 1859 1769 1916 perfe-

134 1933 295 1979 ctione
319 1935 664 1991 persequenda
689 1936 1032 1993 praestabant,
1059 1937 1285 1983 omnibus
1310 1937 1488 1994 ubique
1519 1949 1768 1983 terrarum

134 2011 367 2067 dispersis
401 2012 563 2068 sociis,
602 2028 697 2058 non
721 2013 905 2059 curiosi
931 2014 1097 2070 animi,
1123 2015 1209 2060 sed
1234 2014 1592 2061 aedificationis
1616 2031 1771 2061 causa

136 2099 252 2134 nota
276 2088 467 2135 fierent.

188 2223 189 2229 ἵ
223 2166 367 2212 Hanc
392 2167 541 2214 fuisse
565 2167 655 2214 Sti.
683 2168 862 2226 Ignatii
888 2170 1158 2216 conditoris
1192 2183 1404 2217 mentem
1439 2173 1628 2229 apertis
1665 2189 1769 2218 ver-

134 2244 207 2289 bis
241 2244 287 2289 in
322 2244 743 2292 Constitutionum
779 2257 921 2305 parte
956 2248 1093 2306 VIII,
1127 2265 1236 2306 cap.
1265 2250 1300 2306 I,
1328 2251 1651 2307 paragrapho
1674 2250 1702 2293 Q
1725 2262 1770 2296 et

136 2321 300 2367 littera
324 2322 390 2380 M,
417 2322 520 2379 ipse
544 2323 838 2380 declaravit,
870 2325 1142 2382 «Ayudara
1165 2327 1383 2372 tambie'n
1402 2343 1516 2384 muy
1537 2327 1770 2384 especial-

136 2408 297 2444 mente
321 2400 368 2444 la
391 2401 767 2447 comunicacion
793 2403 851 2447 de
876 2403 1031 2448 letras
1056 2403 1259 2450 misivas
1294 2413 1434 2450 entre
1470 2405 1541 2450 los
1575 2405 1770 2450 inferio-

137 2491 214 2521 res
249 2493 279 2533 y
311 2478 623 2534 superiores»
652 2488 700 2524 et
724 2479 769 2524 in
794 2479 1150 2538 declaratione,
1182 2482 1342 2527 «Para
1367 2498 1459 2539 que
1484 2482 1556 2527 las
1581 2497 1772 2527 nuevas

137 2554 195 2598 de
220 2555 267 2599 la
292 2553 573 2611 Compafn'a
599 2557 792 2613 puedan
818 2558 1165 2605 comunicarse,
1189 2575 1219 2604 a
1255 2560 1397 2605 todos
1429 2560 1691 2616 seguirase
1725 2559 1772 2606 la

136 2630 296 2677 forma
330 2632 588 2688 siguiente.
627 2634 729 2679 Los
764 2650 857 2691 que
892 2652 980 2681 son
1015 2636 1194 2693 debajo
1220 2637 1280 2682 de
1306 2653 1367 2682 un
1392 2637 1684 2695 provincial,
1713 2637 1772 2683 de

137 2709 367 2755 diversas
392 2709 553 2756 Casas
578 2726 606 2756 o
627 2710 879 2770 Colegi05‚
907 2713 1135 2759 escriban
1161 2714 1287 2759 cada
1314 2713 1552 2771 principio
1572 2715 1631 2760 de
1656 2731 1771 2772 qua-

136 2794 214 2830 tro
250 2801 411 2832 meses
444 2802 543 2832 una
578 2788 706 2833 letra
740 2804 833 2845 que
867 2798 1117 2847 contenga
1148 2791 1422 2835 solamente
1446 2791 1520 2836 las
1544 2807 1688 2837 cosas
1713 2792 1772 2837 de

140 2862 476 2909 edificacion».

226 2939 367 2986 Haec
390 2941 453 2986 ad
485 2951 709 2987 mutuam
744 2943 1042 2989 charitatem
1077 2943 1361 3001 fovendam,
1398 2945 1461 2990 ad
1496 2947 1772 2992 animorum

140 3015 537 3073 conjunctionem
572 3013 915 3076 stringendam
950 3020 1060 3065 inde
1084 3036 1113 3064 a
1146 3021 1313 3077 primis
1337 3019 1605 3068 Societatis
1628 3023 1773 3069 initiis

145 3102 194 3138 et
226 3093 451 3150 Ignatius
484 3095 587 3153 ipse
621 3104 670 3142 et
705 3095 926 3153 ejusdem
961 3097 1082 3142 socii
1112 3098 1324 3154 professi
1353 3109 1480 3145 sunt.
1507 3100 1772 3158 Polancus,

1614 3189 1633 3209 ²62

1638 3273 1710 3320 „c
1757 3310 1797 3357 Α
