1900 3380
481 310 557 347 110.
593 309 804 347 *COLONIA
834 310 876 346 19
902 310 1145 347 NOVEMssRis
1176 310 1263 347 1507
1566 310 1635 347 423

65 406 275 451 alterum
304 421 422 450 uero
447 404 804 450 conuictorum.
835 403 897 449 Et
930 404 1055 448 haec
1089 404 1184 449 duo
1222 404 1447 449 fortassis
1472 406 1680 461 primum

64 482 107 528 in
134 497 228 527 uno
253 482 595 538 coniungenda
620 491 780 536 erunt,
811 489 860 527 vt
884 480 1028 525 modo
1054 481 1397 537 conspicimus,
1426 491 1535 537 post
1560 499 1680 527 uero

63 557 400 614 disiungenda.
426 557 479 602 Id
504 557 630 614 quod
656 557 781 603 idem
807 572 1048 614 auguror,
1070 558 1199 613 quod
1224 566 1295 603 tot
1320 558 1457 604 Deus
1481 559 1563 604 dat
1585 559 1675 604 fra

63 644 180 691 tres,
207 642 323 690 quot
361 634 688 679 conuictores
726 634 943 679 Numero
977 633 1105 679 enim
1141 634 1496 690 propemodum
1533 651 1678 691 pares

61 720 185 757 sunt.
216 711 277 757 Et
303 720 353 757 ut
378 711 619 757 nonnullis
648 711 1016 756 conuictoribus
1050 711 1210 756 locum
1246 727 1499 769 parannm,
1529 713 1593 757 ita
1618 730 1679 758 ex

60 789 305 846 discipulis
335 788 527 846 egregii
551 789 893 834 adolescentes
918 789 1084 845 plures
1108 805 1254 845 quam
1286 789 1581 845 paratissimi
1608 806 1677 835 es-

60 874 166 912 sent
189 866 249 911 ad
274 865 575 912 Societatem
613 866 797 923 uenire,
824 866 863 911 si
898 866 975 911 uel
1010 882 1105 911 uno
1142 866 1296 911 uerbo
1326 882 1412 911 eos
1446 867 1677 922 recipien-

59 942 146 988 dos
169 943 556 988 ostenderemus.
584 943 754 999 Quare
790 943 941 988 libere
965 942 1026 988 D.
1056 942 1285 988 Canisius
1311 945 1319 967 ¹
1349 943 1427 999 (de
1453 959 1546 1000 quo
1572 954 1679 999 post

58 1020 218 1076 plura)
258 1019 511 1064 fatebatur
549 1035 601 1065 se
641 1036 735 1064 non
771 1019 952 1065 uidisse
990 1019 1255 1065 Societatis
1294 1020 1556 1077 collegium
1598 1022 1677 1066 ubi

56 1096 213 1154 magis
239 1096 421 1142 fratres
445 1097 758 1153 proficerent,
780 1107 828 1143 et
851 1097 1088 1143 credebat
1111 1113 1172 1143 ex
1192 1097 1285 1143 hoc
1309 1098 1545 1155 paulatim
1572 1115 1676 1155 pos-

57 1189 108 1219 se
146 1173 286 1219 educi
327 1173 539 1230 collegia
574 1173 618 1218 in
654 1174 961 1230 superiorem
1001 1174 1150 1219 etiam
1189 1173 1530 1220 Germaniam.
1569 1176 1677 1220 Non

59 1258 240 1307 autem,
267 1251 502 1307 arbitror,
529 1251 640 1297 hinc
664 1251 931 1297 Societatis
955 1252 1110 1297 solum
1136 1252 1349 1309 collegia
1384 1252 1673 1307 educentur;

55 1327 139 1373 sed
162 1337 210 1373 et
234 1328 368 1374 multi
394 1328 474 1374 alii
499 1329 608 1374 hinc
634 1328 896 1386 prodibunt
930 1329 1009 1385 qui
1044 1327 1366 1375 Germaniam
1402 1329 1446 1374 in
1482 1339 1674 1382 senatu,

54 1404 180 1462 apud
204 1405 446 1462 principes
481 1415 529 1451 et
563 1406 607 1451 in
641 1406 878 1451 concione
912 1406 1095 1452 iuuent.
1124 1406 1186 1452 Et
1216 1406 1441 1453 dabimus
1472 1423 1675 1464 operam

53 1491 104 1527 ut
127 1482 250 1528 haec
284 1483 379 1528 duo
413 1483 638 1539 collegia,
667 1499 793 1540 quae
828 1499 955 1529 nunc
988 1483 1035 1530 in
1069 1484 1161 1529 hac
1197 1484 1348 1529 bursa
1373 1485 1387 1508 2
1412 1484 1675 1530 coniuncta

53 1567 177 1615 sunt,
205 1558 284 1605 ubi
310 1559 519 1616 primum
544 1559 648 1605 fieri
674 1560 872 1617 poterit,
899 1560 1262 1618 disiungantur.
1290 1561 1343 1607 Id
1373 1561 1501 1618 quod
1534 1562 1674 1607 breui

54 1636 273 1682 futurum
298 1637 621 1683 arbitramur.

110 1713 150 1759 7.
217 1713 539 1760 Colonienses
563 1730 773 1771 namque
797 1714 843 1760 in
868 1714 971 1760 dies
996 1716 1156 1773 magis
1181 1732 1241 1761 ac
1265 1716 1427 1773 magis
1451 1731 1673 1763 amorem

52 1806 191 1836 suum
217 1806 343 1848 erga
372 1807 461 1837 nos
494 1791 753 1838 manifeste
789 1792 1066 1838 ostendunt.
1094 1792 1146 1838 In
1173 1793 1335 1839 multis
1360 1795 1674 1841 monasteriis

50 1877 332 1914 nostrorum
368 1878 603 1925 expetunt
637 1869 915 1925 concioneS‚
943 1878 991 1915 et
1025 1869 1090 1915 M.
1129 1870 1375 1916 Henricus
1410 1871 1453 1916 in
1489 1872 1675 1928 aliquot

50 1945 370 1991 concionatus
393 1955 483 1992 est.
507 1946 681 1991 Plures
706 1946 855 1992 etiam
880 1946 1072 1992 externi
1098 1941 1410 2005 confitentur,
1432 1965 1578 2005 quarn
1598 1965 1672 1994 so-

50 2022 229 2080 lebant;
263 2032 312 2069 et
350 2023 396 2068 in
436 2023 562 2069 festo
601 2024 818 2070 omnium
856 2033 1146 2070 sanctorum
1186 2026 1482 2072 laurentiani
1523 2027 1670 2073 etiam

51 2108 196 2156 atque
231 2101 449 2146 montani
484 2101 498 2125 3
534 2101 716 2147 nostris
740 2101 954 2147 confessi
978 2110 1104 2147 sunt.
1133 2102 1455 2149 Vniuersitas
1479 2120 1671 2161 quoque

49 2192 136 2222 nos
174 2177 353 2223 charos
388 2178 532 2223 modo
567 2178 731 2232 habet,
769 2187 818 2224 et
851 2178 1065 2224 facultas
1098 2179 1279 2224 artium
1315 2181 1554 2237 quendam
1589 2197 1670 2226 no-

47 2262 260 2300 strorum
286 2255 526 2301 decanum
552 2256 804 2302 constituit
827 2257 860 2311 4,
883 2256 948 2302 M.
972 2255 1296 2303 Franciscum
1321 2267 1369 2303 et
1389 2275 1465 2304 me
1490 2259 1532 2303 in
1560 2275 1668 2305 con-

47 2330 257 2378 siliarios
300 2333 581 2390 assumpsit;
623 2333 993 2380 examinatores
1032 2343 1297 2391 praeterea
1342 2336 1550 2391 creauit,
1589 2352 1667 2381 no-

0 2427 1 2474 }
47 2417 175 2454 stros
207 2408 494 2456 dialecticos
528 2409 589 2455 ad
625 2426 835 2456 examen
870 2410 1086 2468 admisit,
1127 2412 1452 2469 examinanst,
1495 2412 1670 2469 dignos

0 2479 1 2494 l
48 2484 433 2532 baccalaureatu
464 2485 713 2543 iudicauit,
740 2496 788 2532 et
812 2487 998 2544 primos
1022 2487 1239 2533 omnium
1265 2489 1309 2533 in
1335 2498 1448 2534 actu
1473 2489 1668 2545 publico

48 2560 218 2608 laurea
241 2563 513 2609 decorauit.
541 2563 729 2610 Rector
752 2579 875 2610 uero
900 2564 1238 2611 vniuersitatis
1261 2566 1410 2611 totius
1440 2567 1455 2590 ‘³
1490 2566 1556 2612 ita
1580 2583 1670 2613 nos

91 2753 101 2772 ¹
152 2752 197 2790 Β.
219 2752 365 2790 Petrus
383 2752 586 2790 Canisius.

91 2811 104 2831 ²
152 2811 283 2848 Bursa
301 2811 341 2848 in
366 2811 615 2850 Germaniae
643 2813 980 2851 universitatibus
1008 2819 1095 2850 erat
1121 2825 1252 2859 genus
1279 2814 1478 2860 quoddam
1505 2816 1668 2863 collegii

45 2883 114 2908 seu
132 2871 351 2908 convictus.
1294 2880 1298 2881 ⁷

89 2930 103 2950 ⁸
151 2930 340 2977 Intellige
359 2931 544 2968 alumnos
563 2932 829 2979 collegiorum
847 2932 1089 2977 (bursarum)
1105 2933 1350 2969 laurentiani
1371 2938 1410 2970 et
1430 2935 1618 2973 montani.

89 2989 103 3009 ⁴
151 2989 285 3037 Ipsum
317 2989 364 3028 P.
392 2990 590 3037 Joannem
625 2991 831 3028 Rethium.
862 2990 925 3028 Cf.
955 2991 1144 3034 HANSEN,
1174 2992 1438 3030 Rheinische
1466 2994 1665 3038 Aktert...,

91 3107 104 3127 ⁵
153 3106 361 3155 Philippus
380 3107 611 3155 Mylander.
632 3108 704 3153 Id..
726 3109 799 3146 loc.
822 3109 903 3154 cit.,
923 3109 1003 3146 300.
