1900 3380
542 210 864 247 187.—C01„0x1„x
891 213 932 248 131
965 213 1157 249 AUGUSTI
1187 213 1277 249 1558
1615 213 1680 249 771

92 306 181 351 hos
204 320 300 350 non
327 304 471 361 pauci
497 306 763 351 admodum
789 317 902 353 sunt
927 309 1133 364 nobiles,
1160 318 1213 355 ut
1243 308 1369 354 filius
1394 308 1504 354 Dni.
1529 308 1588 354 de
1613 308 1733 354 Bos-

92 398 167 439 su,
195 380 321 427 filius
351 381 465 427 Dni.
493 381 553 427 de
588 381 800 427 Vadans
835 385 866 439 ¹,
903 401 1058 441 nepos
1092 385 1454 442 archiepiscopi
1489 386 1731 442 mogunti-

92 458 257 505 nensis
281 469 328 504 et
354 458 479 504 filius
504 459 732 516 magistri
759 461 929 506 curiae
961 463 974 486 2
1010 463 1368 519 archiepiscopi
1404 463 1728 515 treuerensis,

46 601 50 608 Ι
92 546 140 581 et
164 536 347 581 similes
372 536 526 582 multi.
553 536 794 582 Libenter
813 540 1227 594 praeceptoribus
1251 550 1445 596 parent,
1467 549 1516 585 et
1537 540 1732 597 legibus

92 629 145 658 se
169 613 452 669 subiiciunt,
480 613 576 658 imo
601 614 733 659 ultro
757 614 846 660 sibi
872 616 1009 671 leges
1035 618 1399 674 praescribunt,
1421 627 1468 662 et
1487 618 1628 663 nobis
1647 634 1731 674 ap-

92 691 378 748 probandas
403 690 638 737 offerunt.
667 690 825 748 Signa
850 692 980 737 domi
1006 703 1054 738 et
1085 694 1129 738 in
1166 694 1337 740 schola
1373 695 1417 739 in
1452 695 1733 752 delinquen-

91 779 165 813 tes
189 767 517 821 transferunt;
546 768 832 825 praefectos
856 769 1033 825 quibus
1057 781 1283 828 pareant,
1312 772 1459 817 etiam
1496 772 1624 817 domi
1649 773 1733 818 ha-

96 846 228 891 bent.
255 845 308 890 In
340 845 774 902 disputationibus,
811 846 1256 893 declamationibus
1290 859 1338 895 et
1373 850 1732 906 compositioni-

93 923 183 967 bus
216 931 330 968 sunt
363 922 642 979 diligentes,
680 939 772 980 pro
806 923 975 980 primis
1010 925 1131 969 locis
1165 941 1261 970 non
1300 942 1418 971 raro
1459 927 1650 972 orando
1686 937 1735 973 et

93 998 389 1055 disputando
425 1008 636 1045 certant.
680 999 790 1045 Non
825 1000 973 1057 pauci
1007 1000 1130 1046 foris
1160 1002 1471 1060 theologicas
1496 1004 1735 1049 lectiones

95 1075 241 1122 auide
266 1092 461 1133 quoque
486 1077 705 1123 audiunt.
730 1077 941 1124 Vtinam
966 1079 1134 1135 plures
1164 1088 1329 1125 essent
1362 1079 1442 1137 qui
1478 1080 1738 1126 docerent,

95 1151 175 1198 Ex
197 1153 382 1199 nostris
407 1153 535 1199 enim
558 1155 692 1199 solus
717 1154 782 1200 M.
810 1154 1061 1201 Henricus
1086 1158 1106 1176 a
1129 1156 1144 1180 ³
1168 1156 1315 1201 docet
1339 1156 1454 1213 (ego
1479 1156 1607 1202 enim
1632 1157 1733 1202 Ma-

58 1242 64 1252 ‘
91 1230 304 1288 gistrum
328 1229 700 1277 Sententiarum
725 1232 867 1277 breui
887 1233 1182 1290 absoluam).
1203 1234 1271 1278 At
1291 1248 1445 1290 opera
1465 1243 1632 1279 tamen
1653 1250 1733 1279 no-

94 1317 314 1353 strorum
339 1307 575 1354 effectum
601 1318 692 1365 est,
714 1318 768 1355 ut
787 1310 984 1366 quidam
1006 1310 1293 1367 theologiae
1311 1311 1591 1356 licentiatus
1610 1312 1736 1357 bene

94 1385 284 1443 doctus,
312 1395 360 1431 et
386 1383 626 1432 Societati
651 1387 796 1432 ualde
822 1388 1066 1444 addictus,
1093 1388 1356 1434 lectionem
1388 1404 1535 1434 unam
1570 1388 1589 1415 b
1614 1389 1660 1434 in
1683 1404 1736 1434 se

95 1463 386 1519 susceperit,
413 1472 462 1508 et
487 1479 596 1509 cum
623 1464 687 1509 M.
715 1464 937 1510 Henrico
962 1474 1009 1511 et
1033 1465 1224 1511 duobus
1248 1465 1536 1522 theologiae
1566 1466 1736 1512 docto-

95 1540 231 1586 ribus
266 1541 481 1597 quotidie
516 1541 710 1588 doceat.
748 1542 913 1588 Auide
947 1559 1143 1601 quoque
1173 1543 1403 1589 iuuentus
1437 1544 1656 1601 suscipit,
1695 1544 1738 1589 si·

93 1617 209 1675 quid
233 1617 363 1664 forte
387 1618 610 1676 edamus,
638 1628 691 1665 ut
713 1619 1016 1666 Rudimenta
1051 1621 1235 1666 latinae
1269 1621 1643 1678 grammatices,
1683 1630 1732 1666 et

93 1694 270 1740 librum
295 1694 356 1740 de
381 1694 540 1752 Copia
565 1696 622 1741 R·
645 1696 884 1742 Andreae
909 1696 1089 1754 Frusii,
1118 1698 1278 1743 bonae
1303 1698 1591 1743 memoriae.

155 1771 195 1816 2.
259 1772 469 1818 Vtinam
494 1784 658 1818 essent
682 1774 763 1830 qui
798 1784 845 1819 et
880 1774 1146 1820 haereticis
1181 1775 1377 1831 scriptis
1416 1774 1739 1832 obsisterent,

94 1864 155 1894 ne
180 1848 245 1894 illi
269 1849 361 1895 soli
385 1865 564 1906 sapere
587 1860 635 1896 et
659 1850 790 1896 docti
822 1867 931 1897 esse
966 1851 1246 1905 uideantur,
1285 1861 1338 1897 ut
1373 1851 1525 1907 multi,
1563 1852 1732 1906 credo,

95 1926 187 1971 sibi
211 1925 338 1972 falso
363 1927 666 1984 persuadent
690 1938 739 1973 et
762 1928 807 1973 in
833 1944 1061 1974 errorem
1085 1930 1336 1975 labuntur.
1366 1928 1541 1974 Plures
1560 1928 1598 1973 si
1623 1943 1736 1984 ope-

93 2002 216 2048 rarii
240 2012 422 2058 essent,
449 2020 546 2050 non
571 2005 731 2050 solum
755 2005 998 2063 discipuli,
1031 2006 1117 2051 sed
1153 2006 1287 2052 ciues
1322 2021 1516 2062 quoque
1550 2021 1738 2062 magna

94 2080 405 2126 multitudine
425 2081 488 2126 ad
512 2081 876 2128 confessionem
901 2099 1222 2140 mensamque
1246 2083 1543 2128 dominicam
1564 2097 1735 2128 accur-

95 2167 283 2204 rerent.
332 2157 730 2205 Concionatores
775 2160 814 2205 si
859 2170 1041 2217 essent,
1085 2170 1300 2218 quantus
1338 2160 1531 2206 fructus
1575 2159 1732 2206 fieret!

94 2235 300 2280 Paruuli
324 2244 497 2292 petunt
522 2252 717 2294 panem,
745 2246 794 2283 et
817 2253 913 2283 non
938 2247 1013 2283 est
1037 2238 1116 2295 qui
1146 2238 1353 2294 frangat
1386 2238 1455 2282 eis
1489 2239 1520 2282 4.
1559 2236 1654 2282 Hic
1688 2237 1736 2282 in

93 2320 235 2358 tanta
258 2312 461 2359 ciuitate
485 2314 569 2359 uix
592 2315 844 2360 excellens
874 2316 1123 2372 reperitur
1157 2316 1498 2368 concionator;
1537 2324 1585 2360 et
1619 2330 1734 2372 qua-

94 2389 166 2433 les
191 2389 306 2434 alibi
331 2405 442 2435 esse
465 2392 718 2447 putamus?
749 2391 826 2436 Ex
861 2392 969 2449 ipsa
993 2392 1255 2449 Turingia,
1283 2403 1484 2437 senatus
1519 2391 1739 2437 ciuitatis

96 2466 367 2523 imperialis
396 2468 658 2514 Mulhusen
692 2470 756 2514 ad
788 2478 1014 2515 nostrum
1050 2479 1276 2515 senatum
1312 2469 1511 2526 scripsit
1546 2469 1743 2525 (literas

142 2634 161 2653 a
213 2634 422 2681 Sequitur
437 2634 585 2671 ibidem
605 2635 740 2672 oblitt.
796 2636 862 2663 —b
885 2636 1095 2682 Sequitur
1110 2635 1286 2681 quotidie
1307 2635 1440 2671 oblitt.

145 2780 152 2797 ¹
206 2778 316 2815 Vide
335 2778 536 2826 superius,
556 2792 649 2826 pag.
670 2779 754 2823 688,
776 2785 912 2816 annot.
940 2780 974 2825 3,
996 2779 1063 2816 ubi
1084 2779 1229 2816 dicitur
1249 2792 1272 2815 a
1291 2778 1476 2816 Vadaus.

142 2838 154 2857 ²
201 2837 373 2885 juvenis
393 2838 456 2874 hic
476 2838 698 2876 vocabatur
716 2838 952 2876 Bernardus
971 2839 1233 2875 Metternich.
1263 2837 1326 2875 Cf.
1349 2838 1539 2881 HANSEN,
1557 2840 1632 2876 loc.
1650 2839 1736 2883 cit„

96 2896 180 2934 311.

140 2955 154 2976 ⁸
206 2956 411 2994 Henricus
431 2957 667 3005 Dionysius.

140 3014 156 3035 ⁴
206 3013 271 3053 Cf.
293 3015 474 3062 THREN.,
497 3016 572 3061 IV,
593 3018 627 3054 4.
