1971 3369
323 186 388 223 190
792 186 1012 223 Lirrfflmn
1040 186 1396 232 QUADRIMESTRES

276 279 328 315 vt
357 270 562 315 similem
596 286 845 327 nunquam
881 270 1105 324 viderim;
1133 286 1227 315 non
1263 271 1389 316 enim
1425 287 1487 317 ex
1519 271 1694 316 timore
1728 270 1898 316 mortis

275 347 365 392 hoc
389 348 590 403 agebat,
618 348 702 392 sed
727 364 788 393 ex
822 363 943 392 vera
967 347 1267 403 poenitentia
1302 356 1350 392 et
1384 347 1636 404 agnitione
1661 348 1735 392 sui
1760 363 1897 393 erro-

275 424 358 481 ris,
383 440 477 469 non
503 425 634 469 aliud
665 424 891 469 facturus
926 424 1073 470 etiam
1108 425 1144 469 si
1181 433 1320 469 certo
1354 424 1528 470 scisset
1554 440 1606 470 se
1631 425 1914 483 victurum..

274 501 414 546 Vixit
449 516 536 558 per
569 501 737 546 decem
772 510 857 546 aut
890 502 1037 557 paulo
1072 502 1236 557 plures
1261 501 1363 546 dies
1389 511 1497 558 post
1522 501 1661 557 haec,
1689 512 1735 546 et
1759 516 1898 546 acce-

275 578 368 634 ptis
392 578 617 623 omnibus
644 577 900 623 Ecclesiae
931 579 1273 635 sacramentis,
1301 578 1534 624 laudabili
1564 577 1658 624 fine
1688 578 1899 624 excessit

276 672 337 701 ex
365 655 504 700 viuis.

337 732 403 777 10.
472 730 685 777 Scholae
710 732 951 778 exercitia
975 733 1047 778 bis
1071 732 1354 777 intermissa
1378 732 1538 789 fuere,
1566 731 1797 778 militibus
1821 748 1897 777 oc-

274 809 567 866 cupantibus
601 810 785 855 classes
820 809 1249 855 scholasticorum:
1288 809 1477 866 reliquo
1512 819 1736 866 tempore
1771 809 1901 854 omni

275 887 349 932 vsi
383 896 495 932 sunt
530 886 798 943 diligentia,
837 887 915 943 qui
950 898 1219 944 praeerant
1253 887 1362 944 illis,
1399 895 1766 943 praeceptores:
1801 902 1898 932 ma-

276 964 433 1021 gister
457 963 739 1021 Stephanus
764 965 775 988 ¹
802 965 880 1009 bo.
909 980 1002 1009 me.
1039 964 1139 1021 (qui
1164 964 1262 1009 iam
1288 964 1468 1020 optime
1501 979 1641 1009 suum
1666 964 1898 1009 claudens

276 1041 436 1099 finem,
474 1050 527 1086 ut
561 1056 838 1099 speramus,
876 1041 1041 1087 fructu
1080 1042 1152 1086 sui
1187 1042 1372 1087 laboris
1410 1057 1630 1098 suaeque
1669 1041 1897 1087 sollicitu-

279 1119 401 1164 dinis
426 1119 624 1175 fruitur)
658 1118 730 1163 his
765 1118 844 1175 qui
879 1118 1042 1164 latinis
1076 1118 1233 1163 literis
1267 1119 1520 1164 nauabant
1555 1133 1776 1175 operam3
1819 1119 1897 1175 qui

275 1196 422 1242 etiam
464 1196 553 1240 sub
594 1195 696 1252 ipso
735 1196 864 1241 haud
900 1211 1076 1252 parum
1116 1195 1448 1252 profecerunt,
1487 1196 1598 1241 huic
1635 1195 1893 1253 suffectus,

274 1273 434 1319 frater
457 1273 722 1319 Suetonius
748 1272 1084 1330 Crescentius,
1110 1288 1266 1329 nuper
1290 1288 1319 1318 a
1344 1273 1404 1318 R.
1427 1272 1479 1319 P.
1503 1273 1562 1318 T.
1584 1273 1678 1318 huc
1702 1273 1895 1331 missus,

274 1351 456 1408 optime
481 1350 740 1396 satisfacit.
769 1350 851 1395 Pr.
881 1350 1058 1395 Petrus
1142 1350 1474 1395 elementariis
1509 1359 1723 1408 praeest,
1752 1350 1828 1396 cui
1853 1359 1900 1396 et

273 1429 433 1474 frater
458 1428 736 1473 Antoninus
760 1429 774 1452 3
799 1439 871 1472 est
896 1428 1094 1472 auxilio.
1118 1427 1211 1473 Hic
1235 1428 1383 1473 etiam
1408 1428 1746 1485 parandorum
1770 1428 1897 1473 cibo-

276 1522 383 1551 rum
422 1521 597 1551 curam
631 1505 796 1562 habet,
833 1506 911 1550 vir
949 1505 1155 1561 simplex
1191 1514 1238 1550 et
1272 1505 1457 1550 laboris
1497 1505 1895 1561 patientissimus.

275 1583 467 1629 Curant
491 1584 604 1628 item
630 1583 673 1627 hi
700 1591 1053 1639 praeceptores
1080 1591 1131 1627 vt
1156 1582 1292 1639 pueri
1319 1597 1483 1627 xnam.
1506 1582 1783 1628 doctrinam
1804 1597 1898 1628 me-

275 1661 465 1706 moriae
500 1660 749 1706 mandent.
777 1659 961 1705 Frater
995 1659 1241 1705 Antonius
1276 1661 1291 1683 ⁴¹
1327 1670 1469 1705 curat
1494 1675 1620 1716 quae
1647 1659 1797 1705 victui
1821 1675 1898 1705 ne-

275 1739 496 1785 cessaria
535 1747 647 1784 sunt
685 1753 1000 1795 comparare,
1038 1737 1181 1795 idque
1217 1737 1585 1793 diligentissime
1620 1737 1896 1794 exequitur,

274 1832 369 1862 non
394 1816 623 1862 omittens
656 1815 785 1861 inter
818 1815 941 1860 haec
966 1830 1054 1872 per
1078 1815 1391 1860 occasionem
1425 1830 1647 1872 quosque
1671 1815 1898 1861 admonen
1966 1833 1967 1839 ¹

277 1909 329 1939 re
364 1903 431 1950 vt,
460 1893 506 1938 in
529 1893 702 1938 melius
737 1892 938 1938 mutatis
976 1892 1211 1950 moribus,
1239 1892 1404 1938 diuina
1439 1903 1756 1938 sacramenta
1790 1907 1897 1937 con-

276 1970 502 2016 fessionis
522 1979 570 2016 et
595 1970 925 2015 eucharistiae
949 1969 1270 2026 frequentare
1295 1969 1571 2028 addiscant3
1598 1985 1661 2015 ex
1685 1985 1780 2026 quo
1805 1985 1898 2015 non

275 2063 451 2104 parum
475 2047 666 2092 fructus
689 2046 902 2091 Domino
922 2045 1104 2103 colligi,
1129 2062 1297 2092 omnes
1320 2047 1366 2092 in
1391 2047 1612 2092 moribus
1636 2046 1895 2104 proficere,

276 2125 536 2182 magisque
560 2123 847 2181 proficiendi
872 2124 1117 2170 desiderio
1143 2130 1160 2150 ἃ
1197 2124 1532 2182 inardescere,
1559 2125 1733 2170 sentio.

368 2203 602 2259 [Meliora
626 2203 678 2247 2'72
699 2207 961 2259 posterum
983 2206 1165 2258 sperat
1180 2207 1463 2260 precesque
1484 2201 1753 2260 postulat]

364 2279 553 2326 Valeat
575 2279 637 2325 R.
665 2279 718 2325 P.
746 2279 804 2325 T.
832 2280 877 2325 in
904 2279 1117 2325 Domino
1142 2278 1470 2325 foelicissime.
1496 2278 1684 2325 Tibure
1720 2288 1897 2325 octauo
1957 2289 1960 2296 ’

277 2356 387 2402 Cal.
415 2356 529 2402 Maii
558 2357 684 2402 1557.

364 2434 425 2481 R.
449 2433 501 2479 P.
529 2434 587 2480 T.
615 2434 843 2490 indignus
866 2449 1059 2490 seruus,

1077 2528 1404 2574 LAURENTIUS
1439 2527 1769 2574 CAUALERIUS
1806 2529 1837 2574 ⁵.

323 2643 340 2663 fi
384 2636 479 2673 Hoc
496 2647 535 2672 v.
557 2635 711 2673 eadem
730 2645 870 2671 manu
889 2638 1026 2680 supra
1046 2645 1154 2671 vers.
1178 2634 1401 2671 additmn.

388 2766 620 2813 Stephanus
641 2764 870 2802 Casanova.
891 2763 1126 2810 PoLANCUS‚
1147 2764 1223 2801 loc.
1245 2764 1327 2809 cit.,
1349 2776 1441 2812 pag.
1462 2763 1519 2801 56.

386 2825 432 2863 P.
454 2825 601 2862 Petrus
619 2824 820 2862 Pradene.
841 2823 938 2861 Ibid.

388 2885 622 2922 Antoninus
640 2884 689 2920 de
708 2883 910 2920 Henricis.
931 2883 1043 2928 Ibid.,
1065 2896 1155 2930 pag.
1175 2883 1232 2920 60.

389 2944 593 2981 Antonius
612 2944 660 2980 de
680 2943 857 2980 Robore.
877 2942 977 2980 Ibid.

391 3002 568 3050 Collegii
588 3008 733 3040 rector.
755 3002 818 3041 Cf.
842 3003 993 3040 Laz‘nz'z‘
1009 3002 1223 3046 Monam„
1244 3002 1292 3048 ΙΙ,
1313 3002 1394 3040 629.

324 2886 337 3022 ωιβα
324 2768 337 2845 '0⁵¹⁴
