1909 3328
259 288 328 324 532
724 289 942 326 LITTERAE
969 289 1322 334 QUADRIMESTRES

270 385 312 428 4.
380 384 629 439 Quantum
667 385 728 429 ad
768 386 865 430 alia
905 385 1145 431 exercitia
1184 395 1371 440 nostra,
1416 386 1566 430 credo
1606 387 1734 442 quod
1774 386 1834 432 R.

216 460 265 505 Ρ.
294 461 588 506 Euurardus
609 463 721 506 dum
748 479 901 519 nuper
926 463 1016 508 iret
1042 463 1336 517 Louanium,
1364 463 1428 507 V.
1457 463 1559 508 ΚΘΕ
1583 464 1642 509 de
1668 459 1836 509 nostro

212 547 341 583 statu
365 539 692 595 rescripserit.
722 540 1100 585 Conlimtamets
1122 545 1329 596 semper
1350 546 1365 566 ³
1393 540 1713 585 ministrando
1734 556 1835 586 cre-

213 615 345 660 brius
384 632 529 673 quam
567 617 678 661 olim
716 627 1034 662 sacramenta
1070 617 1366 673 penitentiae
1392 626 1439 662 et
1463 618 1833 663 communionis.

211 692 398 737 Diebus
422 693 676 739 dominicis
702 704 749 739 et
770 695 956 739 festinis
982 710 1176 751 semper
1201 695 1376 751 aliquis
1399 704 1621 740 nostrum
1643 696 1833 739 concio-

209 779 371 825 natur,
411 771 676 827 praecipue
711 772 754 816 in
782 773 1019 828 parochia
1045 771 1138 816 S&
1163 772 1353 817 Mariae
1378 772 1726 828 Magdalenae,
1754 773 1836 817 ali-

143 862 150 870 ·
209 847 405 902 quando
430 847 576 892 etiam
612 848 657 892 in
693 848 799 893 aliis
823 848 1060 904 ecclesiis,
1087 849 1366 894 seczmdmn
1401 849 1539 906 qnod
1569 850 1839 906 requirnnt

207 924 432 969 canonici
471 934 556 970 aut
600 935 843 983 pastores,
885 926 969 971 vlu·
1001 926 1018 952 b
1059 942 1254 982 semper
1299 935 1372 971 est
1418 941 1629 983 magnus
1673 927 1834 982 populi

208 1016 497 1047 concursus.
528 1000 771 1059 Occupati
798 1003 946 1048 etiam
970 1004 1168 1059 saepius
1192 1019 1360 1048 sumus
1395 1003 1613 1048 infirmos
1637 1015 1683 1048 et
1708 1019 1834 1048 mor-

206 1088 334 1135 tuos,
362 1090 460 1124 tarn
495 1080 539 1124 in
577 1095 806 1137 corpore,
835 1096 979 1137 quam
1016 1081 1058 1125 in
1094 1080 1273 1129 anima.
1312 1090 1411 1125 tam
1448 1081 1493 1125 in
1529 1081 1832 1138 carceribus,

206 1171 352 1212 quam
377 1157 423 1202 in
448 1157 555 1202 aliis
580 1158 714 1208 locis,
739 1158 984 1203 visitando
1010 1168 1057 1202 et
1082 1174 1253 1203 eorum
1278 1157 1615 1203 confessiones
1640 1158 1710 1213 (vt
1734 1159 1832 1214 plu-

207 1234 379 1279 rimum
424 1236 708 1293 generales)
755 1236 1016 1281 audiendo.
1065 1236 1237 1281 Annus
1283 1237 1409 1281 enim
1455 1237 1651 1291 elapsus
1696 1237 1834 1281 nobis

207 1312 471 1357 maximam
511 1313 703 1369 copiam
746 1313 972 1358 similium
1019 1314 1211 1370 piorum
1249 1307 1611 1358 'exercitiorum
1655 1314 1830 1370 attulit,

205 1406 317 1435 nam
353 1402 553 1447 praeter
588 1393 794 1436 crebras
817 1401 1002 1436 mortes
1028 1401 1075 1436 et
1100 1390 1408 1436 infirmitates
1434 1391 1477 1435 in
1505 1391 1700 1447 populo,
1728 1407 1833 1436 car·
1896 1427 1900 1431 .

204 1483 344 1513 ceres
383 1469 597 1514 ciuitatis
636 1485 730 1513 non
770 1468 1082 1514 sufficiebant
1117 1468 1325 1524 captiuis
1361 1469 1607 1514 militibus.
1650 1468 1751 1513 Hiis
1786 1476 1832 1514 et

202 1545 438 1591 similibus
463 1562 539 1590 me
564 1561 811 1602 nunquam
837 1556 1199 1602 exoccupatum
1228 1546 1437 1590 inuenio.

259 1623 301 1667 5.
369 1622 610 1668 Preterca
656 1624 801 1668 etiam
848 1623 1114 1668 nobiliores
1159 1623 1374 1668 ciuitatis
1423 1622 1640 1667 familiae
1693 1622 1832 1668 nobis

202 1699 515 1758 confitentur,
543 1701 773 1758 ductique
799 1701 937 1746 bonis
962 1700 1192 1755 consiliis,
1220 1701 1262 1745 in
1289 1700 1453 1745 multis
1477 1700 1565 1756 piis
1601 1700 1831 1756 operibus

201 1792 253 1821 se
293 1787 547 1823 exercent.
591 1777 768 1823 Plures
807 1778 954 1823 etiam
996 1777 1219 1822 canonici
1255 1787 1301 1822 et
1342 1777 1580 1833 primates
1619 1775 1831 1822 ciuitatis

200 1870 288 1899 nos
311 1864 577 1899 accersunt
602 1854 663 1899 ad
688 1870 841 1911 opera
866 1854 1197 1903 aedificatiua‚
1227 1854 1423 1899 mittunt
1448 1853 1510 1898 ad
1536 1868 1624 1898 nos
1648 1853 1829 1898 discor-

199 1932 300 1984 deS,
328 1932 572 1983 turbatos,
602 1932 726 1976 alias
761 1931 1234 1976 excommunicatos.
1274 1931 1333 1976 R.
1372 1930 1433 1975 D.
1471 1929 1697 1975 officialis
1737 1930 1829 1986 epi-

197 2009 348 2063 scopi,
388 2009 466 2065 qui
502 2024 627 2053 nunc
665 2018 739 2054 est
773 2009 992 2054 decanus
1027 2008 1396 2061 canonicorum,
1435 2023 1591 2064 nuper
1625 2007 1746 2052 dixit
1779 2022 1829 2052 se

198 2085 412 2142 aliquam
437 2101 574 2142 spem
607 2086 892 2142 concepisse
928 2086 985 2131 de
1022 2086 1264 2131 ecclesiae
1298 2100 1418 2130 suae
1454 2085 1825 2130 reformatione.

197 2163 277 2207 Ab
315 2163 517 2208 introitu
556 2174 721 2208 tamen
761 2173 809 2208 et
845 2179 1080 2220 regressu
1119 2163 1321 2208 Patrum
1356 2171 1656 2219 nostrorum,
1693 2178 1745 2208 se
1779 2162 1825 2207 in

199 2240 361 2284 multis
387 2240 578 2285 cautius
603 2241 787 2285 habent
812 2241 1151 2296 ecclesiastici,
1182 2240 1448 2297 praecipue
1480 2240 1523 2285 in
1560 2240 1828 2285 collationi·
1871 2291 1874 2295 .
1908 2274 1909 2304 3

198 2317 286 2361 bus
305 2317 673 2362 beneficiorum.
698 2317 897 2362 Auxilio
919 2318 1159 2374 praedicti
1184 2317 1361 2363 domini
1383 2317 1626 2375 officialis,
1650 2316 1836 2362 domini

196 2394 254 2438 de
274 2394 491 2439 Bredam
513 2397 522 2418 ¹
547 2404 594 2439 et
611 2394 836 2452 aliorum,
857 2411 1012 2451 nuper
1031 2395 1394 2440 introduximus
1410 2396 1470 2440 ad
1489 2394 1728 2440 beneficia
1745 2410 1825 2440 va·
1868 2386 1875 2441 ⁵,

196 2471 359 2517 cantia
384 2472 508 2517 duos
531 2471 836 2527 sacerdotes,
865 2473 923 2517 de
948 2472 1123 2528 quibus
1148 2488 1334 2529 magna
1358 2487 1470 2529 spes
1494 2481 1583 2517 est.
1612 2471 1823 2528 Quando

199 2559 345 2594 vacat
375 2549 540 2606 aliqua
575 2565 713 2607 cura,
752 2549 1002 2606 inquirunt
1026 2566 1054 2594 a
1080 2549 1219 2594 nobis
1243 2566 1303 2595 an
1331 2549 1521 2606 aliquos
1556 2563 1824 2605 cognosca·
1864 2583 1866 2586 ψ

197 2642 303 2671 mus
327 2627 503 2672 doctos
527 2636 575 2673 et
598 2627 719 2684 pios,
748 2636 801 2672 vt
825 2627 940 2684 ipsis
964 2627 1244 2672 conferant.

251 2710 293 2750 b.
362 2705 644 2761 Aliquando
679 2705 845 2759 etiam,
888 2720 1038 2750 suasu
1073 2705 1254 2750 domini
1288 2705 1530 2763 officialiS,
1572 2705 1824 2750 visitamus
1853 2701 1875 2774 2.

239 2848 256 2865 Π
284 2847 521 2893 Insistimus,
540 2854 581 2884 ut
597 2860 848 2895 ceperamus,
866 2852 1002 2884 nostre
1018 2846 1235 2884 societatis
1250 2848 1592 2895 occupationibus.
1623 2848 1688 2876 -b
1708 2850 1822 2894 prout
1856 2875 1857 2878 η

192 2919 384 2952 rogamur
402 2920 425 2943 a
443 2908 648 2944 canonicis
667 2913 735 2944 aut
755 2907 995 2954 pastoribus,
1017 2907 1066 2943 ad
1087 2920 1201 2953 quas.

242 3052 248 3068 ¹
302 3050 448 3086 Petrus
467 3051 515 3086 de
536 3050 788 3097 Burgundia.
816 3050 918 3086 Vide
938 3051 1138 3097 superius,
1160 3063 1252 3097 pag.
1278 3051 1356 3096 179,
1379 3056 1418 3087 et
1436 3051 1592 3088 Lailzz'i
1608 3051 1815 3092 llffonum„

193 3112 216 3146 l.
240 3123 288 3152 c..
309 3110 390 3146 300.
