1909 3328
233 227 301 263 704
704 227 925 266 LITTERAE
952 230 1078 274 QUAD
1086 240 1314 269 RIMESTRES

959 447 1056 498 175

518 563 954 611 FRANCISCUS
989 564 1036 612 G
1046 565 1493 614 UNDISALVUS

687 670 973 697 VALL1s0LETo
1000 662 1022 697 3
1047 672 1154 708 JUNH
1184 662 1274 699 1558
1302 664 1326 700 ¹.

189 741 218 777 1.
234 741 479 779 Λῖίῐιιίεΐεγία
494 754 594 789 erga
605 746 842 789 proximos.
860 745 1702 793 Sacramentommflfequentatm.—2-4.
1720 749 1830 786 Par-

259 803 467 839 ticularia
488 804 688 849 exempla
708 816 784 841 na}
798 806 1058 842 mmmm-5.
1084 806 1309 843 Contiones
1328 808 1373 843 in
1394 811 1539 844 nostro
1555 811 1594 844 et
1609 810 1654 844 ite
1670 809 1830 845 alienis

260 863 450 907 templis.
464 862 547 899 —6.
574 863 829 901 thtlzemmz
849 865 1043 902 haeresis
1061 867 1225 903 occulte
1239 868 1582 912 grassata-za—J.
1614 867 1741 904 Fidei
1766 870 1829 905 in—

259 924 438 967 tegritas
466 926 714 960 nossmtmn
743 927 788 961 in
816 925 895 961 lzoc
920 936 1024 962 casn
1046 926 1285 963 elucet—8.
1308 927 1535 973 Principis
1555 931 1594 964 et
1612 928 1828 966 nobilium

264 981 557 1019 foemilmrmn
578 985 1039 1030 aztlaepz'etas.-9-12.
1065 986 1340 1032 llsagmztmn,
1365 988 1629 1033 praesnlmn
1658 991 1697 1025 et
1721 993 1829 1034 pon-

259 1042 387 1088 tificii
405 1043 694 1088 legatishvw.
1049 1051 1052 1055 '

252 1126 289 1170 1.
357 1132 385 1181 †
408 1125 504 1172 Ihs.
533 1126 816 1174 Admodum
841 1129 948 1175 RQ
982 1129 1054 1175 Rs
1082 1129 1127 1175 in
1153 1129 1305 1176 Chro.
1344 1131 1452 1177 Pax
1488 1130 1689 1187 Christi,
1728 1144 1821 1178 etc.

193 1202 497 1261 [Profitez‘ur
516 1219 571 1250 se
595 1220 659 1250 ex
681 1206 971 1253 obedientia
994 1209 1251 1266 scm'belfeff

279 1281 445 1338 Atque
470 1294 521 1327 ut
546 1283 608 1327 ab
633 1283 705 1340 iis,
733 1300 860 1341 quae
885 1285 1123 1341 proximis
1146 1288 1307 1332 solent
1332 1287 1579 1344 praestari
1614 1288 1826 1333 ministe-

190 1358 265 1403 ria
290 1359 527 1405 exordiar
552 1362 683 1417 (nam
712 1361 771 1406 de
802 1361 1104 1420 domesticis,
1142 1364 1255 1420 quid
1289 1373 1494 1421 praeter
1527 1365 1725 1411 solitum
1761 1367 1826 1412 di-

190 1451 318 1492 cam,
347 1438 507 1483 habeo
532 1439 664 1496 nihil,
692 1455 839 1496 quum
871 1440 917 1485 in
952 1442 1368 1500 praesentiarum,
1409 1442 1608 1489 Christo
1642 1444 1826 1501 gratia,

189 1531 434 1572 prospera
458 1531 629 1562 omnes
653 1516 881 1563 fruamur
906 1520 1226 1578 ualetudine),
1253 1531 1484 1578 quantus,
1512 1522 1726 1579 inquam,
1764 1538 1827 1568 ex

194 1592 249 1637 iis
288 1592 481 1639 fructus
520 1594 840 1652 percipiatur,
883 1597 1036 1641 multo
1076 1597 1270 1643 facilius
1309 1599 1660 1655 paternitatem
1695 1611 1828 1645 tuam

190 1670 570 1717 aestimaturam
596 1672 833 1729 arbitror,
861 1690 1008 1730 quam
1034 1690 1111 1720 me
1135 1676 1453 1732 scripturum.
1482 1677 1627 1734 Nam,
1657 1687 1707 1723 ut
1731 1678 1828 1723 alia

186 1748 416 1798 omittam
441 1749 629 1805 (presto
654 1751 978 1797 morientibus
1003 1768 1128 1809 esse,
1157 1753 1349 1800 vissere
1379 1753 1692 1811 languentes,
1720 1755 1828 1800 lites

191 1835 339 1882 atque
379 1827 656 1873 inimicitias
696 1830 1016 1887 componere)
1056 1839 1196 1876 tanta
1236 1832 1519 1878 decurritur
1558 1833 1622 1878 ad
1660 1848 1828 1878 sacra-

189 1915 356 1949 menta
380 1904 678 1963 frequentia,
707 1915 760 1951 ut
784 1923 873 1952 sex
896 1907 1129 1954 Patribus
1153 1925 1244 1955 nec
1268 1910 1504 1956 scabendi
1530 1910 1724 1967 quidem
1749 1926 1828 1956 ca-

190 1981 302 2037 pitis
326 1991 430 2028 toto
455 1983 531 2028 die
556 1993 748 2041 tempus
775 1985 932 2031 detur.
960 1986 1066 2032 Nec
1086 1996 1268 2044 tamen,
1294 1988 1407 2044 quia
1427 1987 1691 2040 confitendi
1709 1998 1828 2034 tem-

190 2075 280 2115 pus
305 2061 367 2106 ab
395 2060 622 2107 Ecclesia
647 2063 1027 2120 praescriptum,
1055 2073 1366 2110 transactum
1389 2065 1488 2111 iam
1514 2075 1604 2123 est,
1641 2065 1828 2111 idcirco

190 2137 558 2184 confessionum
583 2140 682 2185 ulla
706 2139 758 2185 fit
787 2140 1104 2200 intermissio,
1132 2142 1281 2188 immo
1312 2159 1451 2200 uero,
1480 2144 1826 2201 quadragessi-

191 2216 321 2261 male
345 2225 537 2273 tempus
563 2233 692 2263 nunc
716 2234 863 2274 quam
895 2220 1112 2265 maxime
1147 2221 1417 2267 instaurari
1451 2222 1665 2280 uidetur3
1699 2221 1828 2279 quod

191 2292 230 2337 si
256 2293 431 2350 viginti
456 2294 688 2341 adessent
713 2295 908 2354 Patres,
936 2297 1084 2342 nihilo
1108 2299 1270 2344 secius
1295 2299 1457 2356 magis
1494 2300 1824 2356 quiescerent,

192 2379 243 2416 ut
267 2372 411 2427 plane
436 2372 667 2418 uideatur
691 2373 808 2419 nihil
832 2374 901 2419 sic
925 2375 1019 2420 hoc
1042 2385 1267 2433 tempore
1287 2393 1317 2422 a
1335 2377 1500 2443 diuina
1520 2362 1828 2435 benignitate

191 2448 371 2495 obnixe
406 2450 533 2495 uotis
569 2451 792 2496 omnibus
827 2454 1172 2510 expetendum,
1212 2470 1358 2511 quam
1393 2464 1446 2501 ut
1484 2455 1742 2512 operarios
1780 2456 1826 2500 in

193 2526 389 2572 vineam
413 2543 555 2573 suam
581 2529 777 2574 mittere
804 2529 1051 2586 dignetur.

251 2602 293 2648 2.
360 2602 459 2649 Sed
484 2614 536 2650 ut
559 2622 588 2651 a
612 2606 935 2662 generalibus
968 2607 1030 2652 ad
1066 2608 1394 2664 particularia
1428 2609 1525 2655 iam
1559 2610 1827 2655 descendat

192 2695 373 2739 sermo,
401 2683 568 2741 aliqua
592 2684 719 2729 scitu
743 2684 895 2741 digna
918 2686 1206 2741 paternitati
1225 2696 1341 2732 tuae
1361 2687 1596 2745 referam,
1620 2699 1672 2733 ut
1691 2704 1752 2733 ex
1771 2687 1826 2732 iis
1882 2746 1884 2750 ἱ

194 2767 397 2804 caetera
437 2761 595 2816 possis
620 2761 903 2807 aestimare.
931 2761 1171 2808 Homines
1194 2779 1409 2821 namque
1433 2765 1636 2821 aliquot,
1664 2781 1694 2810 a
1718 2780 1826 2821 pro-

193 2834 312 2890 priis
335 2837 481 2882 alieni
500 2839 758 2897 uxoribus,
781 2839 860 2896 qui
885 2839 993 2885 aliis
1012 2840 1282 2886 multorum
1302 2857 1547 2888 annorum
1567 2850 1824 2887 consuetu-

240 2990 250 3009 ¹
303 2989 365 3026 Ex
380 2992 632 3038 autographo
652 2992 691 3028 in
711 2992 847 3029 codiee
862 2992 995 3039 Hz'sp.
1025 2992 1090 3035 96,
1111 2991 1134 3028 2
1151 2991 1209 3037 ft,
1231 3006 1298 3030 nn.
1323 2993 1402 3037 127,
1422 2993 1500 3039 1285
1518 2994 1628 3041 prius
1643 2993 1724 3039 724,
1742 2993 1822 3039 725,

192 3048 258 3085 731
282 3050 379 3095 (sic).
