1925 3509
536 265 846 303 4.—OL1sn³oNE
872 274 995 301 mmo
1023 273 1121 299 ANNI
1150 263 1240 298 1557
1610 262 1653 297 15

72 365 319 420 temporis
351 377 415 408 ex
447 362 561 407 clz'ui
591 362 759 407 Roclu'
791 363 802 386 ¹
839 360 911 405 ad
941 373 1034 404 nos
1065 359 1302 404 ueniunt:
1327 358 1377 402 iu
1403 357 1701 402 lectionibus

74 445 246 486 autem
286 439 506 485 asiduus
538 443 615 484 est
646 438 808 483 Pater
839 435 1053 481 Marcus
1086 434 1382 480 Prancucto.
1420 433 1701 479 Doctrinae

73 517 295 562 materia
319 516 616 561 mutuorum
642 515 854 560 utilitati
876 517 923 558 et
945 511 1166 568 tempori
1186 516 1394 567 semper
1422 523 1699 555 accommo-

73 594 244 648 datur,
283 593 353 638 ad
384 606 599 649 eamque
633 590 952 637 azutieudam
986 589 1137 634 multi
1164 588 1428 642 accedunt,
1457 587 1703 643 multique

76 671 342 728 utriusque
364 684 538 725 sexus,
567 669 744 714 audito
768 681 917 712 sacro
942 671 990 711 et
1012 666 1266 720 concione,
1305 669 1494 720 corpus
1527 663 1701 709 Domi-

74 749 247 793 nicum
292 747 555 803 accipiunt
597 758 790 802 magua
819 744 1043 801 feruore
1082 746 1129 787 et
1165 755 1366 799 magna
1406 741 1705 785 animorum

74 824 461 881 tranquillitate,
506 827 561 867 ut
598 823 648 867 iu
691 822 802 877 ipSO
843 820 1144 877 accipiendo
1177 819 1334 875 plane
1363 818 1706 874 perspicitur:

74 901 370 946 benedictus
391 900 551 951 Deus,
584 913 616 944 a
639 913 736 956 quo
760 899 938 943 onmia
962 897 1094 942 bona
1119 899 1383 941 emanant.

132 980 174 1024 4.
243 977 475 1035 Quotidie
499 976 764 1022 audiuntur
788 975 1142 1028 confessiones,
1176 973 1223 1018 in
1258 973 1433 1030 quibus
1468 971 1707 1016 Dominus

76 1056 296 1101 mutandi
331 1055 376 1100 in
416 1054 588 1099 melius
627 1052 780 1098 uitam
814 1061 961 1108 atque
1001 1049 1348 1107 frequentandi
1388 1058 1706 1094 sacramenta

77 1132 320 1179 desideria
346 1131 575 1177 incendit:
603 1129 869 1175 audiuntur
894 1128 1230 1174 confessiones
1261 1127 1390 1172 male
1415 1125 1703 1181 ualentium,

76 1211 387 1257 morientium
412 1209 560 1254 etiam
585 1208 796 1253 habetur
820 1207 964 1262 ratio,
999 1206 1209 1262 denique
1228 1205 1274 1250 in
1293 1213 1434 1250 tanta
1458 1203 1708 1249 hominum

79 1287 387 1333 multitudine
422 1301 671 1342 nunquam
706 1285 880 1330 desunt
915 1283 1174 1329 laborandi
1211 1282 1504 1328 occasiones
1538 1281 1584 1326 in
1616 1280 1708 1325 Dei

78 1365 292 1422 gloriam
317 1373 365 1409 et
388 1363 729 1420 proximorum
755 1362 1153 1407 emolumentum.

136 1442 178 1487 5.
246 1441 481 1486 Sentitur
513 1440 710 1485 utilitas
742 1453 807 1483 ex
839 1437 1208 1483 cousuetudine
1240 1436 1509 1493 spirituali
1536 1435 1710 1493 profe-

81 1524 176 1575 cta,
204 1523 251 1563 et
284 1517 565 1576 aliquando
599 1517 740 1562 deest
772 1516 917 1561 uobis
949 1514 1315 1571 opportunitas
1347 1512 1715 1572 satisfaciendi

81 1597 314 1642 onmium
340 1596 488 1640 uotis.

138 1674 179 1719 6.
248 1672 392 1729 Quod
418 1671 596 1717 attinet
621 1671 682 1716 ad
707 1670 966 1715 literarum
991 1669 1170 1723 studia,
1198 1682 1376 1714 omues
1399 1672 1447 1713 et
1470 1668 1520 1712 iu
1554 1667 1712 1712 uirtu-

82 1749 215 1795 tibus
258 1753 304 1794 et
347 1749 399 1793 iu
445 1749 606 1793 literis
644 1747 923 1804 procedere
968 1747 1235 1792 uidentur:
1278 1746 1475 1791 ineunte
1515 1743 1711 1801 Otobri‚

80 1827 178 1872 diui
202 1827 418 1883 Remigii
443 1826 612 1879 natali,
640 1841 729 1883 per
762 1825 947 1881 aliquot
981 1824 1084 1869 dies
1115 1823 1395 1869 intermissa
1429 1822 1606 1868 studia
1640 1837 1712 1867 re-

80 1920 323 1950 nouamus
355 1910 388 1957 ³,
426 1918 610 1959 magna
635 1902 911 1947 animorum
938 1911 985 1946 et
1009 1911 1392 1958 praeceptorum
1423 1908 1471 1945 et
1506 1899 1710 1956 discipu-

82 1981 242 2026 lorum
276 1980 607 2025 contentione.
645 1979 692 2024 A
725 1988 1055 2035 praeceptore
1091 1978 1282 2034 primae
1312 1977 1486 2022 classis
1511 1977 1526 2001 2
1551 1975 1713 2021 oratio
1764 1961 1766 1966 ’

84 2074 227 2103 mane
246 2058 415 2102 habita
436 2066 510 2102 est
529 2057 575 2101 in
595 2056 742 2101 trium
762 2056 1042 2112 linguarum
1059 2055 1270 2109 laudem,
1291 2069 1418 2111 quae
1435 2054 1714 2099 auditorum

83 2136 289 2191 animos,
313 2150 521 2191 quorum
541 2133 786 2179 maximus
806 2142 917 2179 erat
936 2148 1224 2185 concursus,
1244 2148 1356 2177 cum
1376 2132 1437 2177 ad
1457 2132 1715 2177 literarum

83 2213 262 2265 studia,
304 2221 406 2257 tum
444 2211 508 2256 ad
545 2211 756 2256 uirtutes
800 2209 1088 2267 inflamauit3
1131 2210 1258 2255 inter
1296 2223 1423 2267 quos
1452 2209 1471 2235 b
1508 2209 1717 2254 aderant

85 2289 352 2335 doctissimi
377 2288 485 2343 uiri,
513 2288 742 2333 consules
766 2288 908 2332 huius
932 2287 1147 2332 ciuitatis
1172 2296 1220 2332 et
1243 2287 1324 2332 alii
1349 2286 1580 2331 diuersae
1605 2300 1716 2330 con-

85 2367 278 2413 ditionis
311 2366 547 2421 homines,
586 2381 614 2410 a
649 2365 824 2421 quibus
848 2365 914 2410 ita
940 2365 1142 2410 laudata
1167 2373 1256 2419 est,
1283 2373 1337 2409 ut
1360 2363 1560 2420 dignam
1586 2367 1717 2418 quae

86 2444 214 2501 typis
239 2443 563 2488 mandaretur
586 2442 821 2492 dicerent;
850 2441 1044 2497 uesperi
1069 2450 1236 2486 autem
1265 2440 1654 2486 declamationes
1688 2453 1718 2483 a

87 2521 380 2578 quibusdam
414 2520 602 2577 primae
637 2520 810 2565 classis
834 2519 1033 2565 habitae
1057 2528 1184 2575 sunt,
1213 2519 1274 2564 ad
1299 2533 1422 2574 quas
1446 2516 1718 2562 audiendas

88 2599 354 2644 maximus
376 2598 526 2643 etiam
550 2597 819 2642 homiuum
844 2600 1015 2642 coetus
1030 2596 1148 2654 fuit
1178 2602 1210 2645 ⁰.
1247 2596 1510 2651 omniaque
1535 2609 1718 2650 magno

88 2675 286 2721 theatro
309 2683 516 2732 peracta
539 2684 652 2719 sunt
679 2673 697 2700 ‘¹
719 2678 767 2718 et
788 2687 904 2718 cum
927 2674 1160 2718 omnium
1185 2672 1536 2729 aprobatioue..

139 2825 157 2845 ὃ
178 2831 227 2855 ea
258 2817 487 2855 intermissa
514 2817 816 2853 renouauimus.
871 2816 936 2843 —b
957 2816 1063 2852 inter
1094 2821 1263 2851 ceteros.
1319 2822 1381 2841 —C
1412 2815 1574 2861 plurimi
1595 2815 1718 2852 etiam

93 2883 381 2914 convenerant.
436 2875 502 2903 —d
523 2889 671 2923 magno
690 2876 889 2922 applausu
911 2880 1073 2921 peracta
1093 2880 1197 2910 sunt.

140 3005 149 3023 ¹
202 3003 357 3039 Domus
375 3001 646 3049 professorum
666 2999 959 3047 olisiponensis.

139 3062 151 3081 ²
201 3061 302 3098 Erat
321 3061 353 3097 is
368 3060 564 3106 magister
582 3059 794 3106 Vanegas.
818 3057 881 3095 Cf.
903 3057 1148 3099 POLANcUM,
1174 3057 1342 3101 Clzron„
1364 3057 1438 3098 VI.
1460 3058 1540 3095 735.
