1909 3328
276 262 345 297 342
744 262 758 297 I
764 273 898 298 Arr‘rssie
908 274 928 297 A
938 273 961 297 E
989 262 1080 305 QUA
1088 272 1344 298 DR1MEs'rREs

230 367 464 413 quantum
500 358 650 413 ipsius
685 359 949 404 conciones
988 358 1307 414 profecerint.
1347 358 1540 403 Etenim
1583 359 1809 415 permulti
1833 360 1853 382 a

228 428 491 473 conciones
515 444 762 484 nunquam
788 429 925 474 adire
951 429 1095 484 soliti,
1123 438 1378 486 postquam
1401 429 1551 474 Pater
1571 429 1852 476 concionari

227 504 405 560 coepit,
433 520 627 560 semper
652 505 875 558 adfuere;
904 506 981 563 qui
1008 521 1177 550 omnes
1204 521 1299 550 una
1323 522 1433 550 cum
1453 506 1673 561 pluribus
1692 521 1850 551 sacer-

227 580 438 637 dotibus,
471 581 558 626 Dei
585 581 907 639 benignitate,
935 598 1029 626 non
1057 582 1370 627 mediocriter
1399 593 1510 627 sunt
1545 582 1713 627 adiuti.
1752 582 1850 628 Mu—

227 657 314 702 lier
339 658 582 713 quaedam
623 659 849 704 omnibus
884 660 1106 715 uulgata,
1145 668 1254 715 post
1294 659 1579 704 concionem
1616 659 1849 717 auditam,

224 750 252 779 a
278 733 408 779 uitae
432 735 681 790 prauitate
712 737 773 780 ad
810 736 968 781 Deum
1004 745 1078 781 est
1112 751 1374 781 conuersa.
1413 736 1557 780 Aliae
1593 745 1853 792 praeterea

225 812 471 863 mulieres,
500 827 709 868 pompae
734 828 792 857 ac
818 813 976 857 fastus
1002 813 1190 868 plenae,
1218 813 1332 858 nihil
1358 824 1559 869 praeter
1589 814 1851 869 superbum

225 888 433 933 uestium
469 899 699 934 ornatum
736 890 1030 946 cogitanteS,
1075 899 1276 946 praeter
1316 905 1508 935 omnem
1544 891 1850 935 consuetudi-

223 981 333 1010 nem
378 965 664 1011 concionem
710 967 891 1012 nullam
933 967 1335 1023 praetermisere,
1377 977 1628 1024 tamquam
1669 967 1850 1023 ingenti

223 1057 346 1098 erga
372 1042 573 1088 Patrem
599 1059 771 1088 amore
796 1044 1158 1100 alliciebantur,
1186 1052 1389 1100 propter
1414 1044 1608 1089 diuinae
1643 1044 1850 1103 charita-

224 1119 284 1163 tis
308 1120 619 1175 splendorem
645 1136 791 1176 quam
817 1121 861 1165 in
887 1121 1009 1176 ipso,
1037 1121 1145 1165 luce
1170 1121 1369 1177 clarius,
1407 1121 1633 1165 relucere
1657 1120 1850 1167 uideba-

223 1204 319 1252 tur,
347 1196 413 1240 uti
442 1196 530 1240 u-iri
557 1211 666 1241 esse
701 1206 938 1253 cuperent
975 1213 1069 1252 quo
1106 1197 1237 1242 illum
1273 1212 1584 1254 quocumque
1620 1208 1852 1255 pergeret

225 1272 422 1318 assidue
446 1274 584 1329 sequi
609 1274 850 1319 ualerent.

282 1350 322 1395 2.
391 1350 583 1396 Doctor
624 1351 805 1396 Paulus
846 1354 855 1375 ¹
894 1352 1085 1397 duobus
1120 1351 1360 1397 exercitia
1395 1352 1668 1408 spiritualia
1703 1352 1847 1410 dedit,

222 1443 428 1484 quorum
454 1428 582 1473 alter
606 1437 784 1485 nuptus
808 1439 934 1485 erat,
961 1430 1088 1474 alter
1114 1429 1252 1474 miles
1283 1429 1361 1486 qui
1398 1429 1649 1485 religionis
1683 1440 1850 1494 uotum

220 1504 352 1551 fecit.
381 1505 533 1551 Pater
558 1506 855 1552 Benedictus
880 1522 1073 1563 quoque
1098 1507 1230 1552 dedit
1255 1507 1494 1553 exercitia
1530 1507 1608 1552 uni
1644 1506 1848 1564 discipu-

224 1583 285 1640 lo,
313 1583 390 1639 qui
427 1584 533 1639 pari
569 1584 715 1628 modo
751 1584 795 1628 in
831 1584 1130 1629 teatinorum
1166 1584 1386 1630 ordinem
1421 1600 1473 1630 se
1507 1585 1848 1642 ingressurum

225 1659 377 1705 uouit.

280 1740 322 1782 3.
390 1737 535 1794 Quod
560 1747 725 1783 autem
751 1739 812 1783 ad
834 1748 1031 1784 nostros
1051 1739 1316 1796 discipulos
1336 1739 1563 1797 pertinet,
1586 1739 1780 1785 assidue
1799 1755 1850 1785 se

221 1813 265 1858 in
292 1815 730 1871 compositionibus
755 1826 1007 1873 exercent3
1035 1817 1114 1873 qui
1134 1827 1336 1874 praeter
1354 1828 1584 1863 caeteras
1603 1817 1850 1864 orationes

222 1908 345 1948 quas
371 1893 415 1937 in
441 1894 713 1938 coenaculo
740 1894 957 1939 recitare
986 1896 1162 1951 solent,
1199 1905 1302 1941 tres
1335 1895 1354 1923 b
1389 1896 1435 1941 in
1470 1897 1651 1952 templo
1686 1904 1850 1941 nostro

221 1986 333 2015 cum
369 1971 611 2015 nonnullis
646 1971 873 2016 uersibus
907 1972 951 2016 in
988 1971 1115 2017 festo
1140 1972 1528 2018 circumcisionis
1552 1973 1747 2018 Domini
1772 1973 1848 2018 ha-

222 2048 450 2105 buerunt,
487 2063 698 2104 quarum
733 2048 860 2093 duae
896 2049 1093 2105 latinae,
1130 2049 1280 2095 tertia
1318 2065 1523 2107 graeca.
1569 2049 1738 2094 Pueris
1773 2049 1848 2106 qui

221 2125 537 2181 gymnasium
561 2124 826 2170 Societatis
851 2125 1182 2183 frequentant,
1210 2128 1359 2172 semel
1386 2127 1430 2172 in
1456 2127 1766 2172 hebdomada
1789 2127 1848 2172 le-

221 2202 356 2258 gitur
380 2202 607 2247 doctrina
630 2218 811 2259 xpana.
849 2219 996 2259 quam
1031 2204 1235 2261 singulis
1269 2205 1441 2251 diebus
1474 2204 1612 2251 festis
1646 2221 1675 2250 a
1711 2220 1848 2262 pran-

222 2279 300 2324 dio
325 2279 615 2325 memoriter
639 2281 974 2336 pronuntiant.

310 2357 450 2402 Haec
474 2368 601 2414 sunt,
629 2357 752 2403 Rde.
781 2358 883 2415 Pin,
921 2374 1046 2415 quae
1082 2359 1126 2404 in
1164 2360 1447 2415 praesentia
1482 2359 1689 2405 dicenda
1724 2358 1846 2404 uide-

223 2435 420 2480 bantur.
451 2433 721 2480 Caeterum
747 2434 1056 2480 orationibus
1080 2445 1129 2482 et
1152 2436 1409 2482 sacrificiis
1432 2436 1492 2482 R.
1521 2436 1574 2481 P.
1602 2445 1717 2482 tuae
1737 2435 1846 2481 alio-

267 2638 285 2656 ·‘¹
337 2638 519 2683 Syllaba
552 2650 623 2684 per
650 2638 893 2674 atramenti
926 2640 1103 2675 nzacrtla
1136 2639 1291 2679 deleta,
1326 2641 1485 2676 iterum
1521 2641 1685 2685 scripta
1715 2644 1847 2685 supra
1907 2639 1909 2652 ¹

221 2708 410 2733 versum.
465 2697 530 2724 --b
563 2697 658 2734 Hoc
676 2709 714 2734 v.
736 2699 952 2743 scm'ptmn
973 2701 1035 2734 est
1060 2703 1197 2744 supra
1225 2710 1416 2743 versum,
1451 2699 1587 2736 deleto
1619 2700 1706 2736 alio
1736 2697 1848 2745 quod

223 2757 359 2802 legere
378 2768 463 2793 7107!
485 2758 698 2794 valemus.

269 2955 281 2973 ⁵
332 2954 369 2990 Is
388 2954 510 2991 fuisse
534 2956 691 2992 videtur
709 2956 758 2992 P.
785 2956 858 2992 Dr.
880 2956 1033 2992 P.iulus
1053 2956 1264 3002 Hoffaeus,
1286 2958 1354 3004 qui
1375 2958 1507 2994 Roma
1527 2958 1565 2993 in
1586 2956 1844 2994 Germaniam

222 3014 405 3060 tendens,
428 3015 663 3061 aliquandiu
683 3015 841 3052 Patavii
863 3016 911 3052 ob
931 3015 1129 3052 infirmam
1150 3017 1425 3053 valetudinem
1446 3017 1667 3054 subsistere
1699 3015 1842 3053 debuit,

224 3073 286 3110 (ji.
313 3074 763 3118 LasnsiJl‹27121111.,IH
802 3075 879 3112 ῙΓῼ.
