1900 3380
602 225 917 263 179—PERUS10
944 226 965 261 4
988 225 1097 272 JULn
1128 225 1218 262 1558
1609 224 1679 260 735

95 323 214 369 obiit
248 321 458 379 septimo
492 321 600 366 idus
634 321 818 366 Martii.
857 321 1110 378 Quantum
1147 338 1267 368 uero
1307 322 1603 368 desiderium
1636 321 1725 377 sui,

95 410 330 456 quantam
355 398 734 444 admirationem
762 398 1032 455 reliquerit,
1062 399 1321 444 declarant
1345 415 1518 444 eorum
1544 414 1728 444 sermo-

95 492 182 522 nes
204 492 301 522 non
325 476 483 521 solum
509 475 589 532 qui
614 476 813 520 domum
838 485 1060 521 nostram
1086 476 1420 533 frequentant,
1448 476 1533 522 sed
1554 475 1728 533 quibus

95 563 205 599 erat
228 563 390 611 notus,
417 562 527 598 erat
552 562 719 598 autem
743 553 983 598 omnibus.
1015 553 1197 599 Dolent
1227 554 1354 599 enim
1388 555 1726 610 uehementer,

95 631 223 687 quod
248 640 296 677 et
319 640 463 687 patre
488 630 673 687 optimo
698 640 746 675 et
771 630 980 687 egregio
1012 631 1296 676 consiliario
1331 631 1514 677 fuerint
1549 631 1727 676 orbati.

96 709 223 754 Nam
247 708 353 766 quis
377 724 436 754 eo
460 717 546 753 aut
569 707 616 752 in
640 707 981 753 succurrendo
1006 709 1304 764 pauperibus
1324 709 1626 765 diligentior?
1644 717 1731 754 aut

95 786 140 831 in
165 786 468 831 consulendo
492 785 788 842 promptior?
811 793 897 830 aut
922 784 965 829 in
992 784 1300 841 perferendis
1332 786 1584 831 laboribus
1618 801 1727 831 con-

95 862 327 908 stantior?
351 871 437 907 aut
463 862 670 918 denique
697 861 742 905 in
768 861 898 906 omni
924 861 1119 906 uirtutis
1145 872 1191 906 et
1215 862 1411 918 pietatis
1431 878 1616 918 genere
1639 862 1730 907 fre-

96 939 346 997 quentior?
368 939 421 984 In
447 955 559 996 quo,
593 954 705 984 cum
740 947 905 984 essent
940 939 1202 996 permulta,
1241 955 1367 995 quae
1402 940 1507 984 iure
1547 940 1731 996 optimo

96 1017 301 1062 laudare
327 1032 499 1073 posses
524 1015 640 1073 (imo
676 1032 815 1073 uero,
852 1015 967 1060 nihil
1009 1016 1204 1060 omnino
1240 1017 1368 1072 quod
1406 1033 1500 1062 non
1536 1018 1725 1074 posses)

94 1103 198 1139 tum
223 1094 338 1139 illud
363 1103 501 1139 certe
526 1093 880 1151 praestantius,
909 1093 1040 1149 quod
1064 1093 1247 1138 nullam
1272 1110 1486 1150 unquam
1513 1095 1731 1140 occasio-

95 1188 204 1217 nem
228 1171 428 1217 iuuandi
453 1172 666 1216 alterum
690 1171 1102 1228 praetermiserit:
1131 1171 1244 1227 imo,
1271 1172 1310 1216 si
1331 1188 1425 1217 non
1446 1182 1730 1229 quaereret,

99 1264 207 1294 eam
233 1264 286 1294 se
309 1248 707 1305 praetermisisse
732 1248 1045 1294 indicauerit.
1084 1248 1186 1294 Ter
1211 1259 1296 1294 aut
1331 1258 1507 1305 quater
1542 1251 1733 1295 concio-

96 1326 312 1371 nabatur
336 1326 382 1371 in
406 1326 499 1383 die,
528 1336 578 1371 ut
602 1326 825 1371 omittam
844 1326 1044 1382 priuata
1064 1326 1327 1383 colloquia,
1351 1327 1393 1371 in
1416 1327 1591 1384 quibus
1616 1343 1732 1372 nun-

99 1419 244 1460 quam
271 1403 524 1448 remissior
547 1403 653 1461 fuit,
676 1418 823 1459 quam
842 1404 1026 1448 soleret
1045 1404 1090 1448 in
1111 1403 1366 1449 concione.
1389 1403 1501 1460 Quo
1521 1405 1731 1462 quidem,

84 1480 185 1525 etsi
211 1480 325 1525 nihil
349 1489 510 1537 potest
534 1480 814 1537 excogitari
839 1481 1154 1537 laboriosius,
1183 1480 1423 1538 frangere
1443 1493 1607 1527 tamen
1628 1483 1733 1528 eius

96 1557 312 1603 animum
348 1566 396 1603 et
430 1557 712 1614 defatigare
746 1574 841 1603 non
877 1557 1049 1614 potuit.
1088 1558 1319 1615 Quantas
1353 1560 1483 1605 uires
1524 1560 1733 1606 haberet

102 1635 336 1692 charitas,
365 1635 478 1692 quid
502 1636 660 1692 pietas
684 1651 743 1681 ac
768 1635 944 1692 religio
969 1645 1151 1693 posset,
1179 1635 1327 1682 facile
1361 1637 1406 1681 in
1438 1653 1495 1683 eo
1531 1638 1733 1694 deprae-

100 1712 426 1769 hendebatur,
465 1712 594 1769 quod
629 1728 876 1769 nunquam
912 1713 1166 1770 diligentia
1202 1714 1447 1771 refriguit,
1486 1731 1734 1771 nunquam

101 1790 273 1836 feruor
296 1790 488 1836 honesti
514 1790 663 1835 animi
688 1801 835 1847 atque
861 1791 1104 1848 cupiditas
1128 1792 1361 1837 cessauit.

154 1868 197 1913 3.
264 1867 403 1913 Illum
443 1868 584 1913 nobis
625 1868 938 1913 acutissimus
979 1869 1184 1914 morbus
1224 1870 1475 1926 inopinato
1515 1870 1731 1927 abstulit,

99 1945 208 1991 Deo
235 1945 445 1991 reddidit
469 1945 704 2001 maximo,
734 1945 872 1991 cuius
897 1947 1288 1992 sacratissimam
1323 1948 1484 2004 legem
1508 1948 1605 1993 iam
1639 1948 1733 1993 fer—

99 2039 175 2068 me
210 2023 427 2068 moriens
461 2038 556 2068 non
592 2023 696 2069 sine
731 2023 999 2080 lachrymis
1024 2023 1371 2080 profitebatur.
1409 2024 1579 2070 Funus
1615 2040 1735 2070 uero

97 2100 327 2156 permulti
360 2101 651 2146 sacerdotes
686 2100 880 2157 uirique
914 2101 1135 2158 religiosi
1159 2117 1220 2147 ac
1244 2102 1450 2156 nobiles,
1489 2117 1601 2147 cum
1636 2118 1734 2148 ma-

99 2193 200 2235 gna
224 2176 588 2235 significatione
613 2178 799 2223 amoris
824 2178 898 2224 sui
923 2194 1048 2235 erga
1072 2195 1160 2224 nos
1181 2195 1241 2224 ac
1261 2179 1636 2224 beneuolentiae
1655 2179 1735 2224 ho-

100 2264 378 2300 nestarunt.
405 2255 482 2300 De
506 2255 790 2301 domesticis
814 2255 1071 2302 hactenus.

156 2333 199 2378 4.
266 2332 414 2389 Quod
437 2333 500 2378 ad
524 2333 721 2378 scholas
745 2333 973 2390 pertinet,
997 2343 1109 2379 sunt
1128 2334 1324 2391 quidem
1343 2334 1645 2392 frequentes,
1673 2333 1735 2379 ad

99 2409 185 2455 200
207 2409 314 2455 fere
339 2410 621 2466 discipulos,
648 2426 859 2466 quorum
884 2411 1100 2467 ingenia,
1129 2427 1224 2468 quo
1256 2411 1511 2456 deteriora
1545 2420 1656 2457 sunt
1689 2422 1738 2457 et

99 2487 162 2532 ad
187 2486 306 2532 uitia
340 2487 660 2544 procliuiora,
699 2503 758 2533 eo
792 2488 952 2533 maior
987 2488 1246 2533 solicitudo
1272 2488 1549 2545 adhibetur,
1587 2498 1736 2546 atque

98 2564 284 2610 idcirco
308 2564 526 2611 fortasse
550 2565 762 2622 gratior.
791 2565 1010 2623 Fingunt
1033 2567 1253 2623 plerique
1277 2582 1386 2611 sese
1410 2576 1458 2612 et
1483 2566 1545 2612 ad
1570 2565 1737 2613 Socie-

99 2642 215 2688 tatis
254 2642 528 2688 institutum
567 2643 914 2701 accomodant;
957 2644 1038 2701 qui
1077 2643 1422 2700 refragantur,
1460 2653 1546 2689 aut
1580 2645 1733 2702 magi-

99 2727 317 2764 strorum
343 2719 547 2764 consilio
572 2720 915 2776 retrahuntur,
943 2729 1028 2765 aut
1052 2735 1240 2776 poenae
1267 2729 1398 2766 metu
1418 2726 1732 2767 coercentur.

101 2795 417 2842 Confitentur
446 2797 653 2853 singulis
687 2798 937 2844 mensibus
972 2807 1020 2843 et
1055 2798 1099 2842 in
1135 2798 1437 2844 solemnibus
1471 2799 1660 2858 diebus,
1697 2800 1737 2846 si

100 2873 180 2930 qui
203 2873 335 2919 forte
358 2873 747 2921 intercesserint.

158 2950 199 2996 5.
264 2950 450 2997 Omnes
474 2967 596 2997 uero
621 2952 668 2997 in
691 2952 834 2998 bonis
855 2952 1025 3008 literis,
1048 2952 1211 3009 quoad
1230 2952 1467 3010 cuiusque
1488 2954 1737 3011 ingenium

101 3026 215 3084 fert,
242 3044 338 3073 non
363 3029 466 3074 sine
490 3028 657 3074 fructu
688 3038 736 3075 et
768 3029 980 3075 utilitate
1015 3038 1298 3075 uersantur.
1338 3029 1488 3076 Vnde
1520 3030 1737 3078 fortasse
