1966 3540
778 317 1014 346 PRAEFATIO
1608 317 1662 343 XV

79 419 153 455 tes
187 406 384 452 minime
424 405 469 451 in
509 405 803 462 poenitentis
843 404 1175 461 cognitionem
1211 403 1381 448 venire
1423 403 1633 459 possint»
1678 405 1707 447 ¹.

166 485 218 530 In
243 499 375 529 novo
400 482 584 529 Codice
608 482 742 542 Juris
776 481 1085 538 eclesiastici,
1123 480 1393 525 canonibus
1427 480 1514 521 889
1547 489 1595 524 et
1626 482 1714 524 890

80 562 254 608 eadem
280 560 506 605 firmatur
531 559 785 616 disciplina
809 558 869 603 de
898 558 1060 615 sigillo
1085 558 1257 603 stricte
1290 557 1539 603 servando
1574 566 1621 601 ct
1655 556 1713 601 dc

80 637 317 684 scientiae
362 652 450 693 per
489 635 851 681 confessionem
896 634 1171 691 acquisitae
1216 633 1371 679 vetito
1411 649 1517 686 usu,
1566 633 1714 678 etiam

79 717 267 772 absque
290 713 512 770 periculo
536 712 858 758 revelationis
881 711 967 756 sed
993 727 1101 757 cum
1127 710 1426 768 gravamine
1462 709 1710 766 poeniten-

79 793 156 850 tis,
184 792 264 837 vel
287 791 436 837 etiam
461 790 563 835 sine
587 789 671 834 tali
697 788 994 845 gravamine
1025 788 1063 833 si
1099 788 1162 832 ad
1196 787 1499 833 exteriorem
1535 787 1714 843 guber—

79 869 326 915 nationem
352 884 381 913 a
405 866 758 923 Superioribus
782 866 880 910 ullo
906 866 1051 910 modo
1076 865 1386 911 adhibeatur.

170 946 301 991 Ante
327 944 564 990 Codicem
589 952 772 999 autem,
801 943 878 988 die
911 944 939 987 9
971 943 1101 1002 Junii
1140 942 1266 997 1915,
1305 942 1350 987 in
1389 942 1714 987 instructione

81 1023 133 1069 S.
156 1022 319 1069 Officii
345 1021 405 1067 ad
432 1020 712 1066 ordinarios
737 1021 959 1065 locorum
979 1029 1026 1065 et
1047 1018 1345 1076 Superiores
1365 1019 1714 1075 religiosorum

8 1096 15 1102 “
80 1101 183 1146 lata
208 1100 354 1157 (quae
385 1098 579 1155 quidem
615 1096 874 1143 instructio
909 1105 1010 1142 tam
1047 1097 1092 1142 in
1129 1098 1233 1154 ipso
1270 1095 1456 1141 Codice
1492 1112 1636 1153 quam
1671 1096 1715 1140 in

80 1176 302 1235 ejusdem
318 1174 723 1221 annotationibus
741 1174 925 1219 omissa
941 1174 1050 1231 est),
1070 1174 1194 1219 haec
1213 1182 1266 1218 ut
1285 1174 1515 1219 absoluta
1535 1173 1714 1230 agendi

81 1269 257 1299 norma
283 1252 590 1310 proponitur:
621 1267 707 1296 «ne
732 1251 844 1308 quid
870 1267 1105 1308 umquam
1129 1251 1475 1296 sacerdotes...
1514 1250 1575 1295 ad
1602 1266 1715 1295 con-

80 1329 306 1376 fessionis
330 1328 708 1374 sacramentalis
732 1328 993 1374 materiam
1018 1327 1288 1384 pertinens,
1311 1327 1489 1383 quavis
1508 1327 1599 1372 sub
1618 1326 1716 1371 for-

80 1424 160 1453 ma
184 1417 232 1453 et
257 1407 433 1464 quovis
457 1407 547 1452 sub
570 1414 853 1463 praetextu,
880 1421 940 1450 ne
959 1406 1120 1450 obiter
1139 1405 1335 1461 quidem
1355 1414 1402 1450 et
1421 1420 1512 1450 nec
1531 1405 1717 1450 directe

78 1501 235 1541 neque
274 1484 511 1529 indirecte
550 1483 781 1540 (excepto
821 1498 942 1528 casu
981 1482 1300 1528 necessariae
1339 1482 1718 1528 consultationis

77 1561 219 1620 juxta
243 1563 448 1618 regulas
472 1576 502 1606 a
524 1560 751 1617 probatis
774 1560 1067 1605 auctoribus
1097 1559 1311 1605 traditas
1344 1559 1715 1617 proponendae)

79 1640 125 1685 in
169 1639 269 1685 suis
313 1655 399 1684 seu
449 1638 656 1695 publicis
706 1654 793 1683 seu
845 1638 1055 1695 privatis
1105 1638 1418 1683 sermonibus
1468 1637 1718 1694 attingere

80 1717 351 1763 audeant...
380 1716 628 1761 Praedicti
653 1714 906 1761 Ordinarii
926 1724 974 1761 et
994 1713 1294 1772 Superiores
1312 1724 1719 1773 transgressores

80 1794 310 1852 graviter
334 1802 584 1848 moneant,
613 1793 861 1838 recidivos
884 1793 1121 1850 congruis
1145 1793 1315 1849 poenis
1339 1793 1630 1851 percellant,
1659 1808 1720 1838 ac

81 1872 127 1917 in
167 1872 365 1918 casibus
404 1871 726 1928 gravioribus
765 1868 1012 1927 Supremo
1051 1871 1163 1916 huic
1207 1868 1259 1916 S.
1308 1869 1569 1917 Tribunali
1614 1886 1718 1916 rem

81 1950 444 2007 quamprimum
469 1948 746 1994 deferant».

171 2027 334 2073 Etiam
379 2025 817 2083 quadrimestrium
862 2035 1148 2071 nostrarum
1192 2026 1465 2084 scriptores
1511 2027 1589 2072 vel
1635 2027 1716 2083 qui

82 2105 173 2150 illis
196 2105 447 2150 factorum
477 2103 856 2149 scribendorum
890 2113 1112 2160 segetem
1147 2103 1547 2161 suppeditabant,
1576 2103 1717 2161 profi-

81 2183 316 2228 tebantur
338 2190 475 2227 certe
499 2180 777 2226 doctrinam
812 2180 872 2225 de
905 2180 1068 2237 sigillo
1102 2180 1429 2226 confessionis
1462 2196 1713 2238 nunquam

81 2275 141 2305 ne
165 2259 404 2305 indirecte
427 2258 624 2315 quidem
647 2258 937 2304 reserando.
964 2247 1219 2304 Robertus
1247 2257 1548 2316 Claysonius
1574 2275 1620 2304 v.
1647 2274 1712 2314 g.‚

82 2336 292 2382 Billiomi
316 2336 540 2382 scribens
564 2335 641 2381 die
663 2335 692 2382 9
714 2334 980 2381 Februarii
1008 2335 1136 2393 1557,
1164 2351 1226 2382 ac
1250 2336 1309 2381 de
1334 2335 1501 2382 fructu
1526 2334 1716 2381 confes-

82 2414 274 2460 sionum
309 2413 574 2470 disserens,
611 2412 823 2458 arduum
859 2413 975 2458 illud
1010 2422 1363 2469 argumentum
1398 2414 1633 2471 appellat,
1669 2422 1718 2459 et

87 2507 307 2537 «summa
330 2491 527 2549 quidem
551 2490 812 2548 prudentia
846 2500 895 2536 et
930 2490 1075 2548 sigilli
1111 2491 1437 2537 confessionis
1473 2491 1713 2548 religione

82 2578 312 2615 seruata»
341 2570 356 2594 2
379 2568 714 2626 tractandum3
742 2568 891 2614 nihilo
914 2579 1080 2614 tamen
1106 2569 1265 2614 minus
1300 2569 1466 2625 aliqua
1491 2569 1719 2625 exempla

133 2756 143 2774 ¹
194 2754 329 2799 LUGO,
353 2753 419 2791 De
435 2754 726 2797 Poem‘tentia.
748 2753 848 2800 disp.
870 2753 1026 2798 XXIII,
1048 2767 1085 2790 n.
1113 2753 1172 2796 63:
1201 2753 1242 2791 S.
1262 2753 1528 2798 ΑΙΑΡΗΟΝΒΗΞ,
1552 2754 1719 2792 Theolo-

80 2815 156 2861 gia
176 2814 372 2859 moralis,
394 2813 488 2850 edit.
511 2812 670 2856 Gaude,
692 2814 864 2858 Romae,
889 2813 991 2856 1909,
1014 2818 1062 2850 tr.
1085 2813 1159 2856 VI,
1181 2814 1207 2850 l.
1229 2813 1304 2855 IV,
1325 2826 1358 2850 c.
1387 2813 1457 2860 ΙΙΙ,
1486 2827 1554 2850 nn.
1583 2814 1653 2851 654
1680 2820 1720 2852 et

84 2874 166 2919 657;
188 2873 332 2911 Homo
351 2873 630 2919 apostolicus,
646 2878 695 2910 tr.
717 2872 772 2917 16,
790 2886 828 2909 n.
849 2872 927 2918 1583
945 2872 1573 2917 GURY-BALLERINl—PALMIERI,
1604 2875 1719 2912 Com-

84 2933 300 2980 pendimn
326 2933 578 2979 Theologiae
597 2933 793 2976 moralis,
815 2933 879 2969 ed.
901 2933 954 2978 15,
972 2933 1021 2977 Π,
1039 2932 1119 2978 4763
1139 2932 1396 2979 LEHMKUHL,
1414 2935 1476 2972 ed.
1497 2935 1551 2979 10,
1568 2934 1617 2980 ΙΙ,
1635 2934 1717 2979 4673

86 2992 519 3037 GssNICOT-SALMANS‚
539 2993 599 3030 ed.
616 2993 651 3038 8,
669 2992 817 3037 11‚389;
836 2992 1060 3036 PRUMMER,
1077 2994 1124 3026 ().
1144 2992 1204 3037 Ρ.,
1222 2993 1290 3039 ΙΙΙ,
1305 2994 1386 3039 447,
1405 2994 1540 3037 Pmm,
1560 2995 1721 3032 Cursus

94 3053 347 3098 Theologme
365 3053 558 3097 moralis,
581 3052 655 3096 IV,
676 3052 757 3088 361.

135 3112 147 3131 ²
199 3111 320 3153 Infra,
341 3124 381 3147 n.
402 3111 459 3155 24,
482 3112 522 3148 in
541 3112 772 3148 litterarum
792 3116 907 3157 parte
926 3111 1085 3147 omissa.
