<?xml version="1.0" encoding="UTF-8"?>
<!DOCTYPE html PUBLIC "-//W3C//DTD XHTML 1.0 Transitional//EN"
    "http://www.w3.org/TR/xhtml1/DTD/xhtml1-transitional.dtd">
<html xmlns="http://www.w3.org/1999/xhtml" xml:lang="en" lang="en">
 <head>
  <title>
</title>
<meta http-equiv="Content-Type" content="text/html;charset=utf-8" />
  <meta name='ocr-system' content='tesseract 3.04.00' />
  <meta name='ocr-capabilities' content='ocr_page ocr_carea ocr_par ocr_line ocrx_word'/>
</head>
<body>
  <div class='ocr_page' id='page_1' title='image "./litteraequadrime1705lain_0870.png"; bbox 0 0 1909 3328; ppageno 0'>
   <div class='ocr_carea' id='block_1_1' title="bbox 296 290 1366 335">
    <p class='ocr_par' dir='ltr' id='par_1_1' title="bbox 296 290 1366 335">
     <span class='ocr_line' id='line_1_1' title="bbox 296 290 1366 335; baseline 0.001 -11"><span class='ocrx_word' id='word_1_1' title='bbox 296 294 365 325; x_wconf 50' lang='lat'>&gt;115</span> <span class='ocrx_word' id='word_1_2' title='bbox 767 291 982 326; x_wconf 64' lang='lat' dir='ltr'>[ATTERAE</span> <span class='ocrx_word' id='word_1_3' title='bbox 1010 290 1366 335; x_wconf 69' lang='lat' dir='ltr'>QUADRmESTREs</span> 
     </span>
    </p>
   </div>
   <div class='ocr_carea' id='block_1_2' title="bbox 252 371 1909 2920">
    <p class='ocr_par' dir='ltr' id='par_1_2' title="bbox 252 371 1909 1446">
     <span class='ocr_line' id='line_1_2' title="bbox 253 371 1909 444; baseline 0 -12"><span class='ocrx_word' id='word_1_4' title='bbox 253 401 340 433; x_wconf 69' lang='lat' dir='ltr'>est.</span> <span class='ocrx_word' id='word_1_5' title='bbox 377 388 497 432; x_wconf 84' lang='lat' dir='ltr'>[llud</span> <span class='ocrx_word' id='word_1_6' title='bbox 536 388 650 431; x_wconf 67' lang='lat' dir='ltr'>item</span> <span class='ocrx_word' id='word_1_7' title='bbox 686 386 879 431; x_wconf 73' lang='lat' dir='ltr'>silentio</span> <span class='ocrx_word' id='word_1_8' title='bbox 913 401 1008 430; x_wconf 90' lang='lat' dir='ltr'>non</span> <span class='ocrx_word' id='word_1_9' title='bbox 1049 386 1465 442; x_wconf 88' lang='lat' dir='ltr'>praetereundum</span> <span class='ocrx_word' id='word_1_10' title='bbox 1501 401 1609 431; x_wconf 88' lang='lat' dir='ltr'>esse</span> <span class='ocrx_word' id='word_1_11' title='bbox 1648 386 1870 444; x_wconf 81' lang='lat' dir='ltr'>indicaui,</span> <span class='ocrx_word' id='word_1_12' title='bbox 1906 371 1909 379; x_wconf 38' lang='grc' dir='ltr'>Ι</span> 
     </span>
     <span class='ocr_line' id='line_1_3' title="bbox 253 463 1905 521; baseline 0 -11"><span class='ocrx_word' id='word_1_13' title='bbox 253 466 380 521; x_wconf 82' lang='lat' dir='ltr'>quod</span> <span class='ocrx_word' id='word_1_14' title='bbox 406 463 748 520; x_wconf 76' lang='lat' dir='ltr'>superioribus</span> <span class='ocrx_word' id='word_1_15' title='bbox 772 463 944 508; x_wconf 89' lang='lat' dir='ltr'>diebus</span> <span class='ocrx_word' id='word_1_16' title='bbox 978 463 1108 508; x_wconf 89' lang='lat' dir='ltr'>domi</span> <span class='ocrx_word' id='word_1_17' title='bbox 1142 472 1344 508; x_wconf 89' lang='lat' dir='ltr'>nostrae</span> <span class='ocrx_word' id='word_1_18' title='bbox 1379 463 1601 520; x_wconf 79' lang='lat' dir='ltr'>contigit,</span> <span class='ocrx_word' id='word_1_19' title='bbox 1630 480 1741 508; x_wconf 91' lang='lat' dir='ltr'>nam</span> <span class='ocrx_word' id='word_1_20' title='bbox 1767 480 1872 510; x_wconf 87' lang='lat' dir='ltr'>cum</span> <span class='ocrx_word' id='word_1_21' title='bbox 1903 502 1905 505; x_wconf 90' lang='lat'>.</span> 
     </span>
     <span class='ocr_line' id='line_1_4' title="bbox 253 540 1909 602; baseline 0 -15"><span class='ocrx_word' id='word_1_22' title='bbox 253 542 427 587; x_wconf 86' lang='lat' dir='ltr'>mulier</span> <span class='ocrx_word' id='word_1_23' title='bbox 451 541 696 597; x_wconf 75' lang='lat' dir='ltr'>quaedam</span> <span class='ocrx_word' id='word_1_24' title='bbox 721 556 847 596; x_wconf 88' lang='lat' dir='ltr'>quae</span> <span class='ocrx_word' id='word_1_25' title='bbox 873 556 902 584; x_wconf 91' lang='lat' dir='ltr'>a</span> <span class='ocrx_word' id='word_1_26' title='bbox 927 541 1167 585; x_wconf 89' lang='lat' dir='ltr'>daemone</span> <span class='ocrx_word' id='word_1_27' title='bbox 1202 540 1299 585; x_wconf 88' lang='lat' dir='ltr'>iam</span> <span class='ocrx_word' id='word_1_28' title='bbox 1335 548 1447 586; x_wconf 93' lang='lat' dir='ltr'>octo</span> <span class='ocrx_word' id='word_1_29' title='bbox 1482 556 1639 585; x_wconf 89' lang='lat' dir='ltr'>annos</span> <span class='ocrx_word' id='word_1_30' title='bbox 1663 543 1872 587; x_wconf 81' lang='lat' dir='ltr'>uexaba-</span> <span class='ocrx_word' id='word_1_31' title='bbox 1903 546 1909 602; x_wconf 65' lang='lat' dir='ltr'>l</span> 
     </span>
     <span class='ocr_line' id='line_1_5' title="bbox 252 617 1909 674; baseline 0.001 -10"><span class='ocrx_word' id='word_1_32' title='bbox 252 630 347 674; x_wconf 87' lang='lat' dir='ltr'>tur,</span> <span class='ocrx_word' id='word_1_33' title='bbox 376 619 420 663; x_wconf 93' lang='lat' dir='ltr'>in</span> <span class='ocrx_word' id='word_1_34' title='bbox 453 627 675 663; x_wconf 87' lang='lat' dir='ltr'>nostrum</span> <span class='ocrx_word' id='word_1_35' title='bbox 710 618 944 673; x_wconf 89' lang='lat' dir='ltr'>templum</span> <span class='ocrx_word' id='word_1_36' title='bbox 979 617 1210 673; x_wconf 90' lang='lat' dir='ltr'>uenisset,</span> <span class='ocrx_word' id='word_1_37' title='bbox 1236 617 1509 674; x_wconf 91' lang='lat' dir='ltr'>eodemque</span> <span class='ocrx_word' id='word_1_38' title='bbox 1533 618 1610 663; x_wconf 89' lang='lat' dir='ltr'>die</span> <span class='ocrx_word' id='word_1_39' title='bbox 1633 619 1873 664; x_wconf 85' lang='lat' dir='ltr'>sanctissi-</span> <span class='ocrx_word' id='word_1_40' title='bbox 1906 642 1909 668; x_wconf 66' lang='grc' dir='ltr'>ι</span> 
     </span>
     <span class='ocr_line' id='line_1_6' title="bbox 253 694 1909 750; baseline 0 -10"><span class='ocrx_word' id='word_1_41' title='bbox 253 711 382 740; x_wconf 90' lang='lat' dir='ltr'>mum</span> <span class='ocrx_word' id='word_1_42' title='bbox 418 694 600 740; x_wconf 87' lang='lat' dir='ltr'>Christi</span> <span class='ocrx_word' id='word_1_43' title='bbox 637 709 819 750; x_wconf 89' lang='lat' dir='ltr'>corpus</span> <span class='ocrx_word' id='word_1_44' title='bbox 852 694 1158 750; x_wconf 77' lang='lat' dir='ltr'>sumpsisset,</span> <span class='ocrx_word' id='word_1_45' title='bbox 1185 694 1346 740; x_wconf 92' lang='lat' dir='ltr'>subito</span> <span class='ocrx_word' id='word_1_46' title='bbox 1382 710 1411 739; x_wconf 89' lang='lat' dir='ltr'>a</span> <span class='ocrx_word' id='word_1_47' title='bbox 1445 694 1685 740; x_wconf 89' lang='lat' dir='ltr'>daemone</span> <span class='ocrx_word' id='word_1_48' title='bbox 1716 705 1874 741; x_wconf 86' lang='lat' dir='ltr'>corre·</span> <span class='ocrx_word' id='word_1_49' title='bbox 1904 726 1909 736; x_wconf 85' lang='lat'>.-</span> 
     </span>
     <span class='ocr_line' id='line_1_7' title="bbox 252 763 1909 832; baseline 0.003 -16"><span class='ocrx_word' id='word_1_50' title='bbox 252 782 352 829; x_wconf 85' lang='lat' dir='ltr'>pta,</span> <span class='ocrx_word' id='word_1_51' title='bbox 380 772 530 817; x_wconf 89' lang='lat' dir='ltr'>ueluti</span> <span class='ocrx_word' id='word_1_52' title='bbox 566 783 711 832; x_wconf 79' lang='lat' dir='ltr'>extra</span> <span class='ocrx_word' id='word_1_53' title='bbox 735 787 787 817; x_wconf 91' lang='lat' dir='ltr'>se</span> <span class='ocrx_word' id='word_1_54' title='bbox 812 771 971 828; x_wconf 89' lang='lat' dir='ltr'>posita</span> <span class='ocrx_word' id='word_1_55' title='bbox 1003 770 1232 829; x_wconf 78' lang='lat' dir='ltr'>concidit3</span> <span class='ocrx_word' id='word_1_56' title='bbox 1260 781 1470 827; x_wconf 86' lang='lat' dir='ltr'>rogatus</span> <span class='ocrx_word' id='word_1_57' title='bbox 1494 780 1658 817; x_wconf 88' lang='lat' dir='ltr'>autem</span> <span class='ocrx_word' id='word_1_58' title='bbox 1683 772 1875 828; x_wconf 82' lang='lat' dir='ltr'>spiritus</span> <span class='ocrx_word' id='word_1_59' title='bbox 1905 763 1909 821; x_wconf 77' lang='lat' dir='ltr'>l</span> 
     </span>
     <span class='ocr_line' id='line_1_8' title="bbox 253 849 1909 913; baseline 0 -18"><span class='ocrx_word' id='word_1_60' title='bbox 253 866 282 895; x_wconf 89' lang='lat' dir='ltr'>a</span> <span class='ocrx_word' id='word_1_61' title='bbox 307 850 519 907; x_wconf 89' lang='lat' dir='ltr'>quodam</span> <span class='ocrx_word' id='word_1_62' title='bbox 544 849 712 904; x_wconf 85' lang='lat' dir='ltr'>Patre,</span> <span class='ocrx_word' id='word_1_63' title='bbox 735 849 966 905; x_wconf 87' lang='lat' dir='ltr'>quoniam</span> <span class='ocrx_word' id='word_1_64' title='bbox 992 849 1145 893; x_wconf 88' lang='lat' dir='ltr'>multa</span> <span class='ocrx_word' id='word_1_65' title='bbox 1170 864 1296 905; x_wconf 86' lang='lat' dir='ltr'>quae</span> <span class='ocrx_word' id='word_1_66' title='bbox 1321 849 1417 894; x_wconf 88' lang='lat' dir='ltr'>iam</span> <span class='ocrx_word' id='word_1_67' title='bbox 1443 849 1523 894; x_wconf 92' lang='lat' dir='ltr'>diu</span> <span class='ocrx_word' id='word_1_68' title='bbox 1547 849 1872 907; x_wconf 73' lang='lat' dir='ltr'>contigerant,</span> <span class='ocrx_word' id='word_1_69' title='bbox 1906 864 1909 913; x_wconf 53' lang='lat'>1</span> 
     </span>
     <span class='ocr_line' id='line_1_9' title="bbox 253 922 1909 983; baseline 0.001 -11"><span class='ocrx_word' id='word_1_70' title='bbox 253 936 301 972; x_wconf 90' lang='lat' dir='ltr'>et</span> <span class='ocrx_word' id='word_1_71' title='bbox 325 926 549 972; x_wconf 89' lang='lat' dir='ltr'>omnibus</span> <span class='ocrx_word' id='word_1_72' title='bbox 574 926 747 983; x_wconf 80' lang='lat' dir='ltr'>ignota</span> <span class='ocrx_word' id='word_1_73' title='bbox 771 926 1077 983; x_wconf 78' lang='lat' dir='ltr'>proferebat,</span> <span class='ocrx_word' id='word_1_74' title='bbox 1101 927 1476 983; x_wconf 75' lang='lat' dir='ltr'>aliquorumque</span> <span class='ocrx_word' id='word_1_75' title='bbox 1496 926 1744 972; x_wconf 88' lang='lat' dir='ltr'>hominum</span> <span class='ocrx_word' id='word_1_76' title='bbox 1765 929 1874 973; x_wconf 87' lang='lat' dir='ltr'>mul-</span> <span class='ocrx_word' id='word_1_77' title='bbox 1905 922 1909 977; x_wconf 75' lang='lat' dir='ltr'>l</span> 
     </span>
     <span class='ocr_line' id='line_1_10' title="bbox 254 999 1909 1063; baseline 0.002 -13"><span class='ocrx_word' id='word_1_78' title='bbox 254 1014 305 1050; x_wconf 85' lang='lat' dir='ltr'>ta</span> <span class='ocrx_word' id='word_1_79' title='bbox 329 1005 538 1050; x_wconf 85' lang='lat' dir='ltr'>crimina</span> <span class='ocrx_word' id='word_1_80' title='bbox 575 1004 837 1060; x_wconf 87' lang='lat' dir='ltr'>aperiebat</span> <span class='ocrx_word' id='word_1_81' title='bbox 861 1004 1027 1060; x_wconf 89' lang='lat' dir='ltr'>(quem</span> <span class='ocrx_word' id='word_1_82' title='bbox 1061 1003 1237 1049; x_wconf 76' lang='lat' dir='ltr'>fallere</span> <span class='ocrx_word' id='word_1_83' title='bbox 1262 1004 1428 1061; x_wconf 86' lang='lat' dir='ltr'>uellet)</span> <span class='ocrx_word' id='word_1_84' title='bbox 1458 1003 1580 1062; x_wconf 78' lang='lat' dir='ltr'>[sz&#39;c],</span> <span class='ocrx_word' id='word_1_85' title='bbox 1609 1005 1872 1063; x_wconf 80' lang='lat' dir='ltr'>respondit,</span> <span class='ocrx_word' id='word_1_86' title='bbox 1906 999 1909 1055; x_wconf 73' lang='lat' dir='ltr'>i</span> 
     </span>
     <span class='ocr_line' id='line_1_11' title="bbox 253 1080 1909 1138; baseline 0.001 -11"><span class='ocrx_word' id='word_1_87' title='bbox 253 1082 482 1138; x_wconf 88' lang='lat' dir='ltr'>seipsum.</span> <span class='ocrx_word' id='word_1_88' title='bbox 511 1080 637 1126; x_wconf 88' lang='lat' dir='ltr'>Cum</span> <span class='ocrx_word' id='word_1_89' title='bbox 662 1089 829 1126; x_wconf 89' lang='lat' dir='ltr'>tamen</span> <span class='ocrx_word' id='word_1_90' title='bbox 865 1081 1018 1126; x_wconf 84' lang='lat' dir='ltr'>Pater</span> <span class='ocrx_word' id='word_1_91' title='bbox 1042 1081 1355 1138; x_wconf 82' lang='lat' dir='ltr'>euangelium</span> <span class='ocrx_word' id='word_1_92' title='bbox 1381 1090 1428 1127; x_wconf 90' lang='lat' dir='ltr'>et</span> <span class='ocrx_word' id='word_1_93' title='bbox 1452 1081 1616 1138; x_wconf 85' lang='lat' dir='ltr'>aliqua</span> <span class='ocrx_word' id='word_1_94' title='bbox 1640 1082 1738 1127; x_wconf 87' lang='lat' dir='ltr'>alia</span> <span class='ocrx_word' id='word_1_95' title='bbox 1761 1082 1875 1128; x_wconf 90' lang='lat' dir='ltr'>reci·</span> <span class='ocrx_word' id='word_1_96' title='bbox 1906 1093 1909 1130; x_wconf 71' lang='grc' dir='ltr'>ἐ</span> 
     </span>
     <span class='ocr_line' id='line_1_12' title="bbox 255 1154 1909 1216; baseline 0.001 -13"><span class='ocrx_word' id='word_1_97' title='bbox 255 1167 427 1216; x_wconf 87' lang='lat' dir='ltr'>tasset‚</span> <span class='ocrx_word' id='word_1_98' title='bbox 455 1158 674 1203; x_wconf 88' lang='lat' dir='ltr'>adhibito</span> <span class='ocrx_word' id='word_1_99' title='bbox 709 1158 873 1203; x_wconf 91' lang='lat' dir='ltr'>crucis</span> <span class='ocrx_word' id='word_1_100' title='bbox 897 1157 1058 1214; x_wconf 80' lang='lat' dir='ltr'>signo,</span> <span class='ocrx_word' id='word_1_101' title='bbox 1086 1158 1325 1203; x_wconf 78' lang='lat' dir='ltr'>discessit.</span> <span class='ocrx_word' id='word_1_102' title='bbox 1353 1158 1531 1203; x_wconf 88' lang='lat' dir='ltr'>Mulier</span> <span class='ocrx_word' id='word_1_103' title='bbox 1556 1173 1692 1215; x_wconf 86' lang='lat' dir='ltr'>uero,</span> <span class='ocrx_word' id='word_1_104' title='bbox 1720 1159 1876 1216; x_wconf 85' lang='lat' dir='ltr'>quieta</span> <span class='ocrx_word' id='word_1_105' title='bbox 1906 1154 1909 1164; x_wconf 64' lang='lat'><strong>¹</strong></span> 
     </span>
     <span class='ocr_line' id='line_1_13' title="bbox 255 1234 1909 1292; baseline 0 -11"><span class='ocrx_word' id='word_1_106' title='bbox 255 1251 315 1281; x_wconf 87' lang='lat' dir='ltr'>ac</span> <span class='ocrx_word' id='word_1_107' title='bbox 349 1235 615 1292; x_wconf 86' lang='lat' dir='ltr'>tranquilla</span> <span class='ocrx_word' id='word_1_108' title='bbox 648 1235 695 1280; x_wconf 88' lang='lat' dir='ltr'>in</span> <span class='ocrx_word' id='word_1_109' title='bbox 730 1243 952 1280; x_wconf 73' lang='lat' dir='ltr'>astantes</span> <span class='ocrx_word' id='word_1_110' title='bbox 987 1234 1177 1290; x_wconf 82' lang='lat' dir='ltr'>oculos,</span> <span class='ocrx_word' id='word_1_111' title='bbox 1204 1234 1441 1291; x_wconf 81' lang='lat' dir='ltr'>ignorans</span> <span class='ocrx_word' id='word_1_112' title='bbox 1476 1250 1712 1291; x_wconf 80' lang='lat' dir='ltr'>quorsum</span> <span class='ocrx_word' id='word_1_113' title='bbox 1746 1236 1876 1281; x_wconf 88' lang='lat' dir='ltr'>ades-</span> <span class='ocrx_word' id='word_1_114' title='bbox 1907 1244 1909 1286; x_wconf 63' lang='lat' dir='ltr'>l</span> 
     </span>
     <span class='ocr_line' id='line_1_14' title="bbox 257 1304 1909 1380; baseline -0.001 -21"><span class='ocrx_word' id='word_1_115' title='bbox 257 1323 384 1366; x_wconf 77' lang='lat' dir='ltr'>sent,</span> <span class='ocrx_word' id='word_1_116' title='bbox 412 1313 726 1368; x_wconf 89' lang='lat' dir='ltr'>coniiciebat,</span> <span class='ocrx_word' id='word_1_117' title='bbox 753 1304 1036 1369; x_wconf 82' lang='lat' dir='ltr'>magnoque</span> <span class='ocrx_word' id='word_1_118' title='bbox 1071 1312 1244 1357; x_wconf 89' lang='lat' dir='ltr'>dolore</span> <span class='ocrx_word' id='word_1_119' title='bbox 1279 1311 1445 1357; x_wconf 88' lang='lat' dir='ltr'>cordis</span> <span class='ocrx_word' id='word_1_120' title='bbox 1470 1327 1564 1368; x_wconf 90' lang='lat' dir='ltr'>quo</span> <span class='ocrx_word' id='word_1_121' title='bbox 1588 1323 1736 1358; x_wconf 83' lang='lat' dir='ltr'>antea</span> <span class='ocrx_word' id='word_1_122' title='bbox 1771 1322 1878 1358; x_wconf 90' lang='lat' dir='ltr'>octo</span> <span class='ocrx_word' id='word_1_123' title='bbox 1908 1370 1909 1380; x_wconf 12' lang='grc' dir='ltr'>ἵ</span> 
     </span>
     <span class='ocr_line' id='line_1_15' title="bbox 257 1389 1466 1446; baseline -0.002 -10"><span class='ocrx_word' id='word_1_124' title='bbox 257 1391 353 1436; x_wconf 90' lang='lat' dir='ltr'>iam</span> <span class='ocrx_word' id='word_1_125' title='bbox 380 1406 536 1436; x_wconf 91' lang='lat' dir='ltr'>annos</span> <span class='ocrx_word' id='word_1_126' title='bbox 559 1389 756 1435; x_wconf 76' lang='lat' dir='ltr'>assidue</span> <span class='ocrx_word' id='word_1_127' title='bbox 781 1389 1116 1446; x_wconf 80' lang='lat' dir='ltr'>premebatur,</span> <span class='ocrx_word' id='word_1_128' title='bbox 1142 1389 1355 1434; x_wconf 89' lang='lat' dir='ltr'>liberata</span> <span class='ocrx_word' id='word_1_129' title='bbox 1379 1398 1466 1434; x_wconf 91' lang='lat' dir='ltr'>est.</span> 
     </span>
    </p>

    <p class='ocr_par' dir='ltr' id='par_1_3' title="bbox 256 1466 1909 2300">
     <span class='ocr_line' id='line_1_16' title="bbox 312 1466 1909 1523; baseline 0.001 -11"><span class='ocrx_word' id='word_1_130' title='bbox 312 1468 356 1513; x_wconf 80' lang='lat'>5.</span> <span class='ocrx_word' id='word_1_131' title='bbox 423 1467 564 1512; x_wconf 88' lang='lat' dir='ltr'>Haec</span> <span class='ocrx_word' id='word_1_132' title='bbox 603 1467 764 1523; x_wconf 86' lang='lat' dir='ltr'>quoad</span> <span class='ocrx_word' id='word_1_133' title='bbox 799 1477 1050 1512; x_wconf 78' lang='lat' dir='ltr'>externos.</span> <span class='ocrx_word' id='word_1_134' title='bbox 1087 1466 1235 1511; x_wconf 87' lang='lat' dir='ltr'>Domi</span> <span class='ocrx_word' id='word_1_135' title='bbox 1270 1482 1439 1512; x_wconf 91' lang='lat' dir='ltr'>omnes</span> <span class='ocrx_word' id='word_1_136' title='bbox 1477 1467 1523 1511; x_wconf 90' lang='lat' dir='ltr'>in</span> <span class='ocrx_word' id='word_1_137' title='bbox 1563 1466 1666 1512; x_wconf 92' lang='lat' dir='ltr'>dies</span> <span class='ocrx_word' id='word_1_138' title='bbox 1706 1467 1751 1512; x_wconf 90' lang='lat' dir='ltr'>in</span> <span class='ocrx_word' id='word_1_139' title='bbox 1789 1466 1877 1513; x_wconf 88' lang='lat' dir='ltr'>Dei</span> <span class='ocrx_word' id='word_1_140' title='bbox 1908 1505 1909 1514; x_wconf 70' lang='grc'>,</span> 
     </span>
     <span class='ocr_line' id='line_1_17' title="bbox 256 1543 1877 1608; baseline 0 -18"><span class='ocrx_word' id='word_1_141' title='bbox 256 1545 460 1591; x_wconf 87' lang='lat' dir='ltr'>seruitio</span> <span class='ocrx_word' id='word_1_142' title='bbox 495 1544 774 1601; x_wconf 84' lang='lat' dir='ltr'>proficiunt,</span> <span class='ocrx_word' id='word_1_143' title='bbox 807 1553 856 1589; x_wconf 92' lang='lat' dir='ltr'>et</span> <span class='ocrx_word' id='word_1_144' title='bbox 888 1544 933 1589; x_wconf 91' lang='lat' dir='ltr'>in</span> <span class='ocrx_word' id='word_1_145' title='bbox 969 1543 1257 1608; x_wconf 85' lang='lat' dir='ltr'>regularum</span> <span class='ocrx_word' id='word_1_146' title='bbox 1293 1544 1630 1599; x_wconf 87' lang='lat' dir='ltr'>obseruantia,</span> <span class='ocrx_word' id='word_1_147' title='bbox 1657 1545 1877 1590; x_wconf 83' lang='lat' dir='ltr'>obedien·-</span> 
     </span>
     <span class='ocr_line' id='line_1_18' title="bbox 256 1612 1909 1679; baseline -0.001 -11"><span class='ocrx_word' id='word_1_148' title='bbox 256 1623 452 1679; x_wconf 83' lang='lat' dir='ltr'>tiaeque</span> <span class='ocrx_word' id='word_1_149' title='bbox 476 1621 784 1678; x_wconf 76' lang='lat' dir='ltr'>perfectione</span> <span class='ocrx_word' id='word_1_150' title='bbox 809 1621 1096 1677; x_wconf 88' lang='lat' dir='ltr'>quaerenda</span> <span class='ocrx_word' id='word_1_151' title='bbox 1120 1637 1332 1678; x_wconf 83' lang='lat' dir='ltr'>magnos</span> <span class='ocrx_word' id='word_1_152' title='bbox 1356 1637 1656 1678; x_wconf 82' lang='lat' dir='ltr'>progressus</span> <span class='ocrx_word' id='word_1_153' title='bbox 1679 1621 1875 1668; x_wconf 77' lang='lat' dir='ltr'>faciunt.</span> <span class='ocrx_word' id='word_1_154' title='bbox 1908 1612 1909 1618; x_wconf 11' lang='grc' dir='ltr'>ἵ</span> 
     </span>
     <span class='ocr_line' id='line_1_19' title="bbox 256 1698 1877 1756; baseline -0.001 -11"><span class='ocrx_word' id='word_1_155' title='bbox 256 1700 308 1745; x_wconf 88' lang='lat' dir='ltr'>In</span> <span class='ocrx_word' id='word_1_156' title='bbox 332 1700 426 1745; x_wconf 91' lang='lat' dir='ltr'>hoc</span> <span class='ocrx_word' id='word_1_157' title='bbox 449 1699 661 1755; x_wconf 84' lang='lat' dir='ltr'>collegio</span> <span class='ocrx_word' id='word_1_158' title='bbox 685 1699 867 1744; x_wconf 88' lang='lat' dir='ltr'>erimus</span> <span class='ocrx_word' id='word_1_159' title='bbox 891 1699 1094 1744; x_wconf 79' lang='lat' dir='ltr'>circiter</span> <span class='ocrx_word' id='word_1_160' title='bbox 1116 1698 1188 1748; x_wconf 65' lang='lat'>40:</span> <span class='ocrx_word' id='word_1_161' title='bbox 1217 1699 1415 1756; x_wconf 87' lang='lat' dir='ltr'>quidam</span> <span class='ocrx_word' id='word_1_162' title='bbox 1440 1715 1561 1744; x_wconf 90' lang='lat' dir='ltr'>uero</span> <span class='ocrx_word' id='word_1_163' title='bbox 1585 1699 1764 1756; x_wconf 84' lang='lat' dir='ltr'>elapsis</span> <span class='ocrx_word' id='word_1_164' title='bbox 1789 1699 1877 1744; x_wconf 88' lang='lat' dir='ltr'>die-</span> 
     </span>
     <span class='ocr_line' id='line_1_20' title="bbox 258 1775 1878 1833; baseline -0.001 -10"><span class='ocrx_word' id='word_1_165' title='bbox 258 1779 348 1824; x_wconf 89' lang='lat' dir='ltr'>bus</span> <span class='ocrx_word' id='word_1_166' title='bbox 381 1777 428 1822; x_wconf 89' lang='lat' dir='ltr'>in</span> <span class='ocrx_word' id='word_1_167' title='bbox 463 1786 687 1822; x_wconf 90' lang='lat' dir='ltr'>nostram</span> <span class='ocrx_word' id='word_1_168' title='bbox 727 1775 1030 1822; x_wconf 79' lang='lat' dir='ltr'>Societatem</span> <span class='ocrx_word' id='word_1_169' title='bbox 1070 1776 1314 1822; x_wconf 84' lang='lat' dir='ltr'>admissus</span> <span class='ocrx_word' id='word_1_170' title='bbox 1350 1785 1439 1833; x_wconf 88' lang='lat' dir='ltr'>est,</span> <span class='ocrx_word' id='word_1_171' title='bbox 1482 1777 1562 1833; x_wconf 90' lang='lat' dir='ltr'>qui</span> <span class='ocrx_word' id='word_1_172' title='bbox 1596 1777 1693 1822; x_wconf 89' lang='lat' dir='ltr'>iarn</span> <span class='ocrx_word' id='word_1_173' title='bbox 1732 1786 1878 1822; x_wconf 83' lang='lat' dir='ltr'>totam</span> 
     </span>
     <span class='ocr_line' id='line_1_21' title="bbox 259 1854 1877 1915; baseline -0.001 -14"><span class='ocrx_word' id='word_1_174' title='bbox 259 1855 570 1901; x_wconf 84' lang='lat' dir='ltr'>dialecticam</span> <span class='ocrx_word' id='word_1_175' title='bbox 605 1854 851 1911; x_wconf 75' lang='lat' dir='ltr'>audierat,</span> <span class='ocrx_word' id='word_1_176' title='bbox 879 1855 1039 1900; x_wconf 91' lang='lat' dir='ltr'>bonae</span> <span class='ocrx_word' id='word_1_177' title='bbox 1073 1854 1268 1910; x_wconf 91' lang='lat' dir='ltr'>quidem</span> <span class='ocrx_word' id='word_1_178' title='bbox 1304 1854 1477 1900; x_wconf 88' lang='lat' dir='ltr'>indolis</span> <span class='ocrx_word' id='word_1_179' title='bbox 1501 1864 1549 1899; x_wconf 92' lang='lat' dir='ltr'>et</span> <span class='ocrx_word' id='word_1_180' title='bbox 1579 1854 1777 1912; x_wconf 82' lang='lat' dir='ltr'>ingenii,</span> <span class='ocrx_word' id='word_1_181' title='bbox 1803 1869 1877 1915; x_wconf 80' lang='lat' dir='ltr'>no-</span> 
     </span>
     <span class='ocr_line' id='line_1_22' title="bbox 259 1931 1880 1987; baseline -0.001 -9"><span class='ocrx_word' id='word_1_182' title='bbox 259 1933 388 1978; x_wconf 90' lang='lat' dir='ltr'>mine</span> <span class='ocrx_word' id='word_1_183' title='bbox 412 1933 591 1978; x_wconf 79' lang='lat' dir='ltr'>Petrus</span> <span class='ocrx_word' id='word_1_184' title='bbox 615 1931 938 1987; x_wconf 87' lang='lat' dir='ltr'>Gondicalus,</span> <span class='ocrx_word' id='word_1_185' title='bbox 965 1931 1045 1977; x_wconf 90' lang='lat' dir='ltr'>alii</span> <span class='ocrx_word' id='word_1_186' title='bbox 1076 1932 1226 1977; x_wconf 90' lang='lat' dir='ltr'>etiam</span> <span class='ocrx_word' id='word_1_187' title='bbox 1252 1941 1304 1976; x_wconf 89' lang='lat' dir='ltr'>vt</span> <span class='ocrx_word' id='word_1_188' title='bbox 1327 1932 1651 1977; x_wconf 85' lang='lat' dir='ltr'>admittantur</span> <span class='ocrx_word' id='word_1_189' title='bbox 1684 1931 1880 1978; x_wconf 88' lang='lat' dir='ltr'>summis</span> 
     </span>
     <span class='ocr_line' id='line_1_23' title="bbox 259 1997 1878 2067; baseline -0.002 -11"><span class='ocrx_word' id='word_1_190' title='bbox 259 2010 562 2056; x_wconf 89' lang='lat' dir='ltr'>contendunt</span> <span class='ocrx_word' id='word_1_191' title='bbox 587 2010 832 2067; x_wconf 68' lang='lat' dir='ltr'>precibusJ</span> <span class='ocrx_word' id='word_1_192' title='bbox 860 2009 942 2055; x_wconf 89' lang='lat' dir='ltr'>alii</span> <span class='ocrx_word' id='word_1_193' title='bbox 966 2025 1087 2054; x_wconf 88' lang='lat' dir='ltr'>uero</span> <span class='ocrx_word' id='word_1_194' title='bbox 1110 2009 1324 2054; x_wconf 85' lang='lat' dir='ltr'>maxime</span> <span class='ocrx_word' id='word_1_195' title='bbox 1343 2009 1641 2066; x_wconf 87' lang='lat' dir='ltr'>desiderant,</span> <span class='ocrx_word' id='word_1_196' title='bbox 1669 2017 1718 2054; x_wconf 92' lang='lat' dir='ltr'>et</span> <span class='ocrx_word' id='word_1_197' title='bbox 1741 1997 1878 2065; x_wconf 83' lang='lat' dir='ltr'>spero</span> 
     </span>
     <span class='ocr_line' id='line_1_24' title="bbox 261 2087 1876 2145; baseline -0.002 -11"><span class='ocrx_word' id='word_1_198' title='bbox 261 2089 359 2134; x_wconf 91' lang='lat' dir='ltr'>cito</span> <span class='ocrx_word' id='word_1_199' title='bbox 379 2087 638 2145; x_wconf 89' lang='lat' dir='ltr'>petituros.</span> <span class='ocrx_word' id='word_1_200' title='bbox 660 2087 918 2144; x_wconf 84' lang='lat' dir='ltr'>Dominus,</span> <span class='ocrx_word' id='word_1_201' title='bbox 939 2102 1067 2144; x_wconf 88' lang='lat' dir='ltr'>quae</span> <span class='ocrx_word' id='word_1_202' title='bbox 1086 2087 1190 2132; x_wconf 90' lang='lat' dir='ltr'>eius</span> <span class='ocrx_word' id='word_1_203' title='bbox 1209 2087 1487 2143; x_wconf 82' lang='lat' dir='ltr'>benignitas</span> <span class='ocrx_word' id='word_1_204' title='bbox 1506 2096 1552 2132; x_wconf 85' lang='lat' dir='ltr'>et</span> <span class='ocrx_word' id='word_1_205' title='bbox 1573 2087 1768 2132; x_wconf 87' lang='lat' dir='ltr'>bonitas</span> <span class='ocrx_word' id='word_1_206' title='bbox 1792 2094 1876 2142; x_wconf 84' lang='lat' dir='ltr'>est,</span> 
     </span>
     <span class='ocr_line' id='line_1_25' title="bbox 261 2163 1879 2222; baseline -0.002 -11"><span class='ocrx_word' id='word_1_207' title='bbox 261 2166 330 2212; x_wconf 90' lang='lat' dir='ltr'>eis</span> <span class='ocrx_word' id='word_1_208' title='bbox 363 2175 412 2211; x_wconf 91' lang='lat' dir='ltr'>et</span> <span class='ocrx_word' id='word_1_209' title='bbox 445 2166 585 2211; x_wconf 90' lang='lat' dir='ltr'>nobis</span> <span class='ocrx_word' id='word_1_210' title='bbox 619 2165 753 2211; x_wconf 89' lang='lat' dir='ltr'>uires</span> <span class='ocrx_word' id='word_1_211' title='bbox 787 2176 935 2222; x_wconf 88' lang='lat' dir='ltr'>atque</span> <span class='ocrx_word' id='word_1_212' title='bbox 969 2164 1186 2210; x_wconf 86' lang='lat' dir='ltr'>animum</span> <span class='ocrx_word' id='word_1_213' title='bbox 1220 2164 1440 2221; x_wconf 87' lang='lat' dir='ltr'>inspiret,</span> <span class='ocrx_word' id='word_1_214' title='bbox 1468 2174 1520 2209; x_wconf 88' lang='lat' dir='ltr'>vt</span> <span class='ocrx_word' id='word_1_215' title='bbox 1552 2163 1598 2208; x_wconf 92' lang='lat' dir='ltr'>in</span> <span class='ocrx_word' id='word_1_216' title='bbox 1634 2163 1879 2220; x_wconf 85' lang='lat' dir='ltr'>proposito</span> 
     </span>
     <span class='ocr_line' id='line_1_26' title="bbox 262 2243 1030 2300; baseline -0.003 -12"><span class='ocrx_word' id='word_1_217' title='bbox 262 2243 386 2288; x_wconf 91' lang='lat' dir='ltr'>firmi</span> <span class='ocrx_word' id='word_1_218' title='bbox 412 2259 609 2300; x_wconf 86' lang='lat' dir='ltr'>semper</span> <span class='ocrx_word' id='word_1_219' title='bbox 633 2257 1030 2300; x_wconf 89' lang='lat' dir='ltr'>permaneamus.</span> 
     </span>
    </p>

    <p class='ocr_par' dir='ltr' id='par_1_4' title="bbox 262 2318 1882 2920">
     <span class='ocr_line' id='line_1_27' title="bbox 319 2318 1880 2385; baseline -0.003 -19"><span class='ocrx_word' id='word_1_220' title='bbox 319 2321 362 2367; x_wconf 79' lang='lat'>6.</span> <span class='ocrx_word' id='word_1_221' title='bbox 429 2321 683 2378; x_wconf 84' lang='lat' dir='ltr'>Quantum</span> <span class='ocrx_word' id='word_1_222' title='bbox 719 2321 781 2366; x_wconf 88' lang='lat' dir='ltr'>ad</span> <span class='ocrx_word' id='word_1_223' title='bbox 813 2319 977 2385; x_wconf 87' lang='lat' dir='ltr'>studia</span> <span class='ocrx_word' id='word_1_224' title='bbox 1001 2319 1191 2375; x_wconf 81' lang='lat' dir='ltr'>attinet,</span> <span class='ocrx_word' id='word_1_225' title='bbox 1220 2334 1388 2365; x_wconf 90' lang='lat' dir='ltr'>mense</span> <span class='ocrx_word' id='word_1_226' title='bbox 1412 2318 1693 2376; x_wconf 84' lang='lat' dir='ltr'>Septembri</span> <span class='ocrx_word' id='word_1_227' title='bbox 1717 2326 1880 2363; x_wconf 81' lang='lat' dir='ltr'>omne‘s</span> 
     </span>
     <span class='ocr_line' id='line_1_28' title="bbox 262 2394 1879 2456; baseline -0.003 -12"><span class='ocrx_word' id='word_1_228' title='bbox 262 2399 545 2445; x_wconf 87' lang='lat' dir='ltr'>scholastici</span> <span class='ocrx_word' id='word_1_229' title='bbox 565 2398 643 2456; x_wconf 91' lang='lat' dir='ltr'>qui</span> <span class='ocrx_word' id='word_1_230' title='bbox 664 2398 838 2443; x_wconf 89' lang='lat' dir='ltr'>litteris</span> <span class='ocrx_word' id='word_1_231' title='bbox 861 2397 1232 2443; x_wconf 88' lang='lat' dir='ltr'>humanioribus</span> <span class='ocrx_word' id='word_1_232' title='bbox 1255 2413 1459 2454; x_wconf 85' lang='lat' dir='ltr'>operam</span> <span class='ocrx_word' id='word_1_233' title='bbox 1479 2396 1681 2449; x_wconf 85' lang='lat' dir='ltr'>dabant,</span> <span class='ocrx_word' id='word_1_234' title='bbox 1704 2394 1879 2441; x_wconf 82' lang='lat' dir='ltr'>exami-</span> 
     </span>
     <span class='ocr_line' id='line_1_29' title="bbox 264 2473 1879 2534; baseline -0.003 -12"><span class='ocrx_word' id='word_1_235' title='bbox 264 2477 364 2522; x_wconf 91' lang='lat' dir='ltr'>nati</span> <span class='ocrx_word' id='word_1_236' title='bbox 389 2487 517 2533; x_wconf 88' lang='lat' dir='ltr'>sunt,</span> <span class='ocrx_word' id='word_1_237' title='bbox 539 2475 983 2534; x_wconf 89' lang='lat' dir='ltr'>quamplurimique</span> <span class='ocrx_word' id='word_1_238' title='bbox 1007 2475 1053 2520; x_wconf 91' lang='lat' dir='ltr'>in</span> <span class='ocrx_word' id='word_1_239' title='bbox 1078 2474 1317 2531; x_wconf 89' lang='lat' dir='ltr'>principio</span> <span class='ocrx_word' id='word_1_240' title='bbox 1341 2474 1455 2519; x_wconf 86' lang='lat' dir='ltr'>anni</span> <span class='ocrx_word' id='word_1_241' title='bbox 1489 2474 1551 2519; x_wconf 83' lang='lat' dir='ltr'>ad</span> <span class='ocrx_word' id='word_1_242' title='bbox 1585 2473 1764 2518; x_wconf 86' lang='lat' dir='ltr'>altiora</span> <span class='ocrx_word' id='word_1_243' title='bbox 1797 2487 1879 2529; x_wconf 88' lang='lat' dir='ltr'>gy·</span> 
     </span>
     <span class='ocr_line' id='line_1_30' title="bbox 263 2549 1880 2610; baseline -0.004 -11"><span class='ocrx_word' id='word_1_244' title='bbox 263 2554 453 2599; x_wconf 87' lang='lat' dir='ltr'>mnasia</span> <span class='ocrx_word' id='word_1_245' title='bbox 477 2553 706 2610; x_wconf 87' lang='lat' dir='ltr'>promoti.</span> <span class='ocrx_word' id='word_1_246' title='bbox 734 2552 786 2598; x_wconf 89' lang='lat' dir='ltr'>V</span> <span class='ocrx_word' id='word_1_247' title='bbox 810 2567 967 2597; x_wconf 88' lang='lat' dir='ltr'>nonas</span> <span class='ocrx_word' id='word_1_248' title='bbox 986 2551 1222 2597; x_wconf 86' lang='lat' dir='ltr'>Octobris</span> <span class='ocrx_word' id='word_1_249' title='bbox 1243 2551 1599 2608; x_wconf 87' lang='lat' dir='ltr'>disputationes</span> <span class='ocrx_word' id='word_1_250' title='bbox 1622 2549 1880 2607; x_wconf 84' lang='lat' dir='ltr'>generales</span> 
     </span>
     <span class='ocr_line' id='line_1_31' title="bbox 264 2625 1878 2693; baseline -0.004 -17"><span class='ocrx_word' id='word_1_251' title='bbox 264 2631 463 2677; x_wconf 88' lang='lat' dir='ltr'>habitae</span> <span class='ocrx_word' id='word_1_252' title='bbox 497 2640 624 2688; x_wconf 90' lang='lat' dir='ltr'>sunt,</span> <span class='ocrx_word' id='word_1_253' title='bbox 653 2645 747 2687; x_wconf 93' lang='lat' dir='ltr'>quo</span> <span class='ocrx_word' id='word_1_254' title='bbox 772 2630 833 2675; x_wconf 90' lang='lat' dir='ltr'>ad</span> <span class='ocrx_word' id='word_1_255' title='bbox 859 2628 1154 2674; x_wconf 87' lang='lat' dir='ltr'>audiendum</span> <span class='ocrx_word' id='word_1_256' title='bbox 1188 2637 1291 2674; x_wconf 90' lang='lat' dir='ltr'>tum</span> <span class='ocrx_word' id='word_1_257' title='bbox 1326 2628 1388 2673; x_wconf 88' lang='lat' dir='ltr'>ad</span> <span class='ocrx_word' id='word_1_258' title='bbox 1418 2625 1878 2693; x_wconf 64' lang='lat' dir='ltr'>argumentandum·&gt;y</span> 
     </span>
     <span class='ocr_line' id='line_1_32' title="bbox 264 2703 1882 2764; baseline -0.005 -10"><span class='ocrx_word' id='word_1_259' title='bbox 264 2709 402 2754; x_wconf 89' lang='lat' dir='ltr'>multi</span> <span class='ocrx_word' id='word_1_260' title='bbox 426 2708 674 2764; x_wconf 86' lang='lat' dir='ltr'>doctores,</span> <span class='ocrx_word' id='word_1_261' title='bbox 702 2723 728 2752; x_wconf 93' lang='lat' dir='ltr'>e</span> <span class='ocrx_word' id='word_1_262' title='bbox 752 2707 927 2764; x_wconf 88' lang='lat' dir='ltr'>quibus</span> <span class='ocrx_word' id='word_1_263' title='bbox 959 2705 1049 2751; x_wconf 79' lang='lat' dir='ltr'>fuit</span> <span class='ocrx_word' id='word_1_264' title='bbox 1082 2705 1342 2762; x_wconf 85' lang='lat' dir='ltr'>episcopus</span> <span class='ocrx_word' id='word_1_265' title='bbox 1375 2703 1625 2762; x_wconf 80' lang='lat' dir='ltr'>targensis</span> <span class='ocrx_word' id='word_1_266' title='bbox 1650 2705 1663 2728; x_wconf 85' lang='lat'>¹</span> <span class='ocrx_word' id='word_1_267' title='bbox 1688 2711 1882 2748; x_wconf 79' lang='lat' dir='ltr'>nostrae</span> 
     </span>
     <span class='ocr_line' id='line_1_33' title="bbox 267 2778 1880 2840; baseline -0.006 -10"><span class='ocrx_word' id='word_1_268' title='bbox 267 2784 504 2832; x_wconf 82' lang='lat' dir='ltr'>Societati</span> <span class='ocrx_word' id='word_1_269' title='bbox 539 2785 741 2831; x_wconf 90' lang='lat' dir='ltr'>nimium</span> <span class='ocrx_word' id='word_1_270' title='bbox 776 2784 982 2840; x_wconf 88' lang='lat' dir='ltr'>deditus,</span> <span class='ocrx_word' id='word_1_271' title='bbox 1024 2783 1086 2828; x_wconf 92' lang='lat' dir='ltr'>D.</span> <span class='ocrx_word' id='word_1_272' title='bbox 1128 2782 1388 2839; x_wconf 83' lang='lat' dir='ltr'>Pelasgius</span> <span class='ocrx_word' id='word_1_273' title='bbox 1422 2783 1453 2839; x_wconf 72' lang='lat'>2,</span> <span class='ocrx_word' id='word_1_274' title='bbox 1491 2781 1732 2837; x_wconf 82' lang='lat' dir='ltr'>magister</span> <span class='ocrx_word' id='word_1_275' title='bbox 1763 2778 1880 2824; x_wconf 86' lang='lat' dir='ltr'>Pau-</span> 
     </span>
     <span class='ocr_line' id='line_1_34' title="bbox 266 2856 1880 2920; baseline -0.006 -11"><span class='ocrx_word' id='word_1_276' title='bbox 266 2864 358 2920; x_wconf 82' lang='lat' dir='ltr'>lus,</span> <span class='ocrx_word' id='word_1_277' title='bbox 384 2863 446 2908; x_wconf 91' lang='lat' dir='ltr'>D.</span> <span class='ocrx_word' id='word_1_278' title='bbox 474 2862 662 2908; x_wconf 90' lang='lat' dir='ltr'>Nonius</span> <span class='ocrx_word' id='word_1_279' title='bbox 696 2861 933 2916; x_wconf 83' lang='lat' dir='ltr'>Aluarez,</span> <span class='ocrx_word' id='word_1_280' title='bbox 961 2859 1140 2917; x_wconf 89' lang='lat' dir='ltr'>aliique</span> <span class='ocrx_word' id='word_1_281' title='bbox 1174 2859 1264 2904; x_wconf 90' lang='lat' dir='ltr'>uiri</span> <span class='ocrx_word' id='word_1_282' title='bbox 1294 2858 1422 2904; x_wconf 91' lang='lat' dir='ltr'>docti</span> <span class='ocrx_word' id='word_1_283' title='bbox 1456 2856 1680 2903; x_wconf 88' lang='lat' dir='ltr'>canonici</span> <span class='ocrx_word' id='word_1_284' title='bbox 1705 2871 1765 2901; x_wconf 89' lang='lat' dir='ltr'>ac</span> <span class='ocrx_word' id='word_1_285' title='bbox 1789 2867 1880 2899; x_wconf 77' lang='lat' dir='ltr'>ma·-</span> 
     </span>
    </p>
   </div>
   <div class='ocr_carea' id='block_1_3' title="bbox 1887 0 1909 892">
    <p class='ocr_par' dir='ltr' id='par_1_5' title="bbox 1887 0 1909 892">
     <span class='ocr_line' id='line_1_35' title="bbox 1887 0 1909 892; baseline 0 0"><span class='ocrx_word' id='word_1_286' title='bbox 1887 0 1909 892; x_wconf 95' lang='lat' dir='ltr'>  </span> 
     </span>
    </p>
   </div>
   <div class='ocr_carea' id='block_1_4' title="bbox 316 3038 862 3156">
    <p class='ocr_par' dir='ltr' id='par_1_6' title="bbox 316 3038 862 3156">
     <span class='ocr_line' id='line_1_36' title="bbox 316 3038 862 3087; baseline -0.002 -10"><span class='ocrx_word' id='word_1_287' title='bbox 316 3043 324 3061; x_wconf 93' lang='lat'><strong>¹</strong></span> <span class='ocrx_word' id='word_1_288' title='bbox 380 3041 486 3077; x_wconf 89' lang='lat' dir='ltr'>Vide</span> <span class='ocrx_word' id='word_1_289' title='bbox 506 3053 598 3087; x_wconf 82' lang='lat' dir='ltr'>pag.</span> <span class='ocrx_word' id='word_1_290' title='bbox 619 3041 654 3085; x_wconf 76' lang='lat'>8,</span> <span class='ocrx_word' id='word_1_291' title='bbox 676 3044 810 3076; x_wconf 80' lang='lat' dir='ltr'>annot.</span> <span class='ocrx_word' id='word_1_292' title='bbox 828 3038 862 3076; x_wconf 79' lang='lat'>3.</span> 
     </span>
     <span class='ocr_line' id='line_1_37' title="bbox 318 3099 655 3156; baseline -0.006 -18"><span class='ocrx_word' id='word_1_293' title='bbox 318 3100 331 3120; x_wconf 87' lang='lat'><em>²</em></span> <span class='ocrx_word' id='word_1_294' title='bbox 381 3099 445 3156; x_wconf 80' lang='lat' dir='ltr'>Cf.</span> <span class='ocrx_word' id='word_1_295' title='bbox 466 3113 559 3148; x_wconf 82' lang='lat' dir='ltr'>pag.</span> <span class='ocrx_word' id='word_1_296' title='bbox 581 3099 655 3136; x_wconf 80' lang='lat'>198.</span> 
     </span>
    </p>
   </div>
  </div>
 </body>
</html>
