1900 3380
573 298 896 336 ila—erono
921 300 944 332 Γ)
970 297 1177 334 FEBUARH
1211 298 1300 333 1555
1641 296 1711 332 :349

128 407 224 444 tur.
252 397 417 453 Quum
442 397 594 452 igitur
619 395 984 450 disciplinarum
1010 403 1057 439 et
1082 394 1263 439 artium
1287 393 1612 450 professione,
1639 392 1760 438 faci—

128 475 157 520 li
187 474 434 530 methodo,
470 473 596 518 adeo
631 472 787 517 alacri
822 471 1197 526 exercitatione,
1236 471 1652 515 declamationum
1688 478 1759 515 at-

127 567 220 608 que
245 550 616 596 comoediarum
647 548 926 606 frequentia
960 548 1131 592 schola
1164 559 1336 592 nostra
1371 547 1655 592 coruscanti
1691 548 1758 592 lu-

127 629 254 673 mine
278 628 488 689 fulgeat3
517 625 631 683 quid
654 627 829 671 mirum
865 626 905 671 si
938 625 1126 676 nobiles
1162 625 1343 669 liberos
1368 640 1485 669 suos
1510 625 1621 670 hinc
1646 624 1758 670 inde

126 721 189 750 ex
211 704 319 750 aliis
343 704 550 749 vrbibus
575 713 622 748 et
647 703 915 748 academiis
935 711 1190 755 reuocent,
1213 713 1264 746 vt
1284 711 1487 747 nostrae
1512 701 1622 747 fidei
1647 717 1758 746 eru·

61 802 65 806 >
126 781 326 827 diendos
364 796 449 826 eos
489 781 712 825 tradant?
745 780 873 836 Quid
909 779 1084 824 mirum
1121 779 1159 823 si
1194 778 1478 835 paedagogi
1512 794 1623 823 cum
1657 778 1759 823 suis

125 858 376 914 discipulis
400 859 463 902 ad
487 858 614 902 hanc
638 858 858 902 scholam
884 855 1155 901 confluant?
1180 855 1303 911 Quis
1327 855 1535 912 denique
1560 855 1755 901 mirabi‘

124 944 205 980 tur
229 935 266 979 si
292 950 386 980 non
412 934 557 979 modo
582 950 608 979 e
632 934 806 979 vicinis
830 932 965 989 lociS,
989 948 1164 977 verum
1189 933 1338 977 etiam
1363 948 1389 977 e
1415 932 1758 977 remotissimis

123 1011 304 1057 scholis
344 1012 407 1056 ad
446 1012 574 1056 hanc
605 1011 928 1055 academiam
972 1009 1257 1054 cumulatim
1301 1009 1589 1054 conuolent?
1627 1009 1758 1065 Quid

123 1073 323 1134 tandem
341 1087 450 1133 fore
470 1103 750 1144 speramus,
770 1087 851 1132 vbi
871 1086 1137 1142 collegium
1156 1095 1380 1131 nostrum
1397 1097 1618 1130 erectum
1644 1086 1760 1132 crit?

124 1165 222 1211 Sed
246 1166 487 1211 hactenus
512 1165 571 1210 de
595 1165 874 1210 studiorum
898 1179 1140 1220 prospero
1160 1178 1412 1220 successu3
1435 1179 1565 1209 nunc
1588 1164 1649 1208 ad
1675 1164 1757 1209 do-

124 1258 232 1289 mus
255 1253 459 1287 nostrae
482 1243 757 1298 penetralia
782 1242 1164 1298 progrediamur
1189 1241 1410 1286 interius.

181 1319 224 1365 9.
293 1319 373 1365 Ex
417 1336 511 1376 quo
556 1319 750 1375 quidem
796 1319 974 1365 Patres
1017 1318 1172 1363 nostri
1214 1318 1325 1363 hinc
1369 1318 1580 1374 profecti
1625 1328 1754 1376 sunt,

122 1397 283 1442 Rdus.
331 1397 390 1442 P.
444 1396 781 1453 Hieronymus
831 1397 1020 1453 pondus
1070 1396 1162 1441 diei
1213 1396 1480 1451 stistinenS‚
1532 1397 1757 1441 laborem

123 1475 379 1531 Vtriusque
400 1474 607 1519 hominis
632 1474 779 1519 subiit
803 1473 1172 1530 grauissimum,
1194 1472 1410 1517 fratrum
1431 1473 1648 1527 aduersa
1672 1489 1756 1518 va-

122 1551 336 1597 letudine
360 1551 558 1596 assidue
582 1566 738 1607 prope
763 1550 1084 1607 exercitatus3
1113 1565 1321 1606 quorum
1348 1564 1373 1594 e
1398 1565 1606 1594 numero
1631 1564 1758 1595 vnus

123 1644 183 1674 ac
205 1629 340 1673 solus
364 1628 606 1684 magister
630 1628 878 1673 Antonius
907 1627 1151 1682 Monachi,
1179 1626 1380 1671 natione
1405 1627 1656 1683 picardus,
1684 1626 1758 1672 bis

122 1714 260 1751 terue
299 1721 411 1750 cum
454 1704 582 1750 febri
626 1704 956 1757 conflictatus,
998 1705 1278 1760 iterumque
1317 1703 1380 1749 ad
1421 1704 1755 1749 valetudinem

120 1797 415 1839 prosperam
440 1797 731 1837 conuersus,
758 1782 959 1827 tandem
983 1781 1029 1826 in
1053 1781 1267 1826 Domino
1303 1780 1604 1826 obdormiuit
1627 1780 1754 1826 deci-

121 1875 200 1904 mo
224 1859 372 1904 tertio
396 1859 639 1919 Januarii‚
661 1868 807 1904 nocte
832 1858 993 1903 media
1018 1868 1293 1903 transacta.
1317 1857 1413 1914 Qui
1439 1858 1616 1914 insigni
1642 1858 1755 1904 obe-

122 1937 305 1983 dientia
328 1937 665 1993 patientiaque
698 1952 787 1982 nos
822 1936 1083 1992 plurimum
1119 1937 1404 1981 consolatus
1439 1945 1529 1980 est.
1558 1935 1651 1981 Cui
1678 1937 1755 1982 de-

121 2014 290 2060 functo
321 2014 502 2060 domini
536 2014 763 2059 canonici
797 2023 945 2070 atque
980 2014 1115 2059 ciues
1149 2013 1412 2070 plurimum
1448 2013 1648 2058 honoris
1673 2029 1756 2058 ex-

121 2091 401 2148 hibuerunt,
423 2100 529 2136 tota
548 2091 749 2136 ciuitate
769 2091 831 2136 ad
850 2090 996 2136 funus
1016 2090 1166 2146 ipsius
1185 2090 1529 2136 honorandum
1549 2106 1756 2135 concur—

122 2179 277 2214 rente.
316 2168 435 2214 Eius
473 2169 686 2214 animam
721 2168 1017 2214 Paternitati
1052 2179 1168 2214 tuae
1203 2177 1251 2213 et
1284 2169 1497 2213 fratrum
1537 2168 1755 2214 omnium

124 2246 431 2292 orationibus
455 2262 516 2292 ac
538 2245 741 2291 Patrum
765 2245 1022 2292 sacrificiis
1045 2246 1293 2291 humiliter
1318 2262 1405 2302 per
1423 2246 1595 2305 Jesum
1615 2244 1754 2291 Chri-

124 2333 251 2369 stum
275 2324 694 2370 commendamus.
721 2323 817 2369 Hic
841 2324 1034 2380 quidem
1058 2339 1207 2380 quum
1232 2333 1407 2369 sextae
1442 2324 1589 2369 classi
1613 2339 1753 2380 prae-

122 2400 283 2446 fectus
322 2401 488 2459 fuerit,
531 2401 744 2446 alterum
783 2410 1018 2458 expectat
1057 2416 1419 2456 successorem,
1462 2400 1600 2446 cuius
1645 2400 1754 2446 vice

123 2476 362 2523 hactenus
400 2477 627 2535 fungitur
665 2478 727 2524 D.
765 2478 1018 2533 Morellus,
1054 2478 1215 2523 frater
1249 2487 1435 2523 noster.
1475 2477 1537 2522 D.
1574 2477 1756 2523 Petrus

125 2553 328 2601 Canalis
350 2555 543 2601 interea
576 2565 778 2601 strenue
813 2555 1107 2601 confessarii
1130 2570 1336 2600 munere
1360 2554 1598 2611 fungitur,
1626 2555 1756 2612 quod

123 2642 238 2678 ante
270 2633 334 2680 D.
359 2633 580 2693 Jacobus
607 2633 614 2656 ¹
641 2633 824 2690 obibat;
852 2633 946 2679 Dei
982 2632 1111 2678 enim
1145 2632 1314 2689 gratia
1348 2647 1621 2688 prosperae
1656 2632 1754 2678 iam

122 2711 421 2756 valetudinis
444 2722 534 2769 est,
559 2726 654 2757 nec
671 2710 866 2756 cerebri
891 2710 1255 2768 aegritudinem
1275 2709 1486 2766 amplius
1509 2709 1750 2767 queritur.

123 2786 370 2844 Magister
393 2788 688 2833 Leonardus
712 2803 773 2833 ac
794 2787 858 2833 D.
886 2787 1120 2833 Nicolaus
1145 2786 1445 2843 grauissimo
1470 2787 1645 2832 morbo
1671 2802 1752 2833 ve-

122 2864 226 2910 xati
247 2865 611 2921 praelectiones
634 2880 751 2911 suas
774 2864 1104 2910 intermittere
1127 2863 1290 2909 coacti
1312 2863 1529 2922 fuerunt3
1552 2864 1632 2921 qui
1652 2864 1754 2921 qui-

158 3108 182 3146 *¹
233 3107 471 3155 P.Jacobus
490 3108 703 3145 Morellus.
759 3100 761 3102 ’
