1900 3380
535 312 855 350 loofflCOLONJA
890 312 930 348 14
960 312 1067 358 MAJI
1098 312 1187 347 1553
1559 311 1630 347 6:39

105 422 147 453 ὰ).
216 408 459 454 Consules
494 418 542 454 et
573 409 709 455 ciues
742 425 894 466 supra
918 409 1116 454 modum
1141 425 1229 454 nos
1253 418 1421 454 amant
1455 418 1502 454 et
1537 408 1676 453 breui

48 486 259 543 collegio
284 486 556 543 adiungent
590 487 788 532 domum
824 487 1037 543 collegio
1062 487 1167 543 ipso
1192 486 1341 532 etiam
1367 486 1675 542 ampliorem.

48 563 173 608 Sunt
204 574 468 620 praeterea
501 579 630 609 nunc
664 565 895 621 contenti,
924 573 975 609 ut
999 564 1219 620 ipsorum
1256 563 1336 608 filii
1368 563 1593 618 iesuitae,
1627 572 1679 607 ut

48 656 137 686 nos
163 652 359 698 uocant,
386 641 520 686 fiant.
549 640 919 698 Suffraganeus
945 644 956 666 ¹
982 651 1152 687 noster
1177 641 1422 697 quaedam
1458 640 1677 686 Societa-

47 718 109 763 tis
152 718 413 775 priuilegia
457 720 753 776 approbauit
798 720 856 765 de
900 728 1218 764 sacramento
1263 718 1588 763 confessionis
1632 729 1679 763 et

49 795 398 853 eucharistiae,
426 797 814 853 approbaturus,
847 796 1014 853 credo,
1042 797 1202 853 plura,
1230 795 1268 840 si
1304 805 1351 840 et
1387 796 1445 840 de
1481 794 1680 851 reliquis

49 889 161 918 cum
186 889 245 918 eo
270 874 562 930 egissemus.
590 874 772 920 Pastor
796 875 841 919 in
866 874 1005 919 cuius
1030 873 1298 930 parrochia
1331 873 1596 929 collegium
1621 872 1679 917 si-

50 960 149 995 tum
175 961 248 996 est
272 951 303 1007 2,
330 960 462 997 totus
487 960 656 997 noster
690 963 779 1006 est,
808 951 1036 1008 quicquid
1071 951 1310 996 hactenus
1335 951 1398 995 ab
1429 966 1487 995 eo
1513 949 1681 1006 petiui-

50 1043 158 1072 mus
198 1028 407 1073 libenter
441 1030 702 1087 concessit,
730 1029 824 1074 imo
859 1029 1165 1074 iuuentutem
1201 1029 1344 1084 plane
1379 1027 1520 1073 nobis
1553 1042 1680 1072 com-

50 1105 211 1158 mittit,
239 1114 287 1151 et
311 1106 371 1151 ad
398 1107 722 1164 pergendum,
750 1117 801 1152 ut
825 1107 1092 1164 coepimus,
1118 1107 1364 1151 hortatur.

109 1184 150 1229 6.
219 1183 317 1229 Sed
342 1184 404 1229 ad
429 1185 652 1230 scholam
676 1185 879 1241 propius
903 1184 1222 1230 accedamus.
1250 1184 1341 1229 His
1375 1184 1546 1229 diebus
1572 1192 1682 1239 post

52 1260 260 1317 diligens
301 1276 509 1306 examen
554 1262 1003 1318 grammaticorum
1049 1273 1331 1307 nostrorum
1371 1261 1433 1306 acl
1478 1261 1683 1306 altiores

51 1338 238 1383 classes
262 1353 500 1384 ascensus
524 1342 543 1359 ἃ
566 1339 729 1385 factus
752 1349 843 1385 est.
881 1340 1166 1385 Adfuerunt
1200 1339 1388 1395 aliquot
1422 1347 1684 1383 senatores

52 1424 100 1461 et
133 1416 344 1461 aliarum
379 1417 645 1462 bursarum
681 1417 891 1474 plurimi.
920 1417 972 1462 In
997 1418 1168 1463 schola
1192 1417 1440 1474 tapetibus
1464 1415 1684 1473 pulchris

52 1502 232 1539 ornata
256 1504 358 1540 tres
384 1495 637 1541 orationes
657 1504 705 1540 et
724 1504 939 1552 quatuor
959 1495 1183 1540 carmina
1203 1494 1532 1551 pronunciata
1551 1503 1679 1539 sunt.

53 1570 183 1628 Quid
207 1572 268 1616 ad
295 1572 531 1618 lectiones
556 1573 727 1618 solitas
752 1573 1039 1629 accesserit,
1068 1588 1131 1618 ex
1156 1573 1422 1618 lectionum
1447 1573 1684 1628 catalogo

53 1648 218 1694 licebit
249 1664 574 1706 cognoscere.
602 1650 1008 1696 Declamationes
1042 1650 1404 1707 continuamus,
1432 1649 1606 1707 quibus
1636 1649 1684 1693 li-

53 1726 255 1772 centiati
289 1727 409 1773 iuris
443 1737 491 1773 et
525 1728 810 1786 theologiae
845 1744 1196 1785 nonnunquam
1227 1728 1487 1774 intersunt:
1524 1728 1603 1785 qui
1639 1737 1687 1773 et

54 1803 317 1860 discipulos
341 1804 404 1850 ad
428 1805 649 1851 scholam
683 1804 828 1851 istam
863 1805 1131 1862 adducunt,
1160 1805 1272 1851 licet
1304 1806 1349 1850 in
1380 1805 1488 1850 aliis
1522 1804 1687 1850 bursis

54 1882 269 1938 promoti
304 1882 412 1928 sint.
452 1880 552 1928 Sed
586 1899 681 1928 non
715 1883 1025 1930 colonienses
1059 1893 1252 1929 tantum
1287 1884 1553 1940 collegium
1594 1884 1687 1928 hoc

55 1969 202 2016 pacto
226 1970 537 2017 promouent,
566 1977 741 2007 uerum
775 1962 924 2007 etiam
958 1962 1169 2019 externi,
1197 1972 1251 2007 vt
1283 1962 1329 2006 in
1367 1970 1566 2007 rectore
1591 1977 1687 2006 em-

55 2036 269 2083 bricensi
294 2038 309 2061 3
334 2038 518 2095 optimo
544 2039 625 2084 illo
656 2039 765 2084 uiro
799 2048 1025 2096 apparet,
1054 2039 1133 2096 qui
1167 2056 1265 2084 non
1300 2040 1456 2085 solum
1483 2055 1600 2084 suos
1625 2039 1686 2084 ad

56 2124 280 2160 nostrum
305 2116 571 2173 collegium
595 2117 815 2174 ablegat,
843 2116 929 2162 sed
953 2116 1103 2162 etiam
1129 2117 1307 2162 librum
1333 2116 1601 2162 Societatis
1626 2117 1685 2162 de

104 2326 123 2344 ²¹
173 2337 364 2362 assensus
382 2336 463 2362 ms.

58 2533 194 2569 codice
216 2533 357 2570 Germ.
378 2532 468 2575 131.
489 2531 557 2569 fol.
584 2531 686 2576 36v).
707 2531 832 2568 Alter
850 2533 939 2580 ejus
957 2531 1076 2577 filius,
1099 2532 1342 2576 Ludovicus,
1370 2533 1451 2580 jam
1476 2532 1625 2570 dudum
1653 2533 1693 2570 in

59 2591 265 2630 Societate
294 2596 394 2629 erat.
424 2591 590 2629 Tertius
608 2592 675 2639 qui
694 2592 868 2628 Romam
887 2605 994 2629 nunc
1013 2592 1071 2629 ire
1091 2592 1249 2637 dicitur,
1266 2592 1442 2638 jacobus
1461 2594 1694 2639 appellatur

59 2652 165 2699 apud
184 2652 373 2696 HANSEN,
395 2652 470 2689 loc.
492 2652 574 2698 cit.,
594 2651 676 2697 307,
699 2657 834 2689 annot.
856 2651 890 2688 2.
913 2652 978 2689 De
1007 2653 1052 2689 fr.
1082 2651 1284 2689 Anselmo
1312 2653 1427 2700 cujus
1454 2652 1517 2688 hic
1544 2653 1694 2690 mentio

60 2711 116 2755 fit,
138 2712 326 2749 videntur
344 2712 522 2759 intelligi
541 2725 646 2759 quae
666 2712 869 2749 habentur
887 2712 927 2749 in
950 2712 1103 2749 Laim'i
1120 2712 1327 2755 Monam..
1346 2711 1414 2758 ΠΙ,
1439 2711 1518 2758 116;
1539 2712 1613 2757 IV,
1634 2713 1692 2757 46;

60 2771 115 2817 V,
134 2771 217 2817 624;
238 2772 552 2816 Rz'badenez'ra,
574 2772 604 2818 I,
629 2772 708 2816 131,
728 2772 814 2810 297.
840 2773 905 2810 De
921 2785 969 2810 eo
985 2773 1108 2809 etiam
1124 2773 1210 2819 agit
1225 2778 1360 2809 rector
1374 2773 1538 2820 collegii
1558 2774 1695 2810 nolani

61 2832 102 2868 in
119 2831 404 2869 informatione
424 2833 519 2869 data
537 2833 601 2870 die
622 2833 779 2880 13Ju1ii
800 2832 902 2879 1559„
924 2845 1028 2880 quae
1048 2833 1256 2869 invenitur
1281 2833 1320 2869 in
1345 2833 1481 2869 codice
1511 2833 1593 2870 Sic.
1624 2833 1694 2877 59,

61 2904 103 2928 11.
127 2891 186 2938 25;
208 2891 319 2939 prius
337 2891 384 2928 22
403 2892 552 2937 (deleto
574 2891 669 2938 124).

111 2953 119 2971 ¹
172 2951 280 2988 Vide
299 2952 500 2999 superius,
521 2966 615 3000 pag.
636 2952 720 2998 569,
742 2958 877 2990 annot.
903 2953 933 2990 1.

110 3012 122 3031 ²
174 3010 420 3049 Coloniense
450 3013 670 3060 collegium
695 3013 816 3049 situm
845 3018 933 3049 erat
961 3013 1000 3049 in
1028 3012 1217 3059 paroecia
1248 3011 1321 3049 Sti.
1353 3012 1473 3060 Lupi.
1504 3012 1696 3056 HANSEN,

62 3071 137 3108 loc.
159 3072 241 3117 cit.,
261 3071 344 3109 304.

110 3132 123 3151 ³
174 3131 370 3169 Matthias
389 3131 671 3170 Bredenbach.
