1900 3380
555 234 815 270 75.-PRAGA
844 233 891 269 2&
914 234 1022 280 JULn
1056 234 1145 269 1557
1550 236 1615 271 311

25 331 300 376 ··videbatur
323 329 384 374 D.
412 329 727 386 praepositus
751 329 882 374 arcis
909 331 919 353 ¹
947 344 1210 385 excusare,
1250 331 1385 385 quasi
1423 347 1518 376 non
1554 348 1665 388 pro-

37 407 237 452 hibitum
262 405 434 450 fuisset
458 406 522 450 ab
546 405 631 459 eis,
666 406 751 450 sed
786 414 959 462 sponte
994 405 1180 450 factum
1215 405 1403 459 fuissem
1443 424 1501 452 ea
1536 408 1665 453 forte

32 484 229 530 ratione
270 498 329 528 ne
367 483 598 528 videlicet
632 483 1018 539 indignationem
1054 482 1440 535 incurreremus,
1480 485 1517 529 si
1552 500 1664 530 con—

36 560 191 617 questi
215 559 493 604 fuissemus.

92 637 134 682 3.
201 636 547 681 Veruntamen
574 652 809 681 numerus
832 647 907 681 est
930 637 1104 687 bonus,
1133 635 1220 681 200
1243 636 1350 681 fere
1384 637 1664 682 scolastico-

36 729 161 766 rum,
199 723 246 758 et
281 714 490 770 plurium
527 714 891 759 catholicorum
928 729 1073 769 quam
1108 714 1365 769 hactenus,
1408 724 1456 758 et
1490 715 1663 759 horum

35 791 226 849 quidem
270 790 542 836 vicinorum
583 791 890 847 oppidorum3
934 791 1071 835 multi
1111 789 1236 835 enim
1273 800 1385 835 sunt
1419 792 1661 849 extranei,

35 867 114 925 qui
139 867 321 912 victum
346 877 513 912 emunt
538 869 600 913 ab
624 867 898 924 hospitibus
923 868 1127 924 ciuibus,
1156 868 1235 923 qui
1269 868 1417 912 etiam
1452 868 1559 912 illos
1594 883 1663 913 se-

23 944 139 1001 ,pius
162 953 406 990 conantur
431 955 723 1000 peruertere
748 955 895 1000 atque
930 945 992 989 ad
1027 960 1166 989 suam
1197 954 1386 989 sectam
1410 946 1664 1001 pertrahe-

34 1035 103 1079 re3
131 1037 304 1066 verum
329 1037 564 1067 successu
590 1022 826 1078 temporis
862 1022 1137 1078 sperandus
1172 1022 1417 1067 maximus
1455 1022 1662 1079 Fructus,

34 1114 124 1144 nec
146 1108 355 1144 conatus
389 1099 797 1144 aduersariorum
832 1099 1145 1155 praeualebit
1178 1099 1446 1143 aduersum
1481 1099 1661 1146 Deum.

90 1175 134 1222 4.
199 1174 443 1220 Videmus
488 1175 616 1220 inter
660 1176 810 1220 hosce
855 1175 1119 1232 discipulos
1163 1176 1465 1221 hussitarum
1517 1186 1665 1232 atque

19 1252 242 1298 -aliorum
286 1253 563 1298 huiusmodi
604 1253 935 1298 hereticorum
975 1252 1104 1297 filios
1146 1253 1477 1298 verecundari
1516 1262 1665 1310 atque

35 1329 161 1374 inter
196 1329 466 1374 catholicos
501 1330 815 1385 erubescere,
853 1329 891 1374 si
926 1329 1255 1374 adhortentur
1300 1330 1437 1385 pueri
1477 1339 1525 1374 et
1564 1346 1664 1375 mo-

27 1415 246 1454 neantur
270 1406 527 1461 catholice;
555 1406 695 1463 quasi
719 1406 783 1450 illi
809 1407 872 1451 ab
896 1406 969 1451 his
1004 1406 1365 1463 discreparent,
1403 1421 1493 1451 nec
1530 1417 1665 1453 recte

35 1483 273 1531 uiuerent.
302 1483 451 1528 Vnde
486 1483 543 1529 fit
576 1484 771 1540 quando
812 1483 1041 1528 catholici
1076 1483 1228 1528 libros
1262 1484 1454 1539 aliquos
1488 1484 1664 1529 hereti-

20 1576 119 1607 cos
163 1560 394 1606 adferunt
440 1561 753 1617 praeceptori
799 1561 1148 1617 ostendendOS,
1191 1560 1384 1617 ipsimet
1422 1562 1663 1607 heretico-

33 1654 138 1685 rum
163 1638 249 1684 filii
274 1638 400 1683 idem
427 1648 702 1695 praestant;
726 1654 901 1683 verum
927 1639 1113 1695 absque
1138 1649 1398 1694 parentum
1420 1655 1664 1686 consensu

33 1731 126 1761 non
164 1715 405 1761 audemus
444 1716 551 1760 illos
589 1716 886 1761 comburere
924 1731 1082 1771 neque
1117 1716 1350 1761 retinere.
1388 1716 1665 1763 Hortamur

17 1801 197 1839 “tamen
222 1802 273 1837 ut
296 1793 548 1838 abiiciant.

89 1869 130 1916 5.
198 1869 412 1926 Quidam
436 1871 673 1915 sacerdos
699 1871 900 1916 boemus
925 1871 1015 1915 sub
1034 1878 1245 1926 utraque
1272 1870 1664 1929 [propterjzcve-

33 1947 114 1992 m's
136 1946 403 2003 repulsam
427 1945 734 2004 indignans]
759 1946 928 1992 visitat
951 1958 1115 1992 tamen
1140 1947 1475 2004 theologicam
1498 1949 1663 1994 lectio-

25 2037 140 2068 nem
163 2023 265 2079 ipse
289 2024 424 2068 solus
448 2023 573 2068 inter
596 2023 826 2069 hussitas.
854 2023 1078 2069 Visitant
1097 2024 1230 2069 illam
1250 2033 1298 2069 et
1322 2024 1383 2069 D.
1412 2026 1662 2081 praeposi-

18 2109 109 2145 ·ttus
126 2100 258 2145 arcis
276 2101 570 2157 frequenter
589 2116 699 2146 cum
719 2101 971 2146 canonicis
991 2102 1283 2157 quibusdam
1303 2111 1351 2147 et
1376 2103 1661 2159 capellanis,

2 2181 4 2183 ’
35 2176 237 2233 aliisque
271 2191 477 2222 numero
513 2177 767 2223 ordinario
801 2177 873 2223 20.
910 2178 1020 2234 Ipse
1055 2178 1188 2223 enim·
1218 2178 1280 2224 D.
1318 2178 1565 2224 Hem-icus
1599 2180 1613 2203 ²
1636 2180 1666 2224 4

19 2253 387 2299 sententiarum
421 2253 683 2310 profitetur
712 2269 823 2299 cum
847 2270 1033 2311 magna
1057 2255 1341 2300 auditorum
1365 2255 1662 2301 satisfactio-

35 2344 108 2375 ne.
148 2329 201 2376 In
242 2346 360 2377 arce
401 2346 595 2387 quoque
634 2331 926 2386 germanice
958 2346 1131 2376 coram
1166 2331 1228 2378 D.
1267 2331 1317 2378 S.
1356 2332 1622 2377 archiduce
1647 2332 1662 2357 3

34 2407 350 2453 concionibus
374 2407 588 2464 insudat,
615 2423 676 2452 ac
699 2417 836 2453 certe
862 2408 1074 2465 insudat,
1102 2425 1212 2454 cum
1238 2410 1455 2466 linguam
1482 2409 1544 2454 ad
1579 2424 1661 2454 un-

20 2498 180 2541 guem
204 2485 389 2530 callere
413 2494 665 2542 oporteat,
691 2486 821 2543 quod
844 2485 911 2530 illi
935 2487 1195 2532 molestum
1220 2502 1329 2532 esse
1353 2502 1447 2531 non
1472 2486 1662 2532 dubita-

35 2574 154 2619 mus,
181 2562 406 2618 quamuis
430 2562 702 2619 profecerit
726 2577 847 2608 sane
871 2562 1113 2608 hactenus
1147 2580 1243 2609 non
1278 2579 1455 2620 parum
1489 2563 1535 2608 in
1560 2564 1659 2610 illa.

80 2735 91 2754 ¹
140 2734 295 2782 Agitur
313 2737 362 2773 de
380 2736 561 2773 Henrico
580 2735 805 2780 Scribonio,
827 2737 994 2784 capituli
1021 2738 1235 2785 pragensis
1261 2737 1504 2784 praeposito,
1534 2742 1574 2774 et
1600 2750 1662 2775 ec-

17 2793 179 2831 ·e1esiae
203 2796 543 2843 metropolitanae
564 2796 906 2834 administratore.
935 2797 1097 2834 Dicitur
1124 2796 1377 2844 praepositus
1405 2796 1510 2833 arcis
1538 2809 1588 2834 ex
1615 2810 1662 2835 eo

19 2853 136 2899 *quod
155 2855 327 2891 ecclesia
353 2860 461 2892 esset
480 2868 604 2902 prope
624 2868 773 2893 arcem.
796 2855 860 2894 Cf.
890 2856 1249 2899 BRAUNSBERGER,
1276 2855 1330 2893 Β.
1352 2856 1478 2893 Petri
1497 2857 1666 2895 Cam'sz'z'

20 2913 169 2957 epist„
188 2913 218 2959 Ι,
238 2913 320 2960 599;
341 2913 390 2959 ΙΙ,
411 2914 493 2951 314.

80 2970 94 2991 ²
141 2971 344 3011 Henricus
361 2973 613 3011 Blissemius.

81 3029 94 3050 ³
142 3030 176 3068 F
180 3032 435 3070 erdinandus.
457 3032 522 3070 Cf.
544 3032 901 3077 BRAUNSBERGER‚
926 3035 999 3070 loc.
1022 3033 1102 3079 eit.,
1123 3033 1154 3079 Ι,
1174 3033 1249 3079 619;
1270 3033 1319 3079 II,
1340 3034 1418 3075 314.
