1909 3328
270 298 338 333 484
746 298 962 335 LITTERAE
989 299 1342 344 QUADRIMESTRES

224 393 503 450 aliquando
532 400 563 438 ἃ.
589 392 651 438 Et
675 404 827 452 certe,
852 394 890 439 si
916 393 1059 439 modo
1079 394 1274 439 domum
1294 394 1413 439 satis
1432 394 1651 439 multam
1668 393 1687 421 ¹³
1703 394 1847 440 habe-

224 485 406 526 remus,
444 471 789 527 quamplurimi
824 486 935 516 sese
975 470 1222 516 conuictui
1261 481 1432 516 nostro
1471 471 1846 517 concrederent:

221 547 324 604 sed,
352 548 475 604 qma
500 547 771 604 collegium
794 552 878 593 sat
899 548 1125 593 locorum
1152 562 1251 593 non
1276 548 1429 593 habet
1454 555 1485 601 Ε,
1513 549 1756 594 bonorum
1781 549 1848 593 vi-

221 640 393 670 rorum
418 625 546 670 uotis
570 640 633 670 ex
656 640 816 681 aequo
842 625 1145 682 respondere
1170 640 1265 670 non
1290 641 1565 682 possumus.

279 702 322 747 s).
390 701 535 758 Quod
566 702 628 747 ad
663 702 849 747 fratres
882 712 1081 747 nostros
1115 711 1324 758 spectat,
1361 703 1674 748 uocationem
1709 719 1848 749 suam

222 779 376 833 probe
402 788 596 833 ornant,
635 779 788 824 literis
822 779 1084 835 diligenter
1118 779 1419 836 incumbunt,
1455 779 1623 836 pietati
1660 790 1707 826 et
1741 781 1848 826 reli-

223 857 328 911 quis
363 857 625 902 virtutibus
658 857 878 902 sedulam
913 872 1117 913 operam
1152 857 1453 913 impendunt,
1491 857 1728 913 proximis
1761 873 1850 903 suo

222 935 380 978 bonae
414 934 809 979 conuersationis
849 934 1075 989 exemplo
1116 933 1422 990 praelucent.
1467 933 1546 979 Ad
1586 950 1713 990 quae
1752 934 1849 980 iam

222 1010 561 1056 uehementius
596 1010 789 1057 incitari
830 1022 1048 1067 possunt,
1086 1026 1196 1055 cum
1231 1010 1459 1056 nimirum
1494 1011 1655 1055 studia
1685 1011 1847 1056 litera-

221 1104 329 1133 rum
356 1089 701 1134 humaniorum
726 1089 784 1134 de
815 1089 1009 1145 integro
1046 1097 1289 1133 renouata
1324 1088 1417 1133 sint
1451 1097 1599 1144 atque
1634 1089 1848 1135 fratrum

220 1181 453 1210 numerus
478 1166 538 1210 ad
562 1165 620 1211 40
642 1166 749 1222 plus
773 1166 930 1210 minus
955 1165 1253 1211 excreuerit.
1282 1164 1596 1222 Suscepimus
1620 1166 1714 1212 hoc
1733 1181 1847 1223 qua-

220 1242 465 1288 drimestri
502 1243 625 1288 duos
659 1243 1017 1291 adolescentes,
1056 1242 1267 1287 alterum
1307 1242 1565 1299 hispanum
1605 1247 1844 1300 sutorem,

219 1321 430 1365 alterum
456 1336 748 1376 germanum
773 1325 1051 1375 sam‘m‘emj
1075 1335 1186 1375 spes
1216 1328 1290 1365 est
1314 1319 1421 1365 fore
1454 1329 1506 1365 ut
1540 1321 1585 1365 in
1620 1321 1847 1377 incoepto

219 1396 500 1453 persistant.
525 1396 714 1442 Nobilis
734 1398 929 1453 quidam
952 1397 995 1441 in
1017 1398 1131 1442 aula
1150 1397 1495 1443 serenissimae
1515 1398 1720 1454 reginae
1740 1414 1846 1454 per-

218 1484 387 1519 taesus
411 1473 551 1520 huius
577 1476 756 1529 mundi,
785 1473 836 1519 et
856 1490 1059 1519 exosam
1089 1474 1274 1519 habens
1299 1475 1483 1520 saeculi
1508 1491 1752 1533 pompam,
1790 1476 1848 1522 de

219 1551 455 1596 faciendis
480 1551 730 1597 exercitiis
755 1561 801 1596 et
828 1551 1097 1596 mutatione
1126 1550 1255 1596 vitae
1280 1551 1485 1607 cogitat.
1514 1551 1650 1597 Deus
1669 1552 1846 1598 scintil-

218 1629 315 1673 lam
341 1639 631 1685 conceptam
658 1644 886 1674 crescere
910 1629 991 1673 det
1012 1629 1055 1673 in
1077 1629 1258 1684 ignem.
1282 1628 1422 1674 Tuae
1447 1629 1507 1674 R.
1536 1628 1588 1674 P.
1616 1629 1847 1674 aliorum-

218 1722 310 1761 que
335 1706 540 1751 Patrum
560 1715 607 1751 et
626 1705 839 1751 fratrum
859 1705 1155 1750 charitatem
1175 1705 1354 1751 obnixe
1375 1721 1629 1763 rogamus,
1653 1716 1703 1751 ut
1722 1706 1846 1752 hanc

218 1784 413 1828 vineam
439 1783 618 1829 misere
641 1784 985 1828 conculcatam
1011 1783 1201 1838 iuuare,
1230 1782 1424 1828 fructus
1448 1782 1567 1839 eius,
1590 1799 1713 1839 quos
1732 1799 1845 1840 pau-

218 1876 303 1906 cos
347 1877 455 1906 esse
499 1861 545 1906 in
586 1859 792 1906 CHRO.
835 1861 1071 1915 dolemus,
1115 1875 1322 1917 augere,
1359 1860 1549 1917 hocque
1588 1860 1845 1917 collegium

218 1939 483 1984 viennense
507 1939 605 1983 suis
632 1938 939 1983 orationibus
964 1952 1264 1994 promouere
1288 1952 1382 1982 non
1409 1936 1652 1983 desinant.

310 2016 534 2061 Viennae
558 2016 793 2061 Austriae
817 2015 843 2060 2
866 2015 1098 2070 Ianuarii,
1127 2031 1257 2060 anno
1282 2014 1589 2060 MDLVIH.

305 2094 445 2139 Tuae
470 2094 572 2139 RQ
600 2094 653 2139 P.
680 2094 909 2149 indignus
934 2092 1057 2138 filius
1082 2109 1141 2138 ac
1166 2108 1343 2138 seruus
1368 2092 1412 2137 in
1439 2091 1665 2151 CHRO.‚

924 2187 1156 2246 JOANNEs
1191 2188 1417 2246 DIRqus,
1445 2186 1730 2233 Germanus
1754 2190 1784 2234 ¹.

305 2304 364 2349 In
389 2304 648 2361 margine,
676 2303 782 2348 alia
806 2317 968 2348 mmm
993 2302 1185 2359 spedita
1209 2318 1297 2359 per
1321 2311 1464 2348 tutto.

261 2481 277 2500 ³¹
322 2474 380 2509 eis
400 2473 553 2509 liceret.
611 2472 674 2499 --b
702 2473 893 2518 amplam.
949 2478 1010 2498 -—>0
1032 2476 1196 2518 propter
1215 2470 1376 2517 collegii
1399 2469 1626 2516 angustias.

263 2634 271 2651 ¹
325 2631 389 2668 De
410 2631 606 2678 epistolae
627 2634 791 2666 auctore
813 2628 903 2665 vide
924 2627 1060 2674 Epist.
1083 2627 1134 2665 P.
1157 2627 1320 2672 Nadal,
1343 2626 1392 2667 ΙΙ,
1413 2626 1495 2663 561,
