2043 3467
388 253 434 288 42
854 254 1072 291 Li'r'sERAE
1099 255 1452 300 QUADRIMESTRES

334 357 600 393 crosancta
625 348 902 393 obedientia
936 349 1004 394 ita
1036 349 1250 404 iubente,
1289 351 1518 408 referam
1552 351 1573 372 ‘⁶²
1607 353 1777 408 paucis
1811 353 1962 410 quale

333 425 484 481 quale
499 425 710 470 tandem
727 425 856 470 illud
869 426 938 471 sit
954 425 973 452 b
993 426 1121 482 quod
1138 427 1318 483 elapsis
1334 427 1466 472 hisce
1483 437 1697 484 quatuor
1715 429 1962 475 mensibus

318 501 469 547 —Deus
505 501 619 558 Opt.
655 501 789 546 Max.
817 517 905 558 per
929 502 1293 559 indignissimos
1317 519 1434 548 suos
1457 504 1706 550 ministros
1732 505 1961 561 dignatus

331 588 406 623 est
450 578 648 634 operari
688 585 724 623 ⁶.
763 577 968 624 Sumam
1007 579 1171 637 igitur
1208 596 1237 625 a
1281 579 1461 625 scholis
1498 583 1681 626 nostris
1724 582 1961 626 narrandi

334 655 611 712 exordium,
649 656 777 700 vnde
812 655 1081 712 praecipua
1120 657 1450 702 emolumenta
1477 656 1733 702 Ecclesiae
1759 659 1957 703 catholi-

334 748 422 778 cae
447 748 684 778 emanare
705 733 898 790 liquido
923 733 1269 790 conspicimus
1293 733 1326 778 d.
1352 734 1683 790 Progressum
1703 735 1749 779 in
1770 735 1923 780 literis
1942 742 1958 762 θ

330 810 551 855 similiter
575 818 621 855 et
645 810 690 854 in
716 810 900 866 pietate
925 819 972 854 et
996 810 1222 855 doctrina
1244 810 1399 867 Chri„
1423 811 1551 868 quod
1570 811 1836 867 singularis
1860 813 1959 858 illo-

332 903 440 932 rum
464 887 686 943 probitas
710 896 859 943 atque
890 887 1131 932 modestia
1155 888 1380 933 omnibus
1404 897 1632 945 testatur,
1658 889 1806 944 ‘nobis
1836 904 1960 934 vero

331 965 580 1010 assiduum
615 965 957 1009 commertium
993 974 1040 1010 et
1064 965 1193 1010 haud
1218 965 1415 1021 ignotus
1440 965 1716 1010 animorum
1740 966 1958 1022 ipsorum

330 1051 489 1086 status
526 1041 769 1086 efficatius
803 1040 947 1086 fidem
986 1041 1121 1086 facit.
1159 1042 1351 1087 Norunt
1386 1042 1490 1098 ipsi,
1529 1052 1729 1098 praeter
1765 1058 1956 1087 omnem

330 1118 523 1174 patriae
548 1118 618 1175 (Vt
643 1133 771 1163 nunc
796 1133 848 1163 se
872 1133 953 1163 res
977 1118 1178 1175 habent)
1203 1119 1622 1175 consuetudinem,
1659 1119 1841 1164 minimi
1876 1135 1957 1175 pa-

326 1196 449 1241 riter
486 1204 634 1251 atque
669 1194 883 1251 maximi,
921 1204 1097 1240 exacte
1132 1210 1222 1240 sua
1256 1204 1464 1251 peccata
1498 1194 1737 1251 confiteri,
1776 1195 1822 1240 in
1862 1211 1956 1251 quo

326 1273 477 1319 etiam
502 1282 735 1329 parentes
759 1287 892 1328 suos,
927 1286 1053 1329 qnos
1085 1272 1252 1329 (equis
1285 1272 1421 1329 qnod
1453 1273 1602 1317 czz'nnt
1634 1272 1785 1329 albis)
1818 1288 1955 1329 supe-

327 1360 440 1396 rant
463 1349 473 1376 f
500 1350 827 1406 vincuntque.
855 1349 1069 1394 Tantum
1095 1358 1229 1394 certe
1256 1350 1387 1393 valet
1407 1349 1699 1394 exercitatio
1724 1349 1956 1405 frequens

326 1437 374 1473 et
398 1427 616 1472 assidua.
643 1425 854 1471 Accedit
877 1435 925 1470 et
949 1425 1219 1471 commodis
1243 1425 1331 1481 his,
1360 1427 1488 1482 quod
1520 1425 1628 1471 inde
1662 1426 1810 1471 etiam
1844 1426 1958 1472 odia·

324 1514 372 1549 et
405 1503 687 1548 inimicitiae
722 1502 849 1547 inter
883 1505 1096 1547 maiores
1130 1502 1373 1547 interdum
1409 1512 1787 1558 componantur,
1825 1503 1954 1559 quod

324 1581 528 1627 crimina
562 1580 736 1637 quibus
770 1579 933 1624 multis
967 1578 1105 1624 annis
1141 1579 1491 1624 conscientiam
1526 1588 1812 1629 miei-arant,
1851 1579 1948 1624 iam

325 1658 524 1704 tandem
549 1658 802 1714 detegant,
830 1656 1125 1712 cupiantque
1150 1672 1179 1701 a
1202 1656 1424 1701 demonis
1449 1657 1637 1713 laqueis
1662 1657 1879 1702 liberari.

382 1737 422 1781 2.
491 1734 616 1781 Sunt
654 1751 749 1779 non
788 1734 931 1791 pauci
966 1734 1045 1790 qui
1079 1734 1170 1779 sub
1205 1734 1377 1790 puerili
1410 1733 1539 1779 facie
1575 1734 1767 1778 virilem
1807 1734 1951 1790 plane

323 1822 524 1870 gestant
557 1812 791 1865 animum,
829 1811 1109 1867 audentque
1144 1811 1336 1867 publice
1372 1811 1431 1855 de
1467 1811 1650 1856 virtute
1677 1811 1840 1867 aliqua
1872 1812 1952 1856 vel

322 1899 607 1936 sanctorum
641 1889 786 1934 laude
820 1889 1120 1943 declamare,
1159 1887 1287 1944 quod
1312 1888 1444 1933 hisce
1468 1888 1608 1933 festis
1632 1904 1816 1945 magna
1842 1904 1950 1933 cum

322 1968 466 2013 laude
486 1966 682 2024 quidam
707 1981 828 2022 puer
848 1966 893 2010 in
912 1965 1092 2021 templo
1113 1974 1283 2010 nostro
1303 1965 1532 2021 prestitit,
1555 1967 1651 2021 qui,
1673 1976 1950 2010 conuocata

321 2044 597 2100 academia,
625 2043 684 2088 de
715 2058 868 2100 puero
892 2042 1011 2102 Jesu
1046 2042 1246 2098 eiusque
1280 2043 1534 2100 salm‘fero
1567 2050 1586 2076 g
1622 2043 1816 2088 nomine
1846 2043 1951 2088 lati-

321 2138 435 2168 num
459 2136 739 2166 sermonem
763 2119 949 2165 habuit:
977 2120 1106 2176 quod
1131 2119 1325 2175 quidem
1361 2120 1591 2174 studium,
1621 2129 1674 2165 vt
1697 2120 1951 2177 germanis
2019 2177 2021 2180 Α

321 2199 543 2255 apprime
567 2208 768 2255 gratum
793 2206 881 2252 est,
908 2197 976 2242 ita
1001 2196 1150 2242 etiam
1181 2195 1382 2241 mirifice
1418 2197 1628 2242 aliorum
1663 2197 1854 2242 animos
1888 2197 1951 2242 ad

320 2276 482 2322 studia
498 2274 804 2332 capessenda
823 2273 1007 2319 excitat
1024 2273 1270 2330 efficitque
1287 2274 1381 2319 hac
1395 2275 1587 2319 ratione
1607 2274 1738 2330 opti.
1760 2274 1902 2319 Max.
1931 2274 1950 2302 ¹¹

320 2363 389 2411 vt,
416 2363 464 2399 et
488 2352 586 2410 filii,
613 2362 660 2397 et
685 2360 917 2408 parentes
950 2366 1038 2406 per
1072 2350 1197 2396 filios
1221 2352 1283 2395 ad
1306 2366 1480 2396 sanam
1506 2351 1780 2397 doctrinam
1806 2351 1947 2396 redu-

319 2441 516 2477 cantur.

377 2508 418 2555 3.
488 2508 563 2552 De
586 2506 827 2552 fratribus
851 2506 1032 2551 nostris
1057 2505 1187 2550 aliud
1213 2504 1371 2549 dicam
1396 2505 1525 2561 nihil,
1560 2521 1705 2561 quam
1740 2505 1867 2561 quod
1901 2505 1947 2550 in

319 2584 483 2630 offitiis
522 2585 622 2629 suis
648 2599 756 2628 sese
780 2583 936 2639 probe
971 2582 1266 2627 contineant
1300 2580 1324 2635 ³,
1362 2582 1630 2638 seduloque
1664 2591 1943 2631 versentur.

319 2661 499 2705 Nouitii
525 2676 647 2705 vero
671 2660 717 2705 in
742 2659 844 2704 dies
877 2659 923 2704 in
957 2658 1129 2715 spiritu
1164 2667 1212 2703 et
1246 2657 1290 2702 in
1328 2658 1482 2703 literis
1516 2657 1791 2715 proficiunt,
1830 2673 1944 2714 quo-

319 2753 424 2782 rum
448 2751 681 2782 numerus
705 2735 877 2792 (Chro.
906 2734 1123 2791 auspice)
1148 2750 1176 2779 a
1201 2735 1438 2790 proximis
1463 2735 1617 2780 literis
1647 2744 1720 2780 est
1750 2744 1941 2792 auctus,

365 2899 381 2918 ³
425 2891 603 2927 dicturus
654 2890 720 2917 —b
742 2890 844 2925 Rde.
866 2888 1001 2925 Pater.
1060 2894 1117 2914 —C
1144 2887 1238 2924 Hoc
1250 2891 1468 2933 punctum
1485 2891 1708 2924 mutatum
1724 2888 1845 2924 estin
1860 2879 1943 2925 vir-

312 2951 468 2996 gulam
490 2951 556 2995 (,),
578 2961 713 2996 qnam
734 2950 961 2995 requirunt
980 2948 1257 2984 correctiones
1277 2946 1474 2984 Polcmcz'.
1531 2946 1595 2973 —d
1615 2947 1655 2983 in
1674 2947 1748 2983 hac
1774 2946 1942 2992 regione

318 3022 508 3047 emanare
528 3009 624 3045 satis
644 3008 921 3054 intelligimus.
976 3013 1038 3033 -e
1064 3005 1215 3042 faciunt
1240 3006 1434 3052 optimum
1499 3006 1554 3032 ——f
1583 3006 1704 3052 longe
1730 3009 1938 3052 superant.

319 3077 382 3103 —g
413 3067 634 3105 salutifero.
688 3067 754 3094 -h
788 3065 976 3103 Deus—1
1015 3070 1245 3102 exerceant.
