1925 3509
1620 279 1642 289 t-

528 281 762 319 3.-—E130RA
790 281 832 318 31
861 281 1105 321 DECEMBRIS
1135 281 1225 317 1556
1626 291 1637 315 s

108 379 184 423 47.Α
229 377 366 423 Multi
392 376 644 422 discordes
675 392 762 433 per
795 391 879 422 eos
913 375 976 421 ad
1010 375 1329 421 concordiam
1364 374 1687 420 reducuntur:

59 455 171 500 ‘lites
196 454 322 500 inter
345 454 581 510 coniuges
605 461 919 510 componunt:
948 452 1056 498 aliis
1075 451 1252 507 studio,
1274 450 1478 497 consilio
1498 450 1687 496 fauent:

62 523 134 577 tot
167 532 413 587 tantisque
447 530 656 587 denique
685 529 1051 576 calamitatibus
1074 537 1388 584 succurrunt,
1416 536 1469 573 vt
1492 527 1584 573 hoc
1607 542 1690 572 no·

63 618 219 654 strum
244 608 507 664 collegium
532 607 817 664 profugium
842 606 1137 652 miserorum
1162 614 1446 651 censeatur.

92 719 93 722 =
120 686 163 733 8.
229 685 404 731 Studia
427 686 573 731 solita
597 684 853 737 orationis,
892 683 1204 730 obedientiae
1238 692 1286 728 et
1321 681 1546 728 literaria
1578 690 1691 727 sunt

63 763 284 817 assidua,
341 762 753 819 quemadmodum
807 761 1046 807 hactenus
1095 761 1316 812 fuerunt.
1369 774 1476 805 cum
1522 767 1691 804 mutuo

63 855 234 885 amore
258 839 501 885 fraterno:
530 855 618 896 pro
648 838 823 896 quibus
856 847 1005 896 atque
1040 837 1147 883 aliis
1180 837 1408 882 maximis
1442 834 1693 882 beneficiis

62 917 109 962 in
142 932 231 962 nos
264 917 473 969 collatis,
510 916 635 972 Deo,
672 931 701 961 a
736 931 831 972 quo
866 915 1028 960 omnia
1063 913 1461 971 proficiscuntur,
1495 913 1692 970 agimus

62 993 257 1050 gratias
297 992 553 1038 maximas.
592 992 740 1037 Faxit
774 992 868 1044 ille,
902 1007 993 1048 pro
1027 1007 1117 1037 sua
1157 991 1399 1048 singulari
1438 1005 1564 1047 erga
1603 1005 1693 1035 nos

63 1070 347 1125 clementia,
390 1078 458 1122 vt,
500 1085 627 1127 quae
666 1070 767 1125 ipse
807 1070 929 1119 vult.
972 1083 1355 1125 cognoscamus,
1394 1067 1693 1124 cognitaque

64 1157 390 1205 praestemus.
418 1146 566 1192 Vale.
595 1145 824 1193 Gandiae
847 1146 994 1192 tertio
1019 1146 1126 1191 idus
1149 1144 1472 1202 Septembris.

154 1225 428 1281 Inscriptio
452 1224 559 1269 alia
582 1237 759 1269 mann.
795 1228 820 1277 †
854 1223 918 1268 Al
948 1238 1063 1280 muy
1093 1222 1220 1268 Rdo.
1254 1222 1417 1267 Padre
1452 1223 1497 1267 el
1530 1221 1695 1267 Padre

64 1312 285 1348 maestro
310 1302 529 1359 Laynez‚
557 1301 746 1346 vicario
771 1300 978 1357 general
1002 1300 1062 1345 de
1086 1300 1133 1346 la
1153 1299 1429 1356 Compafn'a
1449 1299 1509 1344 de
1527 1299 1691 1358 Jesus.

67 1378 246 1424 Roma.

868 1506 902 1556 3

483 1594 914 1642 FRANCISCUS
948 1593 1279 1641 MORALES

557 1701 698 1727 EBoRA
723 1690 765 1727 31
795 1700 1027 1726 DECEMBms
1056 1690 1146 1726 1550
1174 1691 1197 1726 ¹.

66 1807 98 1845 1.
127 1805 179 1843 P.
201 1805 286 1842 Leo
306 1805 522 1852 Enriques
541 1804 931 1850 collegio-eborensi
949 1804 1220 1850 praeficitur.
1234 1803 1337 1840 —-P.
1368 1803 1547 1840 Marcus
1575 1802 1696 1840 Geor-

133 1866 235 1911 gius
254 1865 572 1902 Conimbricam
593 1863 858 1901 missus—2.
888 1863 995 1900 Post
1007 1864 1259 1900 vacationes
1272 1863 1523 1900 studiorum
1541 1872 1698 1899 cursus

138 1924 760 1969 inchoatur.—Praeceptores
790 1934 845 1960 va
856 1924 1022 1960 viarum
1044 1923 1323 1969 facultatum
1356 1925 1694 1959 recensentur*

136 1983 216 2021 3-5.
246 1984 433 2021 Fructus
464 1994 514 2020 ex
540 1983 701 2020 studiis
728 1983 980 2019 litterarmn
993 1983 1196 2029 percepti.
1207 1981 1286 2018 -6,
1312 1982 1565 2020 Cardz‘nalz's
1579 1982 1696 2019 Hen-

139 2044 221 2080 rici
232 2054 332 2089 erga
350 2043 604 2080 Societatem
620 2052 748 2079 amor
761 2045 800 2079 et
818 2036 1260 2079 hene-volentia.—‘7-9.
1291 2042 1427 2079 Sacra
1448 2042 1695 2078 ministeria

130 2103 360 2149 fructuose
394 2106 657 2139 exercentur.
670 2102 780 2137 -10,
817 2102 1039 2148 Religiosa
1075 2104 1165 2138 vita
1202 2106 1241 2139 et
1272 2103 1526 2148 regularum
1562 2101 1698 2138 obser-

139 2164 292 2199 vantia
313 2164 356 2199 in
376 2164 503 2199 sociis
524 2162 979 2208 mirzficefloret.—ll.
1009 2162 1159 2199 Novae
1167 2162 1372 2208 fabricae
1391 2161 1591 2208 aedzficio
1618 2162 1697 2198 col-

140 2223 242 2268 legii
257 2221 482 2259 accedunt.

132 2319 171 2364 1.
236 2322 262 2370 †
294 2318 454 2378 Jesus.
482 2317 914 2363 Reuerendissime
933 2316 1099 2363 Pater.
1122 2317 1198 2363 Ea
1222 2333 1347 2374 quae
1377 2318 1449 2363 his
1484 2326 1697 2374 quatuor

69 2395 315 2441 mensibus
354 2395 517 2440 diuina
555 2395 774 2440 bonitate
813 2395 943 2451 apud
981 2410 1070 2440 nos
1108 2404 1253 2453 gesta
1285 2405 1412 2451 sunt,
1450 2395 1613 2440 Pater
1644 2395 1696 2440 in

72 2471 271 2518 Christo
303 2471 613 2525 uenerande,
641 2480 692 2517 ut
725 2486 830 2517 mos
848 2481 937 2529 est,
965 2471 1184 2518 breuiter
1208 2472 1281 2518 his
1299 2472 1454 2517 literis
1484 2487 1697 2525 expone-

70 2564 191 2594 mus.
240 2548 292 2593 In
336 2548 503 2605 primis
547 2548 713 2606 igitur,
761 2558 813 2594 ut
862 2548 1097 2605 temporis
1141 2549 1365 2594 ordinem
1409 2563 1693 2605 sequamur,

73 2625 225 2671 Pater
258 2625 364 2671 Leo
389 2626 403 2650 2
428 2625 490 2670 ad
513 2641 602 2671 nos
627 2626 759 2671 uenit
783 2641 950 2672 mense
973 2625 1271 2684 Septembri,
1309 2642 1337 2672 a
1371 2626 1522 2671 Patre
1556 2641 1697 2683 prae—

74 2702 233 2759 posito
269 2703 284 2727 3
318 2703 510 2757 missus,
557 2712 660 2748 tum
699 2713 752 2748 ut
791 2713 958 2749 rector
992 2713 1136 2759 esset,
1180 2713 1281 2749 tum
1315 2703 1465 2749 etiam
1499 2712 1551 2749 ut
1584 2719 1698 2749 con-

122 2861 132 2907 ¹.
184 2859 245 2897 Ex
264 2861 514 2907 autographo
532 2860 573 2897 in
592 2861 727 2897 codice
747 2861 850 2898 ths.
873 2862 937 2905 51,
958 2861 998 2897 ff.
1024 2861 1141 2906 13-12;
1165 2862 1274 2907 prius
1299 2875 1391 2909 pag.
1418 2862 1539 2900 94-96.
1569 2863 1698 2901 Aliud

76 2920 305 2966 exemplum
323 2920 493 2956 latinum
512 2920 717 2956 invenitur
735 2920 775 2956 in
802 2919 843 2956 ff.
876 2920 992 2957 15-16.
1016 2920 1103 2956 Hac
1129 2920 1299 2967 epistola
1327 2934 1422 2958 usus
1449 2927 1510 2959 est
1536 2922 1700 2960 POLAN—

76 2987 149 3014 cus
167 2978 208 3014 in
230 2978 397 3023 Chron„
418 2978 492 3020 VI,
513 2978 593 3015 730.

124 3037 136 3056 ²
186 3037 230 3074 P.
249 3037 335 3075 Leo
355 3037 569 3085 Euriques.

124 3096 136 3115 ³
186 3096 408 3133 Lusitanae
428 3097 659 3143 provinciae
678 3097 929 3144 praepositus
945 3103 1032 3134 erat
1051 3097 1095 3134 P.
1118 3097 1295 3135 Michael
1314 3099 1554 3137 Turrianus.
