1900 3380
496 256 926 295 175.—VALL1SOLET0
951 260 974 295 3
995 258 1105 306 δῘυΝΠ
1136 259 1226 295 1558
1559 260 1627 296 705

40 350 150 396 dine
174 352 458 408 utebantur,
487 351 650 397 Patris
687 353 941 399 cuiusdam
976 354 1236 412 industria,
1274 355 1347 400 his
1383 355 1671 411 repudiatis,

40 428 289 483 prioribus
312 437 423 473 sunt
449 429 773 487 reconciliati,
801 440 949 487 atque
975 432 1129 478 multa
1153 448 1355 477 suorum
1380 432 1672 478 delictorum

41 505 213 550 notitia
238 514 285 550 et
310 505 656 563 detestatione,
686 508 766 553 illa
787 509 1038 554 lachrimis
1058 510 1331 566 abluentes,
1355 510 1484 566 quod
1510 511 1673 555 hacte-

40 597 129 626 nus
155 582 248 627 iter
272 582 561 638 perditionis
587 592 868 642 tenuerant,
896 595 1070 642 sponte
1095 588 1352 632 omissere.

96 660 139 704 3.
207 658 419 716 Quidam
456 661 581 706 alius
617 660 854 718 (eiusdem
889 664 1134 709 sententia
1172 664 1369 722 Patris),
1407 680 1552 721 quam
1590 665 1674 710 ini-

40 737 145 794 quis
171 737 325 782 modis
351 748 398 782 et
420 738 687 784 multorum
712 739 906 798 iniuria,
934 750 1148 797 quatuor
1179 742 1498 787 tallentorum
1532 751 1581 787 et
1615 758 1673 787 eo

40 814 252 871 amplius
276 830 381 859 rem
407 814 704 861 familiarem
732 829 1075 874 congesserat,
1105 828 1155 864 ut
1190 818 1442 864 Christum
1477 819 1673 864 lucrifa-

40 900 194 948 ceret,
236 901 289 937 ut
321 901 516 938 stercus
555 902 629 939 est
663 894 954 940 arbitratus.
992 895 1060 941 Ut
1084 912 1147 941 ex
1171 897 1263 941 hoc
1288 897 1564 953 paternitas
1588 907 1674 942 tua

43 968 247 1024 colligat
282 978 519 1025 quantum
559 969 804 1027 flagraret
844 972 1007 1018 diuino
1047 989 1235 1029 amore,
1276 974 1355 1030 qui
1391 974 1673 1020 diuitiarum

41 1046 295 1103 cupiditati
320 1047 389 1092 sic
413 1046 585 1093 frenos
609 1048 848 1095 iniecerit.

98 1124 142 1169 4.
209 1123 299 1169 His
333 1125 483 1171 etiam
519 1125 795 1183 adiungere
830 1126 1013 1172 uissum
1053 1138 1128 1173 est
1167 1128 1334 1185 alium,
1372 1130 1453 1186 qui
1492 1130 1672 1186 puella,

41 1201 179 1247 cuius
202 1203 470 1248 tenebatur
494 1218 683 1261 amore,
711 1219 822 1249 cum
847 1205 1059 1262 turpiter
1084 1206 1378 1252 abuteretur
1402 1217 1449 1252 et
1469 1208 1573 1252 eius
1592 1223 1675 1264 pa-

41 1289 208 1325 rentes
232 1280 374 1337 (quos
399 1282 699 1328 matrimonii
722 1298 808 1340 spe
832 1283 1126 1341 pellexerat,
1155 1294 1209 1330 vt
1243 1285 1333 1331 sibi
1367 1284 1577 1330 liberum
1612 1286 1674 1330 ad

43 1356 208 1415 filiam,
246 1359 439 1415 quoties
478 1359 642 1417 uellet,
685 1360 872 1406 aditum
908 1361 1098 1418 darent,
1137 1362 1252 1419 quia
1285 1362 1375 1408 sibi
1411 1362 1675 1419 desponsa-

39 1444 140 1480 tam
163 1435 471 1482 clandestino
495 1438 835 1495 asseueraret)
872 1439 966 1484 hac
999 1455 1086 1496 spe
1121 1441 1437 1497 produceret,
1475 1440 1674 1486 tandem

39 1512 310 1559 salutiferis
336 1513 589 1560 cuiusdam
617 1514 780 1561 Patris
814 1517 1030 1572 consiliis
1064 1517 1126 1563 ad
1156 1533 1209 1563 se
1244 1533 1479 1575 reuersus
1514 1519 1681 1575 coepit·

42 1590 269 1647 cogitare
308 1592 503 1648 quantis
548 1592 762 1650 undique
802 1595 1135 1641 conscientiae
1175 1596 1420 1641 aduersus
1458 1596 1673 1653 seipsum

42 1668 340 1715 oblatrantis
363 1681 714 1726 praemeretur
744 1673 1004 1731 angustiis,
1032 1689 1279 1732 quamque
1303 1675 1436 1721 tenui
1461 1675 1525 1721 ab
1560 1675 1676 1731 ipsis

40 1746 218 1792 inferni
242 1747 434 1794 foribus
458 1749 657 1795 abesset
687 1750 986 1797 discrimine:
1024 1768 1179 1810 quare
1214 1753 1535 1800 uehementer
1568 1770 1676 1811 per-

40 1824 223 1882 culsus,
251 1834 396 1871 actae
420 1826 556 1872 vitae
580 1828 692 1873 uela
717 1828 919 1885 cupiens
943 1838 1162 1888 uertere,
1183 1841 1415 1876 cunctam
1439 1832 1674 1888 thegnam

40 1902 103 1947 ad
128 1903 338 1948 eundem
363 1904 537 1950 detulit
562 1905 780 1963 Patrem,
808 1905 915 1965 ejus
945 1907 1217 1964 implorans
1252 1918 1300 1954 et
1334 1909 1592 1955 consilium
1629 1920 1676 1956 et

41 1995 199 2037 opem,
227 1990 278 2026 ut
302 1982 452 2028 tantis
477 1983 619 2029 malis
643 1999 696 2029 se
720 1994 887 2041 posset
911 1985 1162 2043 expedire3
1191 1987 1249 2032 de
1275 1988 1413 2033 cuius
1432 1988 1676 2034 sententia

41 2058 154 2114 quia
178 2059 548 2106 matrimonium
573 2061 701 2107 inter
721 2072 1002 2122 utrumque,
1030 2073 1197 2121 utpote
1217 2065 1386 2122 dispar
1410 2065 1675 2110 admodum

0 2177 1 2187 ,
42 2136 105 2181 ob
128 2136 423 2183 conditionis
446 2137 838 2198 inequalitatem,
865 2142 1136 2188 conuenire
1161 2158 1256 2188 non
1293 2153 1506 2201 poterat,
1544 2144 1675 2199 puel-

43 2214 119 2259 lae
144 2213 189 2258 in
214 2214 319 2260 eius
343 2215 508 2261 dotem
534 2217 664 2262 mille
688 2233 871 2264 aureos
895 2219 1117 2265 contulit.

97 2291 141 2337 5.
207 2291 522 2350 Frequentes
546 2295 610 2341 ab
634 2295 731 2341 alio
756 2295 907 2343 Patre
938 2313 1026 2354 per
1061 2298 1224 2355 oppidi
1259 2298 1460 2343 diuersa
1493 2300 1677 2355 templa

41 2377 152 2414 sunt
175 2369 270 2415 hac
293 2371 711 2429 quadragessima
736 2374 1001 2420 conciones
1025 2375 1241 2428 habitae,
1274 2376 1414 2420 cuius
1449 2376 1677 2422 doctrina

43 2447 225 2503 populo
249 2448 375 2493 adeo
400 2449 560 2495 extitit
585 2460 811 2509 accepta,
838 2461 890 2497 ut
912 2468 1010 2498 non
1036 2453 1135 2498 alia
1159 2454 1220 2499 ad
1251 2469 1363 2499 eum
1396 2453 1676 2510 frequentia

43 2534 451 2583 concurreretur,
478 2542 538 2572 ac
562 2543 709 2584 apum
732 2530 964 2576 examina
988 2531 1051 2576 ad
1075 2531 1301 2576 aluearia
1324 2532 1498 2576 solent.
1527 2531 1675 2577 Domi

45 2601 194 2646 etiam
218 2602 475 2649 dominicis
499 2604 671 2650 diebus
690 2606 815 2652 alius
836 2616 909 2653 est
927 2608 1268 2665 concionatus,
1291 2618 1440 2665 atque
1460 2610 1523 2654 ab
1543 2618 1676 2654 utro-

46 2693 139 2735 que
163 2678 185 2700 a
208 2680 427 2726 maximo
451 2696 561 2726 cum
587 2682 837 2729 hominum
862 2685 1129 2730 multorum
1154 2685 1322 2731 fructu
1353 2685 1386 2731 b.

101 2755 145 2802 6.
211 2756 405 2803 Harum
428 2775 596 2805 rerum
629 2760 677 2806 in
709 2761 926 2808 maximo
961 2771 1133 2808 nostro
1166 2763 1338 2809 dolore
1373 2764 1552 2810 solatio
1587 2765 1676 2811 uti-

91 2959 111 2978 ἃ
160 2965 334 3007 utraque
354 2972 434 2998 ms.
489 2962 554 2990 —b
587 2962 665 3000 Est
681 2963 868 3001 hocloco
886 2965 1063 3002 stellula
1090 2965 1108 2985 ss
1133 2965 1179 3001 in
1207 2976 1304 3009 ms„
1330 2976 1444 3012 qnae
1468 2968 1679 3013 repetitur

43 3022 191 3064 postea
215 3023 318 3058 ante
339 3021 471 3059 verba
489 3021 619 3069 Spero
638 3023 736 3068 fore,
760 3025 919 3061 melius
928 3024 1124 3070 fortasse
1143 3025 1398 3063 collocanda
1414 3028 1552 3072 paulo
1571 3028 1678 3073 infe-

46 3079 139 3116 rius
157 3083 261 3118 ante
277 3081 408 3118 verba
428 3081 513 3118 Iam
535 3094 642 3120 vero.

151 3180 320 3211 LITTERAE
339 3181 638 3216 QUADRIMESTRES.
660 3184 750 3213 TOM.
773 3184 810 3213 V.
1537 3189 1572 3215 45
