2043 3467
397 253 444 290 88
867 255 1087 292 LITTERAE
1114 256 1471 301 QUADRIMESTRES

344 359 421 394 ter
444 349 531 394 hos
556 349 746 406 aliquos
771 365 880 395 esse
903 349 1092 407 judeOS‚
1120 350 1199 407 qui
1224 350 1436 395 fratrum
1461 351 1626 397 multis
1656 350 1835 396 auditis
1865 366 1976 396 con-

346 427 583 483 cionibus,
610 442 721 471 cum
746 427 929 472 nostris
954 429 1317 485 colloquuntur,
1345 428 1523 484 quique
1555 428 1770 485 pastoris
1795 427 1979 474 Christi

345 518 519 548 uocem
544 495 716 548 audire
741 504 866 548 uelle
891 503 1135 549 uidentur:
1166 514 1216 549 ut
1250 520 1524 560 speramus.
1562 505 1777 561 aliquam
1813 520 1874 550 ex
1908 505 1980 550 his

346 578 624 624 referemus
648 579 925 624 utilitatem.

404 655 446 701 2.
513 655 648 701 Idem
684 656 792 702 dico
827 656 888 701 de
926 657 1263 714 xenodochiis,
1308 673 1434 714 quae
1475 658 1727 716 (quoniam
1767 658 1847 714 qui
1886 658 1981 704 illic

345 741 501 787 agunt
535 741 583 778 et
616 732 916 778 decumbunt
950 734 1244 790 capaciores
1278 743 1391 779 sunt
1425 735 1711 780 eruditionis
1746 744 1894 791 atque
1919 750 1979 780 eo
2039 769 2043 772 -

345 808 619 866 digniores)
642 808 950 866 frequentius
974 810 1267 856 inuisuntur.
2042 799 2043 806 ἵ

402 886 445 932 3.
513 887 684 932 Taceo
728 886 1035 932 innumeram
1082 888 1438 933 multitudinem
1488 888 1842 944 poenitentium
1888 888 1980 934 hoc
2041 940 2043 942 ,

343 963 570 1009 natalitio
593 963 809 1022 Domini,
838 964 915 1010 cui
939 974 1226 1011 accesserat
1245 966 1457 1010 alterum
1477 964 1782 1021 beneficium,
1804 980 1978 1021 nempe
2041 952 2043 972 ³

344 1039 579 1097 J'ubileum
603 1043 638 1086 az
667 1057 793 1098 quae
817 1050 956 1087 tanta
980 1042 1070 1088 fuit
1095 1051 1146 1087 ut
1170 1043 1255 1088 nel
1275 1042 1488 1100 quinque
1513 1042 1689 1087 Patres
1713 1041 1732 1068 ¹³
1756 1058 1853 1086 non
1883 1041 1980 1087 suf·

344 1116 565 1163 ficerent.
609 1117 751 1175 Quid
780 1118 843 1162 de
876 1119 1355 1164 commnnionibns?
1386 1125 1402 1145 Ε
1442 1118 1630 1163 Plures
1661 1132 1790 1163 sane
1823 1132 1980 1176 qnam
2042 1117 2043 1123 ’

347 1195 715 1253 confessiones.

433 1271 767 1328 [Exemplum
793 1286 956 1318 imum
979 1272 1303 1330 omittimus]

402 1350 445 1394 4.
513 1349 612 1394 Alii
636 1365 666 1394 a
690 1349 918 1394 nefandis
941 1360 989 1395 et
1013 1350 1218 1395 auribus
1242 1349 1495 1395 christiani
1526 1349 1734 1394 hominis
1769 1348 1980 1405 indignis
2035 1404 2037 1407 ι

344 1426 543 1484 flagitiis
566 1428 789 1473 reuocati
814 1438 940 1483 sunt,
969 1442 1101 1485 qliae
1125 1428 1260 1472 inter
1281 1441 1342 1472 ea
1372 1431 1818 1472 connumerantur
1848 1441 1981 1484 qnae

346 1504 611 1560 apostolus
633 1504 831 1550 scribit:
854 1518 945 1550 nec
968 1505 1303 1550 nominentur
1323 1505 1376 1549 in
1402 1504 1563 1549 nobis.
1594 1503 1634 1549 O
1652 1517 1810 1561 qnam
1833 1502 1978 1548 obsti-
2033 1503 2043 1545 ’ἓ

345 1585 467 1627 nato
498 1581 674 1627 animo
705 1582 870 1627 nz'tam
905 1581 1097 1637 agebat
1128 1596 1245 1627 cnm
1278 1595 1474 1638 magno
1510 1581 1677 1626 animi
1707 1580 1980 1636 dispendio
2034 1567 2042 1614 s

344 1658 442 1711 ille,
480 1659 569 1716 qni
595 1664 694 1715 pro
727 1659 936 1704 inimico
959 1659 1185 1716 quodam
1208 1672 1301 1703 sno
1322 1663 1504 1714 preces
1513 1657 1750 1716 fundere
1773 1657 1981 1714 penitus
2032 1682 2038 1723 s

344 1734 660 1792 denegabat:
684 1740 731 1780 et
759 1739 926 1780 tamen
961 1735 1153 1780 blanda
1188 1735 1276 1781 illa
1309 1735 1490 1780 Patris
1525 1735 1681 1779 nnius
1714 1733 1874 1779 uerba
1907 1733 1983 1779 illi
2035 1744 2043 1770 ἓ

343 1815 547 1857 tantam
570 1812 740 1857 cordis
763 1812 1024 1857 duriciam
1048 1825 1149 1857 non
1173 1825 1323 1856 secns
1346 1815 1498 1869 atque
1517 1811 1732 1856 molaris
1754 1810 1989 1856 triticnm-
2028 1842 2041 1874 3

345 1893 648 1947 caeteraque
673 1889 943 1947 legamina
967 1890 1271 1935 comminuit
1294 1893 1446 1947 atque
1470 1889 1725 1934 contrinit.

401 1965 445 2012 5.
514 1965 680 2023 Virgo
706 1967 949 2023 quaedam
980 1966 1277 2012 necessitate
1306 1975 1488 2012 coacta
1521 1966 1708 2022 aliquot
1742 1980 1899 2010 annos
1933 1964 1979 2010 in
2026 1982 2039 2026 ¹„

345 2041 559 2099 quadam
596 2041 857 2099 judeorum
891 2042 1037 2088 domo
1076 2052 1413 2100 transegerat.
1457 2040 1646 2099 Spiritu
1684 2051 1857 2087 sancto
1892 2040 1983 2087 ad·
2028 2047 2030 2050 ’

344 2119 511 2176 ducta,
537 2119 601 2164 ab
625 2119 695 2165 eis
719 2118 915 2175 aufugit
938 2129 987 2165 et
1010 2121 1072 2164 ad
1097 2129 1296 2165 nostros
1315 2119 1558 2177 confugit,
1579 2129 1628 2164 et
1646 2118 1893 2176 confessa,
1916 2118 1979 2164 ad

345 2196 599 2241 meliorem
621 2196 822 2253 frugem
847 2196 1007 2253 rediit,
1034 2211 1126 2241 nec
1150 2196 1277 2242 inter
1301 2212 1387 2241 eos
1411 2196 1621 2252 amplius
1646 2204 1895 2241 uersatur.

401 2272 443 2318 6.
511 2272 653 2318 Multi
677 2288 773 2318 non
798 2273 909 2318 lotis
939 2273 1182 2331 manibus,
1215 2282 1263 2318 et
1296 2289 1384 2318 ore
1418 2273 1637 2330 peccatis
1671 2272 1987 2330 grauissimis¹

344 2350 626 2406 deturpato,
653 2350 715 2395 ad
739 2365 939 2414 sacram
965 2349 1149 2395 Christi
1174 2365 1395 2395 mensam
1418 2360 1756 2397 accesserant.
1782 2349 1978 2395 Verum
2005 2341 2035 2418 J

343 2427 440 2472 iam
464 2427 647 2472 nostris
670 2442 794 2483 pure
817 2426 1110 2483 integreque
1134 2426 1364 2482 confessi,
1387 2427 1688 2472 sanctiorem
1706 2426 1861 2472 uitam
1880 2435 1977 2472 tra·
2011 2415 2035 2470 ἦ»,

344 2504 527 2549 ducere
551 2512 933 2560 proposuerunt.
962 2503 1139 2549 Mulier
1162 2519 1191 2548 a
1211 2504 1453 2549 daemone
1477 2503 1685 2561 agitata,
1714 2502 1878 2549 multis
1902 2511 2027 2573 co-qj'k

345 2580 518 2624 mitata
542 2580 847 2636 mulieribu5‚
879 2580 1007 2625 stola
1041 2580 1169 2624 collo
1203 2580 1307 2625 eius
1340 2595 1576 2637 appensa,
1614 2579 2043 2625 confessionem

343 2656 390 2701 in
425 2665 597 2702 nostro
630 2656 813 2714 templo
846 2656 980 2713 fecit;
1017 2657 1242 2702 similiter
1275 2666 1324 2702 et
1353 2657 1574 2713 reliquae
1598 2657 1829 2702 mulieres
1853 2641 2043 2723 quaes}t

344 2747 455 2778 cum
479 2749 540 2778 ea
569 2742 728 2779 erant.
768 2733 958 2779 Deinde
993 2733 1120 2778 mira
1155 2733 1493 2790 tranquilitate
1527 2748 1587 2779 ac
1622 2734 1865 2779 modestia
1899 2720 2032 2790 dou}

344 2825 476 2855 mum
499 2811 744 2866 repetiuit:
773 2811 884 2856 vide
908 2810 1022 2868 quid
1046 2810 1200 2856 faciat
1223 2810 1487 2855 confessio
1995 2830 2036 2881 3

1994 2886 2028 2936 ’.ι’

1998 2940 2028 2987 §z

390 2999 410 3018 ἢ
459 2999 650 3047 jubileus.
718 2999 784 3027 -b
812 2999 957 3036 Patres
987 2999 1056 3046 qui
1085 2999 1149 3036 hie
1180 3004 1285 3036 sunt.
1353 3006 1414 3026 -c
1448 2998 1564 3044 Quod
1596 2999 1646 3035 ad
1677 2979 2028 3035 communiones-¹²33

345 3058 505 3095 attinet.
533 3058 617 3102 Sic,
639 3060 900 3096 correctione
918 3059 1199 3105 incompleta.
1990 3023 2027 3125 3¹

1988 3260 2008 3291 »ς

1978 3293 2021 3331 ἅθ’,

1987 3332 2003 3343 Q!
