1900 3380
474 249 767 286 196.—BURG1s
792 249 839 285 ⁴24
867 249 1129 286 SEPTEMBRIS
1162 249 1251 286 1558
1564 249 1634 285 809

35 346 232 404 pietatis
252 345 508 401 obsequia,
531 346 745 391 defuncti
774 346 946 391 fratris
971 346 1209 402 exequias
1232 344 1374 402 justis
1401 345 1678 389 honoribus

37 433 419 481 prosequuntur.
448 423 643 468 Adiecit
668 425 864 468 demum
889 423 1160 468 cardinalis
1185 439 1308 480 quas
1333 423 1493 479 potuit
1518 422 1673 467 indul-

34 500 244 558 gentias,
274 516 368 556 quo
395 501 556 556 magis
581 501 643 545 ad
669 516 780 545 eam
816 517 919 545 rem
956 514 1159 545 suorum
1196 500 1388 544 animos
1424 500 1675 545 incitaret.

36 577 361 634 Compertum
387 578 508 622 satis
534 578 796 623 habuimus
823 588 1061 634 quantum
1086 577 1129 622 in
1154 578 1318 622 multis
1337 577 1530 634 oppidis
1550 588 1597 622 et
1616 578 1680 622 ad

35 654 367 711 expurganda
392 654 583 711 flagitia
609 665 657 700 et
692 655 914 700 homines
950 656 993 700 in
1031 653 1195 699 officio
1236 654 1562 699 continendos
1598 670 1677 699 res

34 733 128 778 ista
153 732 440 788 profecerit.

90 809 129 854 9.
195 809 338 854 Nunc
362 813 458 866 jam
485 810 710 854 dominus
734 810 1003 854 cardinalis
1027 810 1292 865 burgensis
1329 810 1370 853 in
1409 810 1672 866 metropoli

33 898 391 941 commoratur,
422 887 533 931 licet
561 887 756 943 inuitus3
787 887 943 931 morbi
970 887 1114 940 enim,
1156 897 1205 931 ut
1241 887 1506 941 insinuant,
1546 886 1679 932 uiam

32 966 296 1010 obstruunt
322 980 381 1009 ne
406 965 469 1009 ad
493 980 610 1009 suos
634 965 870 1010 festinato
895 980 1071 1021 gressu
1100 974 1384 1021 procurrat,
1412 965 1673 1009 ecclesias-

33 1058 141 1099 que,
171 1043 208 1087 si
234 1058 357 1098 opus
381 1042 548 1092 fuerit.
578 1042 830 1087 hostiatim
857 1042 1038 1087 uisitet.
1067 1042 1250 1086 Animo
1270 1052 1437 1087 tamen
1467 1058 1556 1097 per
1579 1058 1675 1087 me-

12 1120 137 1165 dias
162 1129 517 1164 montanorum
543 1121 696 1177 niues,
725 1119 947 1165 difficilia
973 1135 1199 1176 quaeque
1236 1120 1482 1177 peruadit‚
1512 1120 1679 1176 singu-

32 1198 187 1254 lisque
214 1198 380 1253 rebus,
409 1213 536 1253 quae
562 1197 658 1242 illic
682 1207 945 1254 geruntur,
975 1197 1256 1242 uehementi
1293 1197 1558 1250 desiderio,
1596 1199 1678 1242 ab·

31 1274 154 1320 senti
181 1275 295 1320 licet
319 1290 550 1331 corpore,
578 1290 820 1331 praesens
846 1284 938 1319 est.

93 1352 161 1398 10.
230 1352 331 1397 Nos
356 1352 542 1409 Burgis
567 1362 784 1408 angusta
815 1352 962 1397 domo
998 1351 1285 1408 premimur3
1324 1361 1471 1396 curat
1506 1361 1677 1396 tamen

30 1429 111 1475 Pr.
140 1429 486 1476 Ferdinandus
512 1431 734 1475 Aluarez
759 1430 907 1475 aliam
931 1431 1225 1486 ampliorem
1262 1439 1348 1474 aut
1384 1445 1551 1475 emere
1588 1439 1677 1475 aut

30 1507 186 1564 pretio
212 1508 509 1553 conducere.
538 1506 759 1552 Studiosi
785 1508 913 1552 enim
934 1507 1088 1552 nostri
1109 1508 1459 1563 eleemosynas
1479 1508 1671 1553 oblatu-

30 1600 128 1641 ros,
157 1586 194 1630 si
220 1600 302 1630 res
326 1601 388 1630 ex
413 1585 658 1630 sententia
690 1585 944 1641 succedat,
974 1585 1285 1641 pollicentur.
1324 1584 1518 1630 Domus
1552 1600 1670 1641 quo-

29 1678 138 1720 que,
165 1678 312 1720 quam
339 1662 450 1707 hinc
476 1678 570 1707 non
606 1664 751 1719 longe
777 1662 917 1707 nobis
948 1661 1180 1708 aedificat
1206 1662 1505 1708 Benedictus
1528 1662 1675 1720 Vgu-

29 1739 232 1784 chonius
258 1741 289 1796 ¹,
315 1738 415 1796 jam
442 1755 470 1784 a
496 1739 831 1784 fundamentis
858 1755 952 1783 non
980 1755 1156 1795 parum
1190 1755 1476 1796 emergens,
1505 1740 1678 1796 primis

14 1818 263 1863 *tabulatis
308 1817 628 1873 pulchrisque
668 1817 815 1862 enixa
851 1818 1188 1862 marmoribus
1213 1817 1443 1874 erigitur-3
1473 1818 1674 1863 ineunte

27 1892 126 1952 jam
146 1904 340 1940 aestate
364 1894 580 1951 aliquam
605 1893 714 1951 ejus
739 1903 932 1951 partem
957 1894 1173 1940 habitari
1196 1910 1341 1951 posse
1363 1893 1675 1940 confidimus.

116 1970 223 2028 His,
253 1971 529 2016 reuerende
555 1971 822 2016 admodum
850 1971 1016 2024 Pater,
1052 1987 1180 2028 quae
1218 1973 1276 2017 de
1314 1973 1501 2017 nostris
1526 1973 1678 2018 rebus

27 2048 248 2095 scribere
271 2048 437 2106 jussus
461 2064 585 2106 sum,
613 2064 763 2094 vnum
789 2049 882 2093 hoc
916 2058 1107 2094 tantum
1143 2050 1342 2106 addam,
1381 2065 1473 2094 nos
1503 2065 1678 2094 omnes

28 2127 226 2172 assiduo
252 2127 571 2172 Maiestatem
592 2126 809 2172 diuinam
828 2127 1108 2184 deprecari,
1131 2127 1354 2184 gratiam
1374 2127 1480 2184 tibi,
1502 2136 1677 2173 nostro

27 2205 242 2250 omnium
282 2205 494 2262 parenti,
534 2204 785 2260 largiatur
822 2205 1145 2259 vberrimam‚
1184 2220 1283 2261 qua
1323 2214 1370 2250 et
1413 2193 1676 2250 Ecclesiae

27 2292 231 2328 sanctae
271 2283 511 2340 prodesse
553 2282 835 2339 plurimum,
878 2293 926 2328 et
969 2299 1060 2328 nos
1105 2284 1370 2340 omniaque
1410 2292 1586 2328 nostra
1627 2284 1674 2327 in

26 2358 188 2405 Deum
213 2359 330 2416 Opt.
358 2360 494 2406 Max.
524 2359 742 2416 dirigere
767 2360 959 2406 felicius
984 2361 1159 2417 possis.
1194 2360 1378 2417 Burgis
1401 2359 1430 2406 8
1452 2361 1548 2405 cal.
1578 2358 1675 2406 Oc—

28 2438 199 2483 tobris.
1561 2436 1565 2443 '

116 2513 481 2560 Commissione
526 2513 604 2559 Ri.
655 2514 819 2559 Patris
866 2515 1093 2572 rectoris,
1137 2531 1315 2561 seruus
1361 2526 1409 2561 et
1453 2515 1580 2561 filius
1625 2515 1674 2560 in

30 2589 229 2637 Christo

238 2629 245 2647 ³
778 2660 806 2709 †
839 2651 1072 2710 JOANNEs
1107 2652 1424 2697 FERNANDEZ
1459 2657 1484 2705 †
1519 2654 1549 2698 ².

73 2770 83 2788 ¹
135 2769 213 2806 Hie
231 2769 417 2806 fundavit
434 2770 657 2816 collegium
676 2771 715 2807 in
735 2771 879 2818 oppido
899 2771 1101 2815 Billimar,
1123 2783 1247 2818 prope
1267 2771 1411 2808 urbem
1432 2771 1610 2820 Burgos.

72 2828 85 2847 ²
134 2828 179 2865 In
197 2829 386 2876 catalogo
404 2829 570 2876 collegii
590 2830 867 2867 vallisoletani
885 2831 1064 2868 ineuntis
1078 2830 1266 2877 Januarii
1287 2829 1380 2867 1565
1397 2831 1500 2868 haec
1527 2832 1673 2879 legun-

26 2891 104 2924 tur:
128 2887 217 2926 «Re
237 2889 376 2925 doctor
389 2888 498 2935 Juan
517 2888 774 2927 Fernandez.
795 2889 837 2927 A
856 2891 957 2928 ocho
976 2895 1074 2927 anos
1093 2904 1119 2938 y
1137 2891 1160 2926 4
1179 2902 1314 2927 meses
1333 2903 1413 2937 que
1433 2896 1552 2928 entro
1567 2904 1618 2928 en
1633 2892 1675 2928 la

19 2944 265 2994 -Compafn'a,
286 2962 312 2996 y
331 2952 418 2985 mas
437 2948 486 2985 de
505 2947 529 2984 6
543 2961 622 2995 que
636 2949 725 2986 hizo
740 2955 834 2987 uoto
851 2950 901 2987 de
918 2951 1119 2987 escholar.
1141 2949 1197 2987 Es
1213 2949 1263 2987 de
1278 2949 1450 2988 Toledo.
1471 2950 1608 2988 Antes
1623 2951 1674 2988 de

27 3011 164 3044 entrar
191 3019 241 3044 en
268 3008 310 3045 la
337 3007 566 3055 Compafn‘a
594 3008 715 3046 habia
742 3010 847 3057 oydo
873 3010 1094 3055 rhetorica,
1113 3009 1137 3047 3
1163 3014 1263 3047 afios
1290 3010 1339 3046 de
1367 3010 1514 3057 griego
1541 3025 1566 3058 y
1596 3014 1675 3058 oy'a

0 3114 1 3123 ἵ
25 3065 232 3114 theologia
250 3081 276 3115 y
294 3068 460 3113 hebreo,
480 3081 506 3115 y
525 3068 626 3105 hera
642 3068 867 3106 licenciado
888 3083 938 3107 en
965 3075 1074 3106 artes
1104 3082 1178 3116 por
1205 3069 1372 3107 Alcala.
1402 3069 1595 3118 Despues
1622 3072 1674 3108 de
