<?xml version="1.0" encoding="UTF-8"?>
<!DOCTYPE html PUBLIC "-//W3C//DTD XHTML 1.0 Transitional//EN"
    "http://www.w3.org/TR/xhtml1/DTD/xhtml1-transitional.dtd">
<html xmlns="http://www.w3.org/1999/xhtml" xml:lang="en" lang="en">
 <head>
  <title>
</title>
<meta http-equiv="Content-Type" content="text/html;charset=utf-8" />
  <meta name='ocr-system' content='tesseract 3.04.00' />
  <meta name='ocr-capabilities' content='ocr_page ocr_carea ocr_par ocr_line ocrx_word'/>
</head>
<body>
  <div class='ocr_page' id='page_1' title='image "./litteraequadrime1705lain_0041.png"; bbox 0 0 1925 3509; ppageno 0'>
   <div class='ocr_carea' id='block_1_1' title="bbox 565 319 1680 366">
    <p class='ocr_par' dir='ltr' id='par_1_1' title="bbox 565 319 1680 366">
     <span class='ocr_line' id='line_1_1' title="bbox 565 319 1680 366; baseline -0.011 -1"><span class='ocrx_word' id='word_1_1' title='bbox 565 327 800 366; x_wconf 49' lang='lat' dir='ltr'>‘Px—Essomx</span> <span class='ocrx_word' id='word_1_2' title='bbox 829 326 869 362; x_wconf 79' lang='lat'>31</span> <span class='ocrx_word' id='word_1_3' title='bbox 904 325 1144 360; x_wconf 70' lang='lat' dir='ltr'>DEOEMssms</span> <span class='ocrx_word' id='word_1_4' title='bbox 1177 322 1262 356; x_wconf 50' lang='lat' dir='ltr'>{fibo</span> <span class='ocrx_word' id='word_1_5' title='bbox 1644 319 1680 353; x_wconf 87' lang='lat'>11</span> 
     </span>
    </p>
   </div>
   <div class='ocr_carea' id='block_1_2' title="bbox 99 415 1756 3176">
    <p class='ocr_par' dir='ltr' id='par_1_2' title="bbox 99 415 1756 3176">
     <span class='ocr_line' id='line_1_2' title="bbox 99 415 1734 485; baseline -0.009 -10"><span class='ocrx_word' id='word_1_6' title='bbox 99 429 273 485; x_wconf 87' lang='lat' dir='ltr'>Itaque</span> <span class='ocrx_word' id='word_1_7' title='bbox 298 426 462 472; x_wconf 90' lang='lat' dir='ltr'>omnia</span> <span class='ocrx_word' id='word_1_8' title='bbox 486 423 758 470; x_wconf 78' lang='lat' dir='ltr'>liberaliter</span> <span class='ocrx_word' id='word_1_9' title='bbox 787 419 1239 466; x_wconf 72' lang='lat' dir='ltr'>subministrantur.</span> <span class='ocrx_word' id='word_1_10' title='bbox 1274 416 1377 460; x_wconf 80' lang='lat' dir='ltr'>lam</span> <span class='ocrx_word' id='word_1_11' title='bbox 1409 431 1529 460; x_wconf 89' lang='lat' dir='ltr'>uero</span> <span class='ocrx_word' id='word_1_12' title='bbox 1553 415 1591 460; x_wconf 86' lang='lat' dir='ltr'>si</span> <span class='ocrx_word' id='word_1_13' title='bbox 1627 415 1734 470; x_wconf 91' lang='lat' dir='ltr'>quis</span> 
     </span>
     <span class='ocr_line' id='line_1_3' title="bbox 100 492 1732 556; baseline -0.009 -5"><span class='ocrx_word' id='word_1_14' title='bbox 100 519 303 551; x_wconf 89' lang='lat' dir='ltr'>suorum</span> <span class='ocrx_word' id='word_1_15' title='bbox 334 503 445 548; x_wconf 72' lang='lat' dir='ltr'>hincv</span> <span class='ocrx_word' id='word_1_16' title='bbox 479 500 815 556; x_wconf 89' lang='lat' dir='ltr'>Olisipponem</span> <span class='ocrx_word' id='word_1_17' title='bbox 850 495 1093 553; x_wconf 89' lang='lat' dir='ltr'>peruenit,</span> <span class='ocrx_word' id='word_1_18' title='bbox 1131 493 1301 550; x_wconf 89' lang='lat' dir='ltr'>primis</span> <span class='ocrx_word' id='word_1_19' title='bbox 1334 492 1440 537; x_wconf 75' lang='lat' dir='ltr'>fere</span> <span class='ocrx_word' id='word_1_20' title='bbox 1474 492 1640 537; x_wconf 84' lang='lat' dir='ltr'>uerbis</span> <span class='ocrx_word' id='word_1_21' title='bbox 1674 492 1732 537; x_wconf 92' lang='lat' dir='ltr'>de</span> 
     </span>
     <span class='ocr_line' id='line_1_4' title="bbox 101 570 1733 635; baseline -0.01 -7"><span class='ocrx_word' id='word_1_22' title='bbox 101 583 315 628; x_wconf 78' lang='lat' dir='ltr'><strong>fratrum</strong></span> <span class='ocrx_word' id='word_1_23' title='bbox 339 579 638 635; x_wconf 90' lang='lat' dir='ltr'>ualetudine,</span> <span class='ocrx_word' id='word_1_24' title='bbox 665 576 822 632; x_wconf 88' lang='lat' dir='ltr'>deque</span> <span class='ocrx_word' id='word_1_25' title='bbox 848 573 997 619; x_wconf 90' lang='lat' dir='ltr'>rebus</span> <span class='ocrx_word' id='word_1_26' title='bbox 1017 572 1198 617; x_wconf 88' lang='lat' dir='ltr'>nostris</span> <span class='ocrx_word' id='word_1_27' title='bbox 1224 580 1388 627; x_wconf 84' lang='lat' dir='ltr'>rogat,</span> <span class='ocrx_word' id='word_1_28' title='bbox 1416 579 1565 625; x_wconf 89' lang='lat' dir='ltr'>atque</span> <span class='ocrx_word' id='word_1_29' title='bbox 1584 570 1733 614; x_wconf 87' lang='lat' dir='ltr'>etiam</span> 
     </span>
     <span class='ocr_line' id='line_1_5' title="bbox 102 645 1734 710; baseline -0.01 -5"><span class='ocrx_word' id='word_1_30' title='bbox 102 660 162 705; x_wconf 93' lang='lat' dir='ltr'>de</span> <span class='ocrx_word' id='word_1_31' title='bbox 186 657 326 704; x_wconf 89' lang='lat' dir='ltr'>nobis</span> <span class='ocrx_word' id='word_1_32' title='bbox 361 657 514 700; x_wconf 89' lang='lat' dir='ltr'>multa</span> <span class='ocrx_word' id='word_1_33' title='bbox 536 669 688 710; x_wconf 81' lang='lat' dir='ltr'>saepe</span> <span class='ocrx_word' id='word_1_34' title='bbox 712 652 832 697; x_wconf 83' lang='lat' dir='ltr'>satis</span> <span class='ocrx_word' id='word_1_35' title='bbox 858 649 1067 696; x_wconf 90' lang='lat' dir='ltr'>iucunde</span> <span class='ocrx_word' id='word_1_36' title='bbox 1102 648 1335 704; x_wconf 90' lang='lat' dir='ltr'>loquitur.</span> <span class='ocrx_word' id='word_1_37' title='bbox 1374 645 1599 703; x_wconf 90' lang='lat' dir='ltr'>Denique</span> <span class='ocrx_word' id='word_1_38' title='bbox 1634 645 1734 690; x_wconf 91' lang='lat' dir='ltr'>dili-</span> 
     </span>
     <span class='ocr_line' id='line_1_6' title="bbox 102 722 1736 794; baseline -0.01 -12"><span class='ocrx_word' id='word_1_39' title='bbox 102 746 278 794; x_wconf 85' lang='lat' dir='ltr'>genter</span> <span class='ocrx_word' id='word_1_40' title='bbox 302 735 385 779; x_wconf 83' lang='lat' dir='ltr'>dat</span> <span class='ocrx_word' id='word_1_41' title='bbox 409 747 629 789; x_wconf 88' lang='lat' dir='ltr'>operam,</span> <span class='ocrx_word' id='word_1_42' title='bbox 658 739 709 775; x_wconf 91' lang='lat' dir='ltr'>ut</span> <span class='ocrx_word' id='word_1_43' title='bbox 733 730 826 774; x_wconf 87' lang='lat' dir='ltr'>hoc</span> <span class='ocrx_word' id='word_1_44' title='bbox 849 743 992 773; x_wconf 87' lang='lat' dir='ltr'>suum</span> <span class='ocrx_word' id='word_1_45' title='bbox 1017 725 1300 782; x_wconf 84' lang='lat' dir='ltr'>collegium,</span> <span class='ocrx_word' id='word_1_46' title='bbox 1337 724 1476 769; x_wconf 91' lang='lat' dir='ltr'>cuius</span> <span class='ocrx_word' id='word_1_47' title='bbox 1512 722 1736 768; x_wconf 85' lang='lat' dir='ltr'>aedificio</span> 
     </span>
     <span class='ocr_line' id='line_1_7' title="bbox 102 800 1735 867; baseline -0.01 -8"><span class='ocrx_word' id='word_1_48' title='bbox 102 813 456 867; x_wconf 85' lang='lat' dir='ltr'>literarumque</span> <span class='ocrx_word' id='word_1_49' title='bbox 481 806 654 854; x_wconf 92' lang='lat' dir='ltr'>studiis</span> <span class='ocrx_word' id='word_1_50' title='bbox 677 807 1001 852; x_wconf 87' lang='lat' dir='ltr'>uehementer</span> <span class='ocrx_word' id='word_1_51' title='bbox 1025 804 1318 852; x_wconf 83' lang='lat' dir='ltr'>delectatur,</span> <span class='ocrx_word' id='word_1_52' title='bbox 1348 816 1493 857; x_wconf 89' lang='lat' dir='ltr'>quarn</span> <span class='ocrx_word' id='word_1_53' title='bbox 1524 800 1735 856; x_wconf 87' lang='lat' dir='ltr'>primum</span> 
     </span>
     <span class='ocr_line' id='line_1_8' title="bbox 105 876 1737 944; baseline -0.009 -9"><span class='ocrx_word' id='word_1_54' title='bbox 105 889 308 935; x_wconf 88' lang='lat' dir='ltr'>reuisat.</span> <span class='ocrx_word' id='word_1_55' title='bbox 352 887 498 944; x_wconf 88' lang='lat' dir='ltr'>Quod</span> <span class='ocrx_word' id='word_1_56' title='bbox 532 886 628 930; x_wconf 88' lang='lat' dir='ltr'>iam</span> <span class='ocrx_word' id='word_1_57' title='bbox 663 883 743 929; x_wconf 91' lang='lat' dir='ltr'>diu</span> <span class='ocrx_word' id='word_1_58' title='bbox 779 882 995 936; x_wconf 78' lang='lat' dir='ltr'>fecisset,</span> <span class='ocrx_word' id='word_1_59' title='bbox 1032 880 1122 926; x_wconf 92' lang='lat' dir='ltr'>nisi</span> <span class='ocrx_word' id='word_1_60' title='bbox 1157 879 1375 924; x_wconf 85' lang='lat' dir='ltr'>maxima</span> <span class='ocrx_word' id='word_1_61' title='bbox 1409 877 1560 923; x_wconf 89' lang='lat' dir='ltr'>totius</span> <span class='ocrx_word' id='word_1_62' title='bbox 1595 876 1737 933; x_wconf 87' lang='lat' dir='ltr'>regni</span> 
     </span>
     <span class='ocr_line' id='line_1_9' title="bbox 103 954 1739 1024; baseline -0.009 -12"><span class='ocrx_word' id='word_1_63' title='bbox 103 966 306 1024; x_wconf 90' lang='lat' dir='ltr'>negotia</span> <span class='ocrx_word' id='word_1_64' title='bbox 330 965 464 1010; x_wconf 92' lang='lat' dir='ltr'>illum</span> <span class='ocrx_word' id='word_1_65' title='bbox 489 962 775 1018; x_wconf 91' lang='lat' dir='ltr'>Olisippone</span> <span class='ocrx_word' id='word_1_66' title='bbox 799 958 1085 1005; x_wconf 89' lang='lat' dir='ltr'>tenuissent.</span> <span class='ocrx_word' id='word_1_67' title='bbox 1125 956 1223 1002; x_wconf 82' lang='lat' dir='ltr'>Sed</span> <span class='ocrx_word' id='word_1_68' title='bbox 1257 966 1422 1001; x_wconf 88' lang='lat' dir='ltr'>tamen</span> <span class='ocrx_word' id='word_1_69' title='bbox 1457 954 1599 1000; x_wconf 90' lang='lat' dir='ltr'>breui</span> <span class='ocrx_word' id='word_1_70' title='bbox 1634 954 1739 999; x_wconf 90' lang='lat' dir='ltr'>eius</span> 
     </span>
     <span class='ocr_line' id='line_1_10' title="bbox 105 1030 1737 1096; baseline -0.009 -8"><span class='ocrx_word' id='word_1_71' title='bbox 105 1043 373 1088; x_wconf 87' lang='lat' dir='ltr'>aduentum</span> <span class='ocrx_word' id='word_1_72' title='bbox 398 1047 736 1096; x_wconf 77' lang='lat' dir='ltr'>expectamus,</span> <span class='ocrx_word' id='word_1_73' title='bbox 764 1046 913 1092; x_wconf 89' lang='lat' dir='ltr'>atque</span> <span class='ocrx_word' id='word_1_74' title='bbox 938 1049 1194 1091; x_wconf 86' lang='lat' dir='ltr'>speramus</span> <span class='ocrx_word' id='word_1_75' title='bbox 1219 1033 1344 1087; x_wconf 74' lang='lat' dir='ltr'>fore,</span> <span class='ocrx_word' id='word_1_76' title='bbox 1371 1041 1423 1077; x_wconf 90' lang='lat' dir='ltr'>ut</span> <span class='ocrx_word' id='word_1_77' title='bbox 1442 1047 1538 1076; x_wconf 92' lang='lat' dir='ltr'>non</span> <span class='ocrx_word' id='word_1_78' title='bbox 1557 1030 1737 1076; x_wconf 90' lang='lat' dir='ltr'>medio-</span> 
     </span>
     <span class='ocr_line' id='line_1_11' title="bbox 106 1109 1739 1175; baseline -0.008 -9"><span class='ocrx_word' id='word_1_79' title='bbox 106 1136 241 1167; x_wconf 88' lang='lat' dir='ltr'>crem</span> <span class='ocrx_word' id='word_1_80' title='bbox 265 1119 431 1175; x_wconf 89' lang='lat' dir='ltr'>capiat</span> <span class='ocrx_word' id='word_1_81' title='bbox 457 1116 711 1172; x_wconf 81' lang='lat' dir='ltr'>laetitiam,</span> <span class='ocrx_word' id='word_1_82' title='bbox 737 1129 850 1159; x_wconf 88' lang='lat' dir='ltr'>cum</span> <span class='ocrx_word' id='word_1_83' title='bbox 875 1127 1114 1169; x_wconf 83' lang='lat' dir='ltr'>praesens</span> <span class='ocrx_word' id='word_1_84' title='bbox 1137 1110 1315 1156; x_wconf 88' lang='lat' dir='ltr'>uiderit</span> <span class='ocrx_word' id='word_1_85' title='bbox 1339 1126 1467 1165; x_wconf 90' lang='lat' dir='ltr'>eum,</span> <span class='ocrx_word' id='word_1_86' title='bbox 1495 1109 1575 1166; x_wconf 92' lang='lat' dir='ltr'>qui</span> <span class='ocrx_word' id='word_1_87' title='bbox 1609 1124 1739 1154; x_wconf 89' lang='lat' dir='ltr'>nunc</span> 
     </span>
     <span class='ocr_line' id='line_1_12' title="bbox 106 1186 1738 1253; baseline -0.008 -9"><span class='ocrx_word' id='word_1_88' title='bbox 106 1208 196 1253; x_wconf 90' lang='lat' dir='ltr'>est,</span> <span class='ocrx_word' id='word_1_89' title='bbox 223 1196 505 1242; x_wconf 88' lang='lat' dir='ltr'>scholarum</span> <span class='ocrx_word' id='word_1_90' title='bbox 528 1202 727 1247; x_wconf 79' lang='lat' dir='ltr'>statum,</span> <span class='ocrx_word' id='word_1_91' title='bbox 756 1206 899 1248; x_wconf 91' lang='lat' dir='ltr'>quem</span> <span class='ocrx_word' id='word_1_92' title='bbox 933 1190 1011 1235; x_wconf 91' lang='lat' dir='ltr'>ille</span> <span class='ocrx_word' id='word_1_93' title='bbox 1047 1188 1239 1246; x_wconf 89' lang='lat' dir='ltr'>quidem</span> <span class='ocrx_word' id='word_1_94' title='bbox 1275 1188 1533 1233; x_wconf 89' lang='lat' dir='ltr'>florentem</span> <span class='ocrx_word' id='word_1_95' title='bbox 1568 1186 1738 1232; x_wconf 91' lang='lat' dir='ltr'>uidere</span> 
     </span>
     <span class='ocr_line' id='line_1_13' title="bbox 107 1264 1740 1331; baseline -0.007 -11"><span class='ocrx_word' id='word_1_96' title='bbox 107 1290 253 1331; x_wconf 89' lang='lat' dir='ltr'>quam</span> <span class='ocrx_word' id='word_1_97' title='bbox 278 1272 491 1318; x_wconf 86' lang='lat' dir='ltr'>maxime</span> <span class='ocrx_word' id='word_1_98' title='bbox 515 1270 664 1327; x_wconf 89' lang='lat' dir='ltr'>cupit,</span> <span class='ocrx_word' id='word_1_99' title='bbox 693 1269 757 1314; x_wconf 91' lang='lat' dir='ltr'>ob</span> <span class='ocrx_word' id='word_1_100' title='bbox 782 1283 990 1323; x_wconf 91' lang='lat' dir='ltr'>eamque</span> <span class='ocrx_word' id='word_1_101' title='bbox 1015 1282 1121 1312; x_wconf 91' lang='lat' dir='ltr'>rem</span> <span class='ocrx_word' id='word_1_102' title='bbox 1147 1266 1327 1311; x_wconf 87' lang='lat' dir='ltr'>multos</span> <span class='ocrx_word' id='word_1_103' title='bbox 1351 1264 1567 1322; x_wconf 85' lang='lat' dir='ltr'>quotidie</span> <span class='ocrx_word' id='word_1_104' title='bbox 1593 1265 1654 1309; x_wconf 91' lang='lat' dir='ltr'>ad</span> <span class='ocrx_word' id='word_1_105' title='bbox 1688 1264 1740 1309; x_wconf 92' lang='lat' dir='ltr'>li-</span> 
     </span>
     <span class='ocr_line' id='line_1_14' title="bbox 106 1342 1742 1399; baseline -0.007 -2"><span class='ocrx_word' id='word_1_106' title='bbox 106 1361 332 1397; x_wconf 85' lang='lat' dir='ltr'>terarum</span> <span class='ocrx_word' id='word_1_107' title='bbox 356 1349 519 1395; x_wconf 88' lang='lat' dir='ltr'>studia</span> <span class='ocrx_word' id='word_1_108' title='bbox 544 1345 997 1393; x_wconf 87' lang='lat' dir='ltr'>munificentissime</span> <span class='ocrx_word' id='word_1_109' title='bbox 1032 1344 1223 1389; x_wconf 90' lang='lat' dir='ltr'>inuitat.</span> <span class='ocrx_word' id='word_1_110' title='bbox 1262 1343 1391 1388; x_wconf 85' lang='lat' dir='ltr'>Nam</span> <span class='ocrx_word' id='word_1_111' title='bbox 1425 1342 1631 1399; x_wconf 87' lang='lat' dir='ltr'>triginta</span> <span class='ocrx_word' id='word_1_112' title='bbox 1665 1358 1742 1387; x_wconf 90' lang='lat' dir='ltr'>sa-</span> 
     </span>
     <span class='ocr_line' id='line_1_15' title="bbox 109 1419 1739 1476; baseline -0.007 -2"><span class='ocrx_word' id='word_1_113' title='bbox 109 1428 338 1475; x_wconf 90' lang='lat' dir='ltr'>cerdotes</span> <span class='ocrx_word' id='word_1_114' title='bbox 363 1425 697 1473; x_wconf 87' lang='lat' dir='ltr'>conscientiae</span> <span class='ocrx_word' id='word_1_115' title='bbox 721 1438 868 1468; x_wconf 91' lang='lat' dir='ltr'>casus</span> <span class='ocrx_word' id='word_1_116' title='bbox 892 1422 1113 1475; x_wconf 89' lang='lat' dir='ltr'>audiunt,</span> <span class='ocrx_word' id='word_1_117' title='bbox 1142 1432 1189 1467; x_wconf 87' lang='lat' dir='ltr'>et</span> <span class='ocrx_word' id='word_1_118' title='bbox 1214 1420 1524 1467; x_wconf 87' lang='lat' dir='ltr'>dialecticam</span> <span class='ocrx_word' id='word_1_119' title='bbox 1551 1419 1739 1476; x_wconf 86' lang='lat' dir='ltr'>uiginti,</span> 
     </span>
     <span class='ocr_line' id='line_1_16' title="bbox 110 1496 1744 1563; baseline -0.006 -12"><span class='ocrx_word' id='word_1_120' title='bbox 110 1506 285 1563; x_wconf 87' lang='lat' dir='ltr'>quibus</span> <span class='ocrx_word' id='word_1_121' title='bbox 309 1503 531 1561; x_wconf 86' lang='lat' dir='ltr'>singulis,</span> <span class='ocrx_word' id='word_1_122' title='bbox 568 1512 621 1548; x_wconf 93' lang='lat' dir='ltr'>ut</span> <span class='ocrx_word' id='word_1_123' title='bbox 655 1501 921 1559; x_wconf 85' lang='lat' dir='ltr'>diligenter</span> <span class='ocrx_word' id='word_1_124' title='bbox 955 1500 1201 1555; x_wconf 90' lang='lat' dir='ltr'>studeant,</span> <span class='ocrx_word' id='word_1_125' title='bbox 1241 1497 1502 1554; x_wconf 87' lang='lat' dir='ltr'>quotannis</span> <span class='ocrx_word' id='word_1_126' title='bbox 1536 1496 1744 1553; x_wconf 88' lang='lat' dir='ltr'>triginta</span> 
     </span>
     <span class='ocr_line' id='line_1_17' title="bbox 110 1574 1744 1636; baseline -0.007 -7"><span class='ocrx_word' id='word_1_127' title='bbox 110 1599 293 1630; x_wconf 88' lang='lat' dir='ltr'>aureos</span> <span class='ocrx_word' id='word_1_128' title='bbox 312 1581 672 1627; x_wconf 70' lang='lat' dir='ltr'>liberalissime</span> <span class='ocrx_word' id='word_1_129' title='bbox 691 1578 951 1636; x_wconf 83' lang='lat' dir='ltr'>elargitur.</span> <span class='ocrx_word' id='word_1_130' title='bbox 974 1576 1150 1622; x_wconf 90' lang='lat' dir='ltr'>Iisdem</span> <span class='ocrx_word' id='word_1_131' title='bbox 1170 1591 1292 1621; x_wconf 92' lang='lat' dir='ltr'>uero</span> <span class='ocrx_word' id='word_1_132' title='bbox 1312 1585 1461 1632; x_wconf 90' lang='lat' dir='ltr'>atque</span> <span class='ocrx_word' id='word_1_133' title='bbox 1481 1574 1604 1629; x_wconf 88' lang='lat' dir='ltr'>aliis,</span> <span class='ocrx_word' id='word_1_134' title='bbox 1627 1574 1666 1620; x_wconf 92' lang='lat' dir='ltr'>si</span> <span class='ocrx_word' id='word_1_135' title='bbox 1691 1590 1744 1619; x_wconf 93' lang='lat' dir='ltr'>se</span> 
     </span>
     <span class='ocr_line' id='line_1_18' title="bbox 111 1651 1744 1716; baseline -0.006 -10"><span class='ocrx_word' id='word_1_136' title='bbox 111 1660 246 1706; x_wconf 92' lang='lat' dir='ltr'>uiros</span> <span class='ocrx_word' id='word_1_137' title='bbox 281 1657 637 1716; x_wconf 84' lang='lat' dir='ltr'>praestiterint,</span> <span class='ocrx_word' id='word_1_138' title='bbox 676 1656 870 1702; x_wconf 88' lang='lat' dir='ltr'>maiora</span> <span class='ocrx_word' id='word_1_139' title='bbox 904 1655 1058 1700; x_wconf 91' lang='lat' dir='ltr'>multa</span> <span class='ocrx_word' id='word_1_140' title='bbox 1092 1653 1350 1710; x_wconf 88' lang='lat' dir='ltr'>pollicetur</span> <span class='ocrx_word' id='word_1_141' title='bbox 1385 1652 1625 1708; x_wconf 88' lang='lat' dir='ltr'>praemia.</span> <span class='ocrx_word' id='word_1_142' title='bbox 1666 1651 1744 1697; x_wconf 76' lang='lat' dir='ltr'>Ex</span> 
     </span>
     <span class='ocr_line' id='line_1_19' title="bbox 115 1729 1743 1794; baseline -0.004 -12"><span class='ocrx_word' id='word_1_143' title='bbox 115 1752 211 1794; x_wconf 91' lang='lat' dir='ltr'>quo</span> <span class='ocrx_word' id='word_1_144' title='bbox 243 1736 389 1782; x_wconf 72' lang='lat' dir='ltr'>facile</span> <span class='ocrx_word' id='word_1_145' title='bbox 425 1742 635 1791; x_wconf 89' lang='lat' dir='ltr'>apparet</span> <span class='ocrx_word' id='word_1_146' title='bbox 669 1732 827 1790; x_wconf 88' lang='lat' dir='ltr'>qualis</span> <span class='ocrx_word' id='word_1_147' title='bbox 861 1731 964 1778; x_wconf 90' lang='lat' dir='ltr'>eius</span> <span class='ocrx_word' id='word_1_148' title='bbox 995 1731 1041 1776; x_wconf 93' lang='lat' dir='ltr'>in</span> <span class='ocrx_word' id='word_1_149' title='bbox 1074 1745 1163 1776; x_wconf 90' lang='lat' dir='ltr'>nos</span> <span class='ocrx_word' id='word_1_150' title='bbox 1187 1730 1249 1775; x_wconf 93' lang='lat' dir='ltr'>sit</span> <span class='ocrx_word' id='word_1_151' title='bbox 1273 1729 1480 1781; x_wconf 86' lang='lat' dir='ltr'>animus,</span> <span class='ocrx_word' id='word_1_152' title='bbox 1508 1744 1617 1774; x_wconf 89' lang='lat' dir='ltr'>cum</span> <span class='ocrx_word' id='word_1_153' title='bbox 1641 1738 1743 1775; x_wconf 90' lang='lat' dir='ltr'>tam</span> 
     </span>
     <span class='ocr_line' id='line_1_20' title="bbox 114 1806 1740 1865; baseline -0.004 -6"><span class='ocrx_word' id='word_1_154' title='bbox 114 1814 295 1859; x_wconf 90' lang='lat' dir='ltr'>multos</span> <span class='ocrx_word' id='word_1_155' title='bbox 330 1812 588 1858; x_wconf 86' lang='lat' dir='ltr'>doctrinae</span> <span class='ocrx_word' id='word_1_156' title='bbox 621 1819 825 1856; x_wconf 90' lang='lat' dir='ltr'>nostrae</span> <span class='ocrx_word' id='word_1_157' title='bbox 857 1810 1083 1854; x_wconf 87' lang='lat' dir='ltr'>alumnos</span> <span class='ocrx_word' id='word_1_158' title='bbox 1118 1823 1228 1853; x_wconf 88' lang='lat' dir='ltr'>esse</span> <span class='ocrx_word' id='word_1_159' title='bbox 1252 1823 1349 1852; x_wconf 91' lang='lat' dir='ltr'>non</span> <span class='ocrx_word' id='word_1_160' title='bbox 1374 1806 1531 1852; x_wconf 91' lang='lat' dir='ltr'>solum</span> <span class='ocrx_word' id='word_1_161' title='bbox 1557 1807 1740 1865; x_wconf 88' lang='lat' dir='ltr'>cupiat,</span> 
     </span>
     <span class='ocr_line' id='line_1_21' title="bbox 114 1883 1745 1943; baseline -0.004 -7"><span class='ocrx_word' id='word_1_162' title='bbox 114 1890 200 1937; x_wconf 91' lang='lat' dir='ltr'>sed</span> <span class='ocrx_word' id='word_1_163' title='bbox 219 1890 350 1936; x_wconf 90' lang='lat' dir='ltr'>omni</span> <span class='ocrx_word' id='word_1_164' title='bbox 370 1889 563 1934; x_wconf 88' lang='lat' dir='ltr'>ratione</span> <span class='ocrx_word' id='word_1_165' title='bbox 597 1896 756 1933; x_wconf 88' lang='lat' dir='ltr'>curet.</span> <span class='ocrx_word' id='word_1_166' title='bbox 779 1886 1101 1943; x_wconf 85' lang='lat' dir='ltr'>Quapropter</span> <span class='ocrx_word' id='word_1_167' title='bbox 1125 1885 1286 1930; x_wconf 90' lang='lat' dir='ltr'>Deum</span> <span class='ocrx_word' id='word_1_168' title='bbox 1312 1884 1427 1940; x_wconf 88' lang='lat' dir='ltr'>Opt.</span> <span class='ocrx_word' id='word_1_169' title='bbox 1465 1883 1600 1930; x_wconf 86' lang='lat' dir='ltr'>Max.</span> <span class='ocrx_word' id='word_1_170' title='bbox 1639 1900 1745 1941; x_wconf 89' lang='lat' dir='ltr'>pre-</span> 
     </span>
     <span class='ocr_line' id='line_1_22' title="bbox 115 1962 1747 2024; baseline -0.004 -11"><span class='ocrx_word' id='word_1_171' title='bbox 115 1983 304 2024; x_wconf 84' lang='lat' dir='ltr'>camur,</span> <span class='ocrx_word' id='word_1_172' title='bbox 328 1977 377 2012; x_wconf 90' lang='lat' dir='ltr'>ut</span> <span class='ocrx_word' id='word_1_173' title='bbox 396 1965 667 2023; x_wconf 87' lang='lat' dir='ltr'>principem</span> <span class='ocrx_word' id='word_1_174' title='bbox 687 1963 1144 2010; x_wconf 87' lang='lat' dir='ltr'>christianissimum</span> <span class='ocrx_word' id='word_1_175' title='bbox 1163 1978 1360 2021; x_wconf 87' lang='lat' dir='ltr'>semper</span> <span class='ocrx_word' id='word_1_176' title='bbox 1379 1962 1425 2007; x_wconf 94' lang='lat' dir='ltr'>in</span> <span class='ocrx_word' id='word_1_177' title='bbox 1446 1978 1504 2008; x_wconf 89' lang='lat' dir='ltr'>ea</span> <span class='ocrx_word' id='word_1_178' title='bbox 1524 1963 1747 2008; x_wconf 89' lang='lat' dir='ltr'>uolunta-</span> 
     </span>
     <span class='ocr_line' id='line_1_23' title="bbox 115 2040 1743 2101; baseline -0.004 -9"><span class='ocrx_word' id='word_1_179' title='bbox 115 2055 162 2092; x_wconf 90' lang='lat' dir='ltr'>te</span> <span class='ocrx_word' id='word_1_180' title='bbox 181 2054 461 2101; x_wconf 89' lang='lat' dir='ltr'>conseruet,</span> <span class='ocrx_word' id='word_1_181' title='bbox 488 2044 629 2099; x_wconf 92' lang='lat' dir='ltr'>eique</span> <span class='ocrx_word' id='word_1_182' title='bbox 653 2042 739 2087; x_wconf 92' lang='lat' dir='ltr'>tali</span> <span class='ocrx_word' id='word_1_183' title='bbox 763 2041 926 2087; x_wconf 90' lang='lat' dir='ltr'>animo</span> <span class='ocrx_word' id='word_1_184' title='bbox 951 2040 1151 2098; x_wconf 89' lang='lat' dir='ltr'>dignum</span> <span class='ocrx_word' id='word_1_185' title='bbox 1175 2041 1449 2097; x_wconf 89' lang='lat' dir='ltr'>praemium</span> <span class='ocrx_word' id='word_1_186' title='bbox 1473 2042 1743 2097; x_wconf 88' lang='lat' dir='ltr'>persoluat.</span> 
     </span>
     <span class='ocr_line' id='line_1_24' title="bbox 175 2117 1745 2176; baseline -0.003 -8"><span class='ocrx_word' id='word_1_187' title='bbox 175 2123 216 2168; x_wconf 83' lang='lat'>7.</span> <span class='ocrx_word' id='word_1_188' title='bbox 283 2121 386 2167; x_wconf 88' lang='lat' dir='ltr'>Iam</span> <span class='ocrx_word' id='word_1_189' title='bbox 410 2136 546 2176; x_wconf 89' lang='lat' dir='ltr'>uero,</span> <span class='ocrx_word' id='word_1_190' title='bbox 574 2128 626 2165; x_wconf 92' lang='lat' dir='ltr'>ut</span> <span class='ocrx_word' id='word_1_191' title='bbox 650 2119 712 2165; x_wconf 89' lang='lat' dir='ltr'>ad</span> <span class='ocrx_word' id='word_1_192' title='bbox 737 2118 1009 2164; x_wconf 86' lang='lat' dir='ltr'>domestica</span> <span class='ocrx_word' id='word_1_193' title='bbox 1034 2117 1307 2173; x_wconf 81' lang='lat' dir='ltr'>ueniamus,</span> <span class='ocrx_word' id='word_1_194' title='bbox 1334 2118 1547 2174; x_wconf 86' lang='lat' dir='ltr'>primum</span> <span class='ocrx_word' id='word_1_195' title='bbox 1582 2133 1745 2163; x_wconf 87' lang='lat' dir='ltr'>sacer-</span> 
     </span>
     <span class='ocr_line' id='line_1_25' title="bbox 118 2194 1748 2253; baseline -0.004 -7"><span class='ocrx_word' id='word_1_196' title='bbox 118 2201 259 2246; x_wconf 87' lang='lat' dir='ltr'>dotes</span> <span class='ocrx_word' id='word_1_197' title='bbox 282 2199 413 2244; x_wconf 92' lang='lat' dir='ltr'>omni</span> <span class='ocrx_word' id='word_1_198' title='bbox 437 2213 560 2243; x_wconf 87' lang='lat' dir='ltr'>cura</span> <span class='ocrx_word' id='word_1_199' title='bbox 584 2206 633 2242; x_wconf 92' lang='lat' dir='ltr'>et</span> <span class='ocrx_word' id='word_1_200' title='bbox 656 2195 912 2253; x_wconf 83' lang='lat' dir='ltr'>diligentia</span> <span class='ocrx_word' id='word_1_201' title='bbox 936 2210 1046 2240; x_wconf 88' lang='lat' dir='ltr'>cum</span> <span class='ocrx_word' id='word_1_202' title='bbox 1070 2210 1255 2251; x_wconf 85' lang='lat' dir='ltr'>magno</span> <span class='ocrx_word' id='word_1_203' title='bbox 1280 2194 1558 2240; x_wconf 87' lang='lat' dir='ltr'>animorum</span> <span class='ocrx_word' id='word_1_204' title='bbox 1583 2195 1748 2240; x_wconf 77' lang='lat' dir='ltr'>fructu</span> 
     </span>
     <span class='ocr_line' id='line_1_26' title="bbox 117 2272 1745 2334; baseline -0.004 -11"><span class='ocrx_word' id='word_1_205' title='bbox 117 2287 312 2334; x_wconf 91' lang='lat' dir='ltr'>partem</span> <span class='ocrx_word' id='word_1_206' title='bbox 336 2275 426 2321; x_wconf 89' lang='lat' dir='ltr'>sibi</span> <span class='ocrx_word' id='word_1_207' title='bbox 450 2274 686 2320; x_wconf 88' lang='lat' dir='ltr'>traditam</span> <span class='ocrx_word' id='word_1_208' title='bbox 710 2282 927 2318; x_wconf 88' lang='lat' dir='ltr'>tuentur.</span> <span class='ocrx_word' id='word_1_209' title='bbox 956 2272 1227 2317; x_wconf 85' lang='lat' dir='ltr'>Multorum</span> <span class='ocrx_word' id='word_1_210' title='bbox 1253 2272 1379 2317; x_wconf 88' lang='lat' dir='ltr'>enim</span> <span class='ocrx_word' id='word_1_211' title='bbox 1399 2272 1614 2328; x_wconf 90' lang='lat' dir='ltr'>quotidie</span> <span class='ocrx_word' id='word_1_212' title='bbox 1633 2287 1745 2317; x_wconf 92' lang='lat' dir='ltr'>con-</span> 
     </span>
     <span class='ocr_line' id='line_1_27' title="bbox 119 2348 1749 2406; baseline -0.003 -6"><span class='ocrx_word' id='word_1_213' title='bbox 119 2354 361 2400; x_wconf 74' lang='lat' dir='ltr'>fessiones</span> <span class='ocrx_word' id='word_1_214' title='bbox 385 2352 606 2404; x_wconf 89' lang='lat' dir='ltr'>audiunt,</span> <span class='ocrx_word' id='word_1_215' title='bbox 632 2350 796 2397; x_wconf 92' lang='lat' dir='ltr'>multis</span> <span class='ocrx_word' id='word_1_216' title='bbox 822 2359 1196 2395; x_wconf 86' lang='lat' dir='ltr'>sacrosanctum</span> <span class='ocrx_word' id='word_1_217' title='bbox 1233 2348 1416 2396; x_wconf 83' lang='lat' dir='ltr'>Christi</span> <span class='ocrx_word' id='word_1_218' title='bbox 1452 2365 1633 2406; x_wconf 88' lang='lat' dir='ltr'>corpus</span> <span class='ocrx_word' id='word_1_219' title='bbox 1669 2350 1749 2395; x_wconf 89' lang='lat' dir='ltr'>ad-</span> 
     </span>
     <span class='ocr_line' id='line_1_28' title="bbox 120 2427 1752 2487; baseline -0.003 -10"><span class='ocrx_word' id='word_1_220' title='bbox 120 2432 415 2487; x_wconf 88' lang='lat' dir='ltr'>ministrant,</span> <span class='ocrx_word' id='word_1_221' title='bbox 443 2431 624 2475; x_wconf 91' lang='lat' dir='ltr'>multos</span> <span class='ocrx_word' id='word_1_222' title='bbox 648 2429 795 2474; x_wconf 87' lang='lat' dir='ltr'>etiarn</span> <span class='ocrx_word' id='word_1_223' title='bbox 819 2427 919 2473; x_wconf 90' lang='lat' dir='ltr'>suis</span> <span class='ocrx_word' id='word_1_224' title='bbox 949 2427 1147 2472; x_wconf 90' lang='lat' dir='ltr'>monitis</span> <span class='ocrx_word' id='word_1_225' title='bbox 1182 2442 1210 2472; x_wconf 90' lang='lat' dir='ltr'>a</span> <span class='ocrx_word' id='word_1_226' title='bbox 1235 2427 1369 2472; x_wconf 90' lang='lat' dir='ltr'>uitae</span> <span class='ocrx_word' id='word_1_227' title='bbox 1404 2427 1653 2483; x_wconf 89' lang='lat' dir='ltr'>prauitate</span> <span class='ocrx_word' id='word_1_228' title='bbox 1688 2427 1752 2473; x_wconf 89' lang='lat' dir='ltr'>ad</span> 
     </span>
     <span class='ocr_line' id='line_1_29' title="bbox 122 2505 1748 2562; baseline -0.003 -7"><span class='ocrx_word' id='word_1_229' title='bbox 122 2525 291 2555; x_wconf 89' lang='lat' dir='ltr'>uerum</span> <span class='ocrx_word' id='word_1_230' title='bbox 314 2509 406 2554; x_wconf 91' lang='lat' dir='ltr'>Dei</span> <span class='ocrx_word' id='word_1_231' title='bbox 431 2508 615 2553; x_wconf 90' lang='lat' dir='ltr'>cultum</span> <span class='ocrx_word' id='word_1_232' title='bbox 634 2515 683 2552; x_wconf 91' lang='lat' dir='ltr'>et</span> <span class='ocrx_word' id='word_1_233' title='bbox 701 2506 936 2562; x_wconf 86' lang='lat' dir='ltr'>pietatem</span> <span class='ocrx_word' id='word_1_234' title='bbox 955 2520 1073 2550; x_wconf 90' lang='lat' dir='ltr'>uere</span> <span class='ocrx_word' id='word_1_235' title='bbox 1091 2505 1412 2550; x_wconf 86' lang='lat' dir='ltr'>christianam</span> <span class='ocrx_word' id='word_1_236' title='bbox 1433 2514 1748 2550; x_wconf 88' lang='lat' dir='ltr'>conuertunt.</span> 
     </span>
     <span class='ocr_line' id='line_1_30' title="bbox 121 2581 1750 2643; baseline -0.003 -11"><span class='ocrx_word' id='word_1_237' title='bbox 121 2586 287 2643; x_wconf 87' lang='lat' dir='ltr'>Atque</span> <span class='ocrx_word' id='word_1_238' title='bbox 310 2600 459 2641; x_wconf 82' lang='lat' dir='ltr'>saepe</span> <span class='ocrx_word' id='word_1_239' title='bbox 492 2584 540 2629; x_wconf 93' lang='lat' dir='ltr'>in</span> <span class='ocrx_word' id='word_1_240' title='bbox 563 2583 640 2629; x_wconf 91' lang='lat' dir='ltr'>die</span> <span class='ocrx_word' id='word_1_241' title='bbox 663 2583 727 2628; x_wconf 88' lang='lat' dir='ltr'>ab</span> <span class='ocrx_word' id='word_1_242' title='bbox 750 2581 973 2639; x_wconf 88' lang='lat' dir='ltr'>aegrotis</span> <span class='ocrx_word' id='word_1_243' title='bbox 998 2590 1345 2631; x_wconf 88' lang='lat' dir='ltr'>accersuntur,</span> <span class='ocrx_word' id='word_1_244' title='bbox 1373 2596 1495 2636; x_wconf 89' lang='lat' dir='ltr'>quos</span> <span class='ocrx_word' id='word_1_245' title='bbox 1530 2582 1606 2626; x_wconf 92' lang='lat' dir='ltr'>uel</span> <span class='ocrx_word' id='word_1_246' title='bbox 1641 2597 1750 2638; x_wconf 88' lang='lat' dir='ltr'>pec-</span> 
     </span>
     <span class='ocr_line' id='line_1_31' title="bbox 123 2658 1749 2713; baseline -0.003 -4"><span class='ocrx_word' id='word_1_247' title='bbox 123 2673 238 2709; x_wconf 84' lang='lat' dir='ltr'>cata</span> <span class='ocrx_word' id='word_1_248' title='bbox 261 2661 551 2709; x_wconf 89' lang='lat' dir='ltr'>confitentes</span> <span class='ocrx_word' id='word_1_249' title='bbox 574 2660 794 2713; x_wconf 88' lang='lat' dir='ltr'>audiunt,</span> <span class='ocrx_word' id='word_1_250' title='bbox 822 2660 899 2704; x_wconf 92' lang='lat' dir='ltr'>uel</span> <span class='ocrx_word' id='word_1_251' title='bbox 923 2659 1090 2704; x_wconf 88' lang='lat' dir='ltr'>tristes</span> <span class='ocrx_word' id='word_1_252' title='bbox 1113 2658 1450 2709; x_wconf 85' lang='lat' dir='ltr'>consolantur,</span> <span class='ocrx_word' id='word_1_253' title='bbox 1475 2660 1553 2704; x_wconf 90' lang='lat' dir='ltr'>uel</span> <span class='ocrx_word' id='word_1_254' title='bbox 1573 2660 1749 2704; x_wconf 92' lang='lat' dir='ltr'>morbo</span> 
     </span>
     <span class='ocr_line' id='line_1_32' title="bbox 125 2734 1750 2791; baseline -0.002 -6"><span class='ocrx_word' id='word_1_255' title='bbox 125 2739 335 2785; x_wconf 79' lang='lat' dir='ltr'>afflictos</span> <span class='ocrx_word' id='word_1_256' title='bbox 359 2737 670 2791; x_wconf 85' lang='lat' dir='ltr'>confirmant,</span> <span class='ocrx_word' id='word_1_257' title='bbox 698 2737 777 2781; x_wconf 91' lang='lat' dir='ltr'>uel</span> <span class='ocrx_word' id='word_1_258' title='bbox 800 2737 950 2781; x_wconf 86' lang='lat' dir='ltr'>etiam</span> <span class='ocrx_word' id='word_1_259' title='bbox 975 2751 1004 2780; x_wconf 87' lang='lat' dir='ltr'>a</span> <span class='ocrx_word' id='word_1_260' title='bbox 1028 2736 1131 2780; x_wconf 92' lang='lat' dir='ltr'>uita</span> <span class='ocrx_word' id='word_1_261' title='bbox 1165 2734 1460 2780; x_wconf 90' lang='lat' dir='ltr'>decedentes</span> <span class='ocrx_word' id='word_1_262' title='bbox 1497 2735 1750 2782; x_wconf 89' lang='lat' dir='ltr'>adiuuant.</span> 
     </span>
     <span class='ocr_line' id='line_1_33' title="bbox 126 2811 1751 2874; baseline -0.002 -12"><span class='ocrx_word' id='word_1_263' title='bbox 126 2815 288 2874; x_wconf 81' lang='lat' dir='ltr'>Saepe</span> <span class='ocrx_word' id='word_1_264' title='bbox 313 2815 461 2861; x_wconf 91' lang='lat' dir='ltr'>etiam</span> <span class='ocrx_word' id='word_1_265' title='bbox 483 2814 654 2871; x_wconf 91' lang='lat' dir='ltr'>inopes</span> <span class='ocrx_word' id='word_1_266' title='bbox 677 2823 725 2859; x_wconf 93' lang='lat' dir='ltr'>et</span> <span class='ocrx_word' id='word_1_267' title='bbox 744 2821 953 2870; x_wconf 85' lang='lat' dir='ltr'>egentes</span> <span class='ocrx_word' id='word_1_268' title='bbox 978 2812 1207 2862; x_wconf 85' lang='lat' dir='ltr'>inuisunt,</span> <span class='ocrx_word' id='word_1_269' title='bbox 1235 2826 1421 2867; x_wconf 81' lang='lat' dir='ltr'>eosque</span> <span class='ocrx_word' id='word_1_270' title='bbox 1445 2811 1648 2858; x_wconf 89' lang='lat' dir='ltr'>diuitum</span> <span class='ocrx_word' id='word_1_271' title='bbox 1670 2815 1751 2859; x_wconf 89' lang='lat' dir='ltr'>bo-</span> 
     </span>
     <span class='ocr_line' id='line_1_34' title="bbox 127 2888 1754 2944; baseline -0.002 -5"><span class='ocrx_word' id='word_1_272' title='bbox 127 2908 304 2939; x_wconf 89' lang='lat' dir='ltr'>norum</span> <span class='ocrx_word' id='word_1_273' title='bbox 349 2891 691 2938; x_wconf 88' lang='lat' dir='ltr'>misericordia</span> <span class='ocrx_word' id='word_1_274' title='bbox 735 2898 1028 2935; x_wconf 88' lang='lat' dir='ltr'>sustentant.</span> <span class='ocrx_word' id='word_1_275' title='bbox 1077 2888 1438 2944; x_wconf 87' lang='lat' dir='ltr'>Nonnunquam</span> <span class='ocrx_word' id='word_1_276' title='bbox 1477 2891 1754 2936; x_wconf 88' lang='lat' dir='ltr'>custodiam</span> 
     </span>
     <span class='ocr_line' id='line_1_35' title="bbox 127 2967 1755 3028; baseline -0.002 -11"><span class='ocrx_word' id='word_1_277' title='bbox 127 2971 374 3028; x_wconf 86' lang='lat' dir='ltr'>publicam</span> <span class='ocrx_word' id='word_1_278' title='bbox 398 2970 595 3025; x_wconf 88' lang='lat' dir='ltr'>adeunt,</span> <span class='ocrx_word' id='word_1_279' title='bbox 622 2977 670 3013; x_wconf 90' lang='lat' dir='ltr'>et</span> <span class='ocrx_word' id='word_1_280' title='bbox 688 2983 748 3013; x_wconf 90' lang='lat' dir='ltr'>ea</span> <span class='ocrx_word' id='word_1_281' title='bbox 768 2967 942 3012; x_wconf 86' lang='lat' dir='ltr'>uinctis</span> <span class='ocrx_word' id='word_1_282' title='bbox 962 2976 1064 3011; x_wconf 90' lang='lat' dir='ltr'>tum</span> <span class='ocrx_word' id='word_1_283' title='bbox 1086 2981 1330 3022; x_wconf 88' lang='lat' dir='ltr'>sermone,</span> <span class='ocrx_word' id='word_1_284' title='bbox 1353 2976 1454 3011; x_wconf 92' lang='lat' dir='ltr'>tum</span> <span class='ocrx_word' id='word_1_285' title='bbox 1474 2967 1623 3013; x_wconf 88' lang='lat' dir='ltr'>etiam</span> <span class='ocrx_word' id='word_1_286' title='bbox 1643 2984 1755 3025; x_wconf 90' lang='lat' dir='ltr'>ope-</span> 
     </span>
     <span class='ocr_line' id='line_1_36' title="bbox 129 3043 1754 3105; baseline -0.002 -11"><span class='ocrx_word' id='word_1_287' title='bbox 129 3065 183 3094; x_wconf 90' lang='lat' dir='ltr'>re</span> <span class='ocrx_word' id='word_1_288' title='bbox 206 3057 482 3105; x_wconf 86' lang='lat' dir='ltr'>praestant,</span> <span class='ocrx_word' id='word_1_289' title='bbox 511 3046 684 3102; x_wconf 88' lang='lat' dir='ltr'>quibus</span> <span class='ocrx_word' id='word_1_290' title='bbox 709 3059 951 3101; x_wconf 88' lang='lat' dir='ltr'>quemque</span> <span class='ocrx_word' id='word_1_291' title='bbox 976 3043 1192 3088; x_wconf 86' lang='lat' dir='ltr'>maxime</span> <span class='ocrx_word' id='word_1_292' title='bbox 1223 3058 1375 3100; x_wconf 88' lang='lat' dir='ltr'>egere</span> <span class='ocrx_word' id='word_1_293' title='bbox 1405 3044 1588 3091; x_wconf 89' lang='lat' dir='ltr'>uident.</span> <span class='ocrx_word' id='word_1_294' title='bbox 1626 3045 1754 3091; x_wconf 89' lang='lat' dir='ltr'>Nam</span> 
     </span>
     <span class='ocr_line' id='line_1_37' title="bbox 131 3119 1756 3176; baseline -0.001 -6"><span class='ocrx_word' id='word_1_295' title='bbox 131 3125 220 3170; x_wconf 88' lang='lat' dir='ltr'>hos</span> <span class='ocrx_word' id='word_1_296' title='bbox 244 3124 305 3169; x_wconf 91' lang='lat' dir='ltr'>ad</span> <span class='ocrx_word' id='word_1_297' title='bbox 330 3123 478 3168; x_wconf 88' lang='lat' dir='ltr'>animi</span> <span class='ocrx_word' id='word_1_298' title='bbox 502 3122 574 3167; x_wconf 94' lang='lat' dir='ltr'>sui</span> <span class='ocrx_word' id='word_1_299' title='bbox 599 3123 808 3167; x_wconf 86' lang='lat' dir='ltr'>salutem</span> <span class='ocrx_word' id='word_1_300' title='bbox 844 3119 1231 3176; x_wconf 89' lang='lat' dir='ltr'>patientiamque</span> <span class='ocrx_word' id='word_1_301' title='bbox 1265 3119 1544 3175; x_wconf 90' lang='lat' dir='ltr'>hortantur,</span> <span class='ocrx_word' id='word_1_302' title='bbox 1586 3122 1692 3167; x_wconf 85' lang='lat' dir='ltr'>illos</span> <span class='ocrx_word' id='word_1_303' title='bbox 1726 3139 1756 3168; x_wconf 92' lang='lat' dir='ltr'>a</span> 
     </span>
    </p>
   </div>
  </div>
 </body>
</html>
