2054 3530
827 274 1047 311 LITTERAE
1074 274 1429 320 QUADRIMEs'rREs
1852 278 1894 314 16

364 372 404 417 7.
463 371 759 427 peristylum
778 371 825 416 in
844 387 939 428 quo
957 371 1230 417 huiusmodi
1250 381 1364 418 acta
1383 373 1589 429 singulis
1613 374 1752 419 annis
1767 374 1940 420 haberi

314 449 489 501 solent,
517 457 814 494 exornatum
837 458 948 494 erat
970 449 1233 505 tapetibus,
1257 449 1376 494 aliis
1393 451 1713 495 ornamentis
1736 451 1938 508 magni-

299 525 425 583 ficis
448 525 666 582 parietes
693 524 1060 582 uestiebantur,
1088 526 1251 572 multis
1276 530 1554 582 praeterea
1582 527 1884 572 carminibus
1904 533 1949 580 ³„

314 607 421 648 tam
456 603 701 659 parietes,
745 616 903 659 (letam
942 603 1174 648 collmzae
1203 603 1221 629 b
1254 603 1640 649 decorabantur.
1671 603 1939 660 Enigmata

313 694 506 736 quoque
545 678 689 723 uaria
722 678 970 734 tapetibus
1005 684 1155 725 erant
1186 680 1360 737 defixa
1393 680 1736 736 pulcherrimis
1766 679 1940 737 figuris

312 757 506 812 depicta
533 762 564 812 ⁰,
599 755 661 800 ad
685 770 812 812 quae
839 756 1085 801 maximus
1108 755 1259 802 fiebat
1281 757 1530 802 hominum
1565 772 1788 813 accesus‚
1826 774 1939 803 cum

312 833 507 879 uidendi
531 832 737 890 figuras,
764 842 867 878 turn
893 833 1139 879 diuinandi
1163 834 1344 890 gratia,
1373 844 1425 880 ut
1444 834 1688 880 diuinatas
1707 835 1797 880 sibi
1821 851 1940 891 opes

312 911 612 967 acciperent;
640 910 703 955 ad
737 910 867 966 quod
901 926 998 955 non
1032 926 1207 967 parum
1241 911 1463 967 picturae
1498 911 1857 967 pulchritudine
1892 921 1939 958 et

312 986 473 1032 forma
508 987 875 1033 excitabantur.
913 986 1178 1043 Quaedam
1214 998 1478 1044 praeterea
1512 1004 1573 1033 ex
1607 988 1680 1033 his
1715 998 1885 1044 postea
1911 1005 1940 1034 a

312 1063 463 1109 Patre
487 1063 550 1109 ad
574 1079 747 1119 regem
772 1065 783 1088 ¹
812 1063 944 1120 (nam
969 1064 1015 1109 id
1040 1065 1401 1122 postulauerat)
1427 1065 1592 1110 delata
1616 1074 1744 1111 sunt.

368 1139 411 1185 S.
479 1138 715 1196 Sequenti
764 1156 886 1186 uero
932 1140 1008 1186 die
1052 1141 1282 1198 aggressi
1327 1151 1439 1187 sunt
1482 1152 1836 1198 praeceptores
1881 1142 1940 1187 de

311 1233 447 1262 more
467 1217 839 1273 praelectiones
863 1217 1115 1274 explicare
1140 1218 1464 1274 compossz'tis
1483 1218 1748 1272 classibus,
1762 1218 1939 1276 facta-

311 1309 407 1352 que
431 1294 807 1350 discipulorum
831 1295 1168 1351 nungacz'onc‘,
1199 1309 1501 1352 unoquoque
1525 1296 1576 1340 ilc
1600 1309 1694 1340 suo
1719 1296 1823 1340 loco
1848 1296 1938 1340 col-

310 1372 472 1417 locato
497 1371 674 1416 lzczbz'tcz
698 1371 1030 1427 ingeniorum
1054 1372 1255 1416 ratione
1276 1371 1308 1416 d.

369 1448 410 1493 s).
478 1448 616 1494 Multi
660 1448 722 1493 de
765 1462 899 1494 ποῖα)
938 1458 1053 1494 tunc
1092 1449 1327 1505 temporis
1357 1456 1376 1477 θ
1409 1460 1666 1506 uenerunt,
1709 1460 1761 1496 ut
1798 1452 1939 1496 nobis

312 1526 489 1572 darent
529 1541 749 1583 operam,
792 1525 1105 1582 quotidieque
1145 1541 1315 1570 eorum
1358 1541 1594 1571 numerus
1637 1528 1934 1583 augebatur.

311 1602 603 1648 Praefectus
627 1602 890 1660 gymnasii,
919 1611 970 1647 ut
990 1602 1210 1658 discipuli
1235 1603 1296 1647 ad
1316 1603 1478 1648 studia
1498 1603 1752 1649 literarum
1770 1604 1938 1650 incita·

311 1689 499 1735 rentur,
529 1680 781 1725 constituit
804 1689 856 1725 ut
880 1679 1085 1736 singulis
1115 1680 1363 1725 mensibus
1392 1680 1464 1725 bis
1500 1689 1585 1725 aut
1618 1690 1693 1726 ter
1726 1682 1853 1726 inter
1887 1697 1939 1726 se

309 1757 541 1813 priuatim
557 1757 616 1802 de
633 1757 846 1813 primatu
863 1757 955 1802 loci
973 1756 1345 1813 contenderent:
1368 1757 1497 1813 quod
1514 1757 1702 1803 faciunt
1721 1759 1938 1804 maximo

310 1835 459 1880 animi
485 1835 681 1879 ardore:
720 1834 1067 1890 dictanturque
1102 1850 1131 1879 a
1166 1835 1573 1891 praeceptoribus
1604 1836 1744 1881 statis
1769 1836 1939 1881 diebus

310 1913 452 1958 huius
486 1912 556 1957 rei
591 1912 757 1969 gratia
791 1911 1029 1967 themata,
1066 1920 1114 1956 et
1148 1911 1186 1956 si
1211 1911 1475 1968 aliquando
1500 1911 1629 1958 forte
1650 1922 1937 1969 praecepto-

310 2005 391 2034 res
415 1990 787 2044 obliuiscuntur‚
815 1989 904 2044 ipsi
929 1988 1208 2045 efflagitant
1231 1986 1319 2034 sibi
1344 1989 1566 2034 themata
1600 1981 1935 2047 proponenda,

310 2076 363 2112 ut
385 2066 661 2112 certamina
684 2065 819 2120 fiant3
847 2075 895 2110 et
917 2066 956 2110 si
981 2066 1242 2121 aliquando
1269 2065 1444 2122 aliquis
1468 2067 1531 2111 ab
1555 2066 1651 2111 alio
1675 2076 1937 2122 superatus

310 2152 540 2189 mouetur
572 2158 661 2188 suo
695 2143 822 2198 loco,
860 2151 1000 2187 tanto
1035 2142 1224 2198 pudore
1255 2141 1572 2197 suffunditur,
1601 2151 1651 2188 ut
1675 2143 1937 2199 aliquando

310 2221 728 2275 collachrimetur‚
766 2219 1120 2276 confugiatque
1155 2219 1217 2264 ad
1253 2219 1579 2276 praefectum,
1620 2221 1851 2276 pollicens
1884 2236 1937 2266 se

310 2297 743 2354 praeparatiorem
767 2306 942 2352 postea
965 2296 1185 2342 futurum
1211 2298 1273 2341 ad
1296 2297 1420 2342 haec
1444 2298 1735 2353 certamina,
1763 2297 1936 2342 aduer-

310 2375 593 2431 sariumque
617 2390 774 2428 suum,
808 2375 846 2419 si
881 2384 1062 2430 posset,
1100 2375 1434 2430 superandum
1469 2384 1776 2429 curaturum3
1815 2391 1938 2432 quos

311 2451 596 2508 praefectus
631 2452 933 2504 consolatur,
973 2451 1140 2507 eisque
1165 2451 1381 2496 animum
1406 2452 1540 2497 addit
1564 2461 1615 2497 ut
1639 2452 1739 2497 suis
1762 2452 1936 2497 aduer-

310 2529 454 2574 sariis
489 2534 677 2584 parem
710 2529 949 2585 gratiam
988 2528 1212 2574 referant
1238 2527 1263 2573 f.
1308 2528 1547 2574 Decreuit
1581 2537 1845 2585 praeterea
1885 2539 1937 2575 ut

360 2696 376 2716 a
409 2689 585 2735 parietes
604 2702 702 2725 uero
722 2694 761 2725 et
776 2689 988 2725 columnae
1004 2689 1141 2725 multis
1156 2689 1284 2725 affixis
1300 2689 1556 2725 carminibus.
1611 2689 1677 2716 -b
1693 2689 1935 2735 Perperczm

311 2749 594 2785 emendatum
615 2760 664 2785 ex
679 2750 903 2785 columnae.
963 2756 1020 2776 —C
1048 2749 1143 2795 ipsis
1158 2749 1360 2795 tapetibus
1374 2749 1655 2795 pulcherrimis
1671 2748 1810 2795 figuris
1829 2750 1935 2796 depi-

309 2813 374 2844 cta
393 2808 727 2854 appenderamuS.
782 2808 847 2834 —d
868 2821 962 2844 suas
980 2809 1175 2844 lectiones
1203 2808 1420 2855 explicare,
1453 2808 1659 2844 collocatis
1687 2809 1795 2854 prius
1822 2809 1934 2846 disci-

310 2867 416 2913 pulis
442 2872 485 2903 ut
506 2867 669 2913 ingenia
692 2867 858 2915 [ingenii
879 2868 973 2913 ms]
1003 2868 1041 2903 id
1066 2869 1271 2914 postulare
1296 2868 1554 2904 uidebantur.
1613 2874 1675 2895 —e
1701 2867 1822 2904 Multi
1841 2875 1935 2907 tune

310 2928 483 2973 primum
503 2927 706 2972 temporis
773 2926 830 2952 ——f
862 2933 904 2963 ut
924 2927 972 2963 de
992 2927 1074 2963 suis
1101 2927 1344 2964 aduersariis
1371 2927 1473 2964 alias
1499 2927 1709 2964 uictoriam
1740 2927 1932 2966 referant.

361 3074 369 3092 ¹
417 3072 594 3118 Joannes
612 3071 680 3108 ΠΙ.
