1909 3328
269 297 338 333 558
603 313 606 317 ⁴
734 294 955 330 LITTERAE
983 293 1341 337 QUADfflixffisrlzsss

224 399 344 446 rent,
369 401 539 435 omnes
564 389 668 433 fere
689 389 877 444 seipsos
896 388 1143 444 ingerunt,
1165 402 1225 431 ac
1246 386 1386 443 primi
1407 401 1516 430 esse
1538 396 1712 430 sancta
1732 401 1850 442 qua-

222 469 334 513 dam
362 466 629 512 ambitione
653 466 972 510 contendunt.

284 545 351 589 14.
419 543 607 598 Accipe
632 558 760 587 nunc
784 542 968 598 paucis,
998 540 1120 585 Rde.
1150 539 1250 586 Pia,
1279 555 1405 595 quae
1431 540 1491 583 ad
1517 539 1672 584 nostri
1704 539 1848 583 colle—

220 622 288 680 gii
322 621 569 666 studiosos
604 630 930 675 caeterosque
968 618 1164 674 pietatis
1198 626 1727 672 sacramentorumque
1752 616 1849 660 cul-

222 708 359 744 tores
385 698 646 754 pertinent.
684 697 760 741 De
795 696 1147 751 discipulorum
1186 709 1392 738 numero
1428 693 1541 749 quid
1577 693 1735 737 dicam
1770 708 1850 737 ne-

222 775 341 821 scio:
370 791 483 819 nam
508 784 555 819 et
579 773 723 830 pauci
749 773 986 829 puerique
1011 781 1124 816 sunt
1144 770 1454 827 (octuaginta
1475 769 1601 814 enim
1625 779 1710 814 aut
1735 785 1850 826 pau—

222 853 269 897 lo
303 853 469 908 plures
504 851 565 895 ad
598 859 798 895 nostras
831 850 1029 894 scholas
1065 848 1284 903 ueniunt)
1315 854 1331 873 ³
1356 856 1403 892 et
1437 862 1522 891 eos
1556 846 1851 903 simulatque

222 928 550 985 adoleuerint‚
590 936 821 983 parentes
860 926 1029 970 timent
1064 925 1125 968 ad
1165 935 1361 968 nostras
1401 923 1597 968 scholas
1637 923 1848 978 mittere3

222 1006 445 1050 dubitant
481 1005 608 1049 enim
644 1020 703 1048 ne
738 1003 799 1048 ad
835 1002 1158 1047 monasticam
1193 1001 1548 1058 religiosamue
1573 1000 1726 1045 uitam
1750 1015 1850 1044 sus-

222 1083 496 1139 cipiendam
521 1097 605 1126 eos
630 1081 922 1126 alliciamus.
945 1079 1056 1124 Huc
1075 1078 1268 1124 accedit
1293 1079 1422 1135 quod
1448 1093 1616 1122 omnes
1640 1077 1745 1122 fere
1770 1076 1851 1121 flo-

223 1160 401 1205 rentini
442 1175 537 1203 non
577 1168 678 1203 tam
718 1159 960 1203 bonarum
1002 1156 1298 1211 litterarum,
1342 1170 1488 1211 quam
1533 1164 1852 1199 mercaturae

222 1246 335 1282 sunt
368 1235 590 1281 studiosi.
629 1235 678 1279 ln
716 1234 842 1279 festo
877 1247 1038 1278 tamen
1076 1232 1232 1277 sancti
1267 1231 1475 1289 Joannis
1510 1230 1852 1287 euangelistae

223 1314 319 1370 (cui
344 1323 567 1358 nostrum
587 1313 822 1367 templum
843 1321 917 1355 est
936 1308 1304 1365 consecratum)
1330 1324 1359 1353 a
1384 1308 1551 1364 pueris
1575 1308 1731 1352 nostri
1755 1308 1851 1352 col-

222 1391 337 1448 legii
363 1402 502 1435 actus
526 1399 600 1434 est
625 1389 853 1444 dialogus
888 1397 1027 1432 tanta
1063 1403 1175 1432 cum
1209 1386 1459 1430 hominum
1494 1385 1852 1441 mulierumque

222 1468 519 1524 frequentia,
546 1476 599 1512 ut
624 1466 706 1510 uix
730 1466 965 1521 templum
1003 1473 1242 1519 nostrum,
1270 1463 1399 1519 quod
1435 1477 1746 1518 nequaquam
1770 1477 1851 1518 pa-

225 1562 368 1590 ruum
402 1554 493 1601 est,
531 1559 712 1600 capere
752 1558 836 1587 eos
877 1542 1106 1598 potuerit:
1152 1541 1476 1597 quamobrem
1517 1539 1679 1596 templi
1719 1539 1852 1584 fores

222 1623 459 1668 claudere
493 1621 672 1666 fuimus
706 1619 882 1666 coacti.
911 1618 1013 1664 Sub
1048 1618 1233 1663 initium
1268 1633 1389 1662 uero
1425 1616 1604 1662 mensis
1639 1616 1851 1662 Nouem-

224 1700 328 1745 bris
352 1715 464 1745 cum
488 1698 651 1744 studia
688 1712 1062 1747 renouaremus,
1091 1705 1139 1741 et
1165 1696 1327 1740 oratio
1361 1704 1434 1740 est
1468 1695 1637 1739 habita
1671 1710 1699 1739 a
1734 1710 1847 1752 quo-

160 1796 165 1797 ’
224 1777 338 1822 dam
363 1786 647 1821 nostrorum
672 1784 720 1819 et
744 1775 808 1819 ab
837 1774 1007 1818 iisdem
1034 1773 1200 1829 pueris
1233 1782 1375 1818 actus
1406 1772 1649 1827 dialogus3
1678 1771 1851 1828 quibus

222 1863 427 1910 praeter
471 1853 593 1897 alios
639 1851 918 1907 complures
962 1851 1102 1895 huius
1147 1850 1363 1895 ciuitatis
1408 1849 1672 1905 studiosos,
1718 1848 1849 1894 Illus.

221 1931 374 1976 etiam
394 1930 618 1975 dominus
642 1929 821 1973 Petrus
841 1928 899 1973 de
924 1927 1119 1983 Toleto,
1147 1927 1224 1972 cui
1248 1927 1267 1953 b
1292 1926 1446 1971 Illma.
1471 1927 1571 1971 dux
1590 1936 1662 1971 est
1681 1941 1852 1971 conso-

223 2008 385 2065 brina,
413 2006 652 2051 interfuit.

288 2084 355 2130 15.
425 2083 515 2129 Est
554 2083 631 2128 hic
664 2082 881 2127 societas
916 2081 1161 2139 quaedam
1198 2081 1466 2132 hominum,
1504 2089 1556 2125 ut
1588 2081 1851 2136 plurimum

223 2162 590 2215 illiteratorum,
624 2159 729 2205 fere
764 2159 1114 2216 quadraginta,
1142 2159 1220 2216 qui
1257 2158 1463 2214 singulis
1499 2157 1752 2202 dominicis
1785 2155 1851 2201 fe-

225 2239 410 2295 stisque
435 2238 606 2283 diebus
643 2237 687 2281 in
722 2245 945 2281 nostrum
980 2235 1244 2292 collegium
1278 2234 1594 2290 conueniunt)
1621 2233 1850 2278 confiten-

223 2325 404 2373 turque
434 2324 575 2361 tanta
610 2330 720 2360 cum
754 2313 930 2359 mentis
964 2313 1269 2370 integritate,
1307 2324 1357 2357 ut
1388 2311 1524 2356 Pres.
1564 2311 1719 2356 nostri
1755 2326 1851 2356 ma-

225 2409 356 2451 gnae
381 2393 470 2439 sibi
505 2392 745 2449 uoluptati
780 2392 963 2437 ducant
997 2391 1192 2436 illorum
1228 2390 1466 2435 exaudire
1500 2389 1849 2435 confessione&

226 2470 346 2516 Mox
370 2486 491 2515 uero
517 2484 715 2515 sacram
749 2467 958 2525 synaxin
995 2483 1089 2512 non
1125 2467 1229 2512 sine
1264 2482 1447 2524 magna
1482 2467 1691 2511 aliorum
1725 2463 1852 2510 edifi-

223 2548 422 2592 catione
446 2547 729 2603 suscipiunt.
754 2545 941 2591 Eorum
966 2560 1088 2589 uero
1114 2560 1348 2589 numerus
1372 2544 1418 2589 in
1445 2544 1546 2589 dies
1570 2543 1730 2599 magis
1755 2557 1852 2587 rna-

225 2624 402 2682 gisque
427 2624 624 2669 crescit.

291 2700 358 2747 16.
426 2701 502 2746 De
537 2700 737 2757 reliquis
770 2709 873 2746 tum
906 2698 1209 2754 mulieribus,
1246 2706 1349 2743 tum
1385 2696 1533 2742 etiam
1565 2695 1700 2753 uiris,
1734 2708 1853 2752 quos

227 2778 435 2823 deuotos
460 2787 658 2834 uocant,
686 2777 756 2822 sic
779 2777 976 2832 habeto,
1003 2774 1127 2820 Rde.
1150 2775 1252 2831 Pr.‚
1275 2789 1522 2831 pauperes
1541 2773 1738 2830 quidem
1758 2781 1852 2817 ter·
1908 2786 1909 2790 ’

227 2870 464 2899 renarum
489 2870 597 2900 esse
629 2854 926 2900 diuitiarum:
959 2862 1231 2908 caeterum,
1268 2851 1308 2896 si
1342 2850 1580 2897 coelestia
1614 2850 1745 2896 dona
1779 2862 1852 2893 re·
1906 2863 1909 2866 ’

276 3044 294 3064 ³
339 3037 561 3074 Sententia
581 3037 739 3073 addita
759 3047 861 3073 cum
876 3034 1134 3081 parenthesi
1150 3035 1196 3070 in
1218 3044 1356 3079 marg.
1379 3033 1533 3070 eadem
1554 3043 1712 3069 manu.

276 3096 297 3124 b
341 3096 548 3142 Sequitur
566 3108 601 3132 v.
623 3096 810 3143 princeps
830 3095 1036 3132 deletmn.
