1900 3380
587 211 910 248 182.-P.—x11xv10
941 210 982 247 16
1005 211 1116 257 JULu
1148 211 1238 246 1535·
1616 206 1681 242 751

184 303 396 359 Verum,
424 319 484 348 ne
510 305 770 350 breuitatis
805 305 925 350 fines
960 315 1232 361 transeam,
1271 303 1343 348 his
1378 300 1589 357 omissis,
1625 301 1731 346 bre-

99 379 300 426 uissime
343 395 623 437 prosequar
662 381 838 438 quibus
882 381 1193 426 obedientiae
1233 380 1362 426 uotis
1401 376 1728 423 satisfaciam.

95 457 261 514 Atque
286 471 346 501 ea
371 457 506 513 prius
526 457 689 503 dicam
714 458 843 503 unde
868 458 927 503 R.
956 458 1008 503 P.
1036 468 1122 503 tua
1146 458 1344 514 singula
1364 455 1538 501 melius
1559 454 1730 500 intelli-

92 549 233 591 gere,
262 542 309 579 et
333 549 462 589 quae
496 535 783 580 necessario
819 534 1266 591 praetermittenda
1301 548 1500 588 censeO,
1534 530 1730 576 facilius

82 610 385 657 coniectura
410 611 696 667 perspicere
721 611 906 656 ualeat.

151 692 191 737 2.
261 691 389 737 Cum
412 693 566 749 igitur
596 693 656 738 R.
692 693 745 738 P.
779 693 1077 738 Benedictus
1112 701 1411 737 sacrosanto
1447 690 1728 747 quadrage-

89 770 218 815 narii
241 769 405 815 ieiunii
429 779 671 827 tempore,
699 771 848 827 paulo
873 779 1142 826 antequam
1171 769 1414 814 Venetias
1448 766 1727 824 proficisce-

91 856 248 902 retur,
275 846 454 892 Pataui
479 862 530 892 se
550 847 962 893 concionaturum
987 847 1180 903 publice
1202 845 1524 903 promisisset,
1548 845 1728 890 accidit

87 934 155 981 ut,
182 923 503 981 grauioribus
527 924 821 980 quibusdam
840 924 1054 980 negotiis
1074 923 1351 980 impeditus,
1380 922 1603 967 Venetiis
1622 922 1722 967 diu-

90 1000 183 1046 tius
208 1000 579 1047 immoraretur:
608 1001 934 1058 quamobrem
957 1000 1196 1057 patauini,
1224 1015 1372 1044 sacro
1398 1009 1623 1055 tempore
1642 1014 1724 1055 ap-

90 1078 477 1136 propinquante,
524 1089 758 1124 uerentes
803 1094 864 1123 ne
908 1077 1038 1123 forte
1086 1087 1318 1122 venetum
1368 1076 1602 1132 precibus
1648 1076 1732 1120 uel

89 1155 242 1213 ipsius
271 1164 476 1201 senatus
510 1155 812 1201 auctoritate
846 1164 1069 1212 coactus,
1107 1153 1355 1211 promissa
1390 1168 1484 1197 non
1515 1151 1725 1209 faceret,

87 1233 214 1278 illius
240 1232 430 1278 reditus
453 1232 580 1278 adeo
606 1233 803 1278 solliciti
827 1241 987 1288 erant,
1016 1241 1068 1277 ut
1092 1231 1233 1276 nobis
1258 1230 1469 1275 assiduis
1493 1231 1552 1274 de
1576 1244 1635 1274 eo
1660 1229 1725 1274 in-

88 1309 514 1367 terrogationibus
565 1310 845 1355 molestiam
894 1309 1001 1354 fere
1051 1316 1304 1365 parerent,
1358 1306 1560 1352 Patrem
1606 1321 1728 1351 uero

87 1386 426 1443 compluribus
450 1401 512 1432 ac
535 1387 728 1432 crebris
752 1385 930 1432 litteris
954 1401 1171 1431 euocare
1205 1400 1303 1430 non
1327 1392 1603 1439 cessarent,
1630 1384 1728 1439 pol-

90 1463 389 1510 licitationes
436 1465 635 1517 multas,
683 1479 774 1509 nec
812 1479 909 1508 non
950 1455 1256 1508 certissimas
1301 1476 1413 1518 spes
1456 1459 1599 1504 huius
1637 1459 1732 1504 loci

92 1542 409 1599 episcopatus
434 1540 689 1586 addentes.
723 1540 986 1586 Postremo
1022 1549 1209 1595 autem,
1247 1553 1420 1583 morae
1455 1537 1613 1582 omnis
1647 1536 1730 1580 im-

89 1619 357 1676 patientes,
405 1618 646 1664 Venetias
693 1618 976 1676 complures
1021 1617 1233 1674 profecti
1278 1631 1376 1660 non
1420 1614 1557 1671 prius
1601 1613 1732 1659 illinc

90 1696 344 1742 discedere
370 1697 653 1753 uoluerunt,
682 1711 829 1753 quam
853 1696 1054 1741 Patrem
1086 1711 1184 1740 una
1207 1709 1376 1739 secum
1408 1693 1725 1737 deducerent.

89 1774 432 1832 Quamobrem
456 1774 588 1820 haud
611 1773 809 1820 difficile
833 1774 1035 1830 quilibet
1053 1789 1116 1819 ex
1142 1774 1234 1818 hoc
1253 1771 1532 1828 intelligere
1552 1778 1730 1826 potest,

91 1862 330 1909 quantum
365 1851 687 1897 concionibus
719 1851 822 1897 suis
855 1850 1142 1908 profecerit.
1183 1849 1378 1895 Etenim
1414 1844 1728 1892 clementissi-

92 1945 198 1974 mus
222 1939 271 1974 et
295 1928 677 1985 benignissimus
701 1928 855 1989 Deus,
882 1928 961 1985 qui
986 1943 1232 1973 summum
1264 1924 1561 1972 desiderium
1580 1934 1730 1979 atque

92 2023 316 2053 amorem
355 2006 552 2051 diuinae
582 2006 709 2063 legis
744 2007 923 2063 populo
959 2006 1144 2061 tribuit,
1184 2005 1311 2050 idem
1346 2012 1457 2060 post
1491 2002 1730 2046 alacriter

92 2084 257 2129 omnia
302 2083 586 2141 perficiendi
630 2083 849 2140 gratiam
893 2083 1155 2129 concessit.
1203 2080 1315 2126 Tali
1360 2088 1525 2125 autem
1568 2078 1728 2123 studio

92 2161 322 2206 audiendi
346 2160 510 2206 Patris
534 2161 691 2205 nostri
711 2161 973 2206 uniuersus
992 2160 1202 2217 populus
1221 2157 1488 2214 flagrabat,
1512 2166 1565 2201 ut
1587 2164 1728 2200 tanta

93 2238 342 2283 hominum
367 2237 649 2294 frequentia
674 2239 734 2282 ad
760 2237 865 2282 eius
889 2236 1154 2283 conciones
1174 2235 1497 2289 undecunque
1522 2247 1727 2277 concur-

94 2324 245 2368 reret,
273 2323 511 2370 quantam
536 2315 619 2359 uix
643 2329 861 2371 unquam
891 2314 1018 2359 ullus
1053 2313 1130 2358 hic
1165 2311 1445 2357 meminisse
1481 2309 1722 2354 uideatur.

148 2392 192 2437 3.
259 2390 570 2436 Cunctorum
594 2407 718 2437 uero
743 2391 994 2437 interioris
1024 2405 1150 2447 erga
1174 2389 1336 2434 Deum
1371 2386 1585 2432 affectus
1620 2401 1727 2443 per-

93 2469 247 2514 multa
269 2478 442 2514 extant
465 2468 660 2514 indicia.
688 2468 816 2513 Nam
841 2478 1043 2525 praeter
1073 2465 1400 2513 eleemosinas
1424 2465 1650 2520 ingentes
1681 2472 1729 2509 et

93 2546 139 2591 in
164 2546 258 2591 hac
282 2546 406 2591 urbe
432 2545 504 2602 (ut
533 2545 783 2603 asserunt)
818 2561 912 2591 non
949 2545 1159 2602 amplius
1194 2543 1345 2593 uisaS,
1383 2541 1558 2598 quibus
1591 2541 1726 2586 innu-

94 2624 243 2669 meris
267 2624 587 2680 pauperibus,
615 2631 663 2669 et
693 2623 937 2669 nonnullis
971 2623 1122 2668 etiam
1153 2619 1468 2666 monasteriis
1500 2618 1727 2664 subueni-

93 2709 190 2756 tur;
217 2699 559 2746 confessiones
583 2716 835 2757 nunquam
868 2698 1236 2757 frequentiores
1269 2697 1487 2742 fuerunt.
1525 2695 1728 2741 Plurimi

93 2786 378 2834 praeterea,
405 2792 502 2822 non
526 2778 620 2822 hoc
643 2777 880 2833 contenti,
907 2776 1059 2822 totius
1084 2775 1216 2819 uitae
1251 2789 1373 2819 suae
1407 2772 1613 2818 crimina
1637 2771 1726 2817 Pa-

94 2855 252 2900 tribus
276 2854 462 2900 nostris
485 2864 598 2900 sunt
614 2855 855 2900 confessi:
883 2855 1012 2899 inter
1037 2868 1160 2909 quos
1184 2850 1543 2907 consanguinei
1571 2850 1726 2907 multi,

95 2947 280 2977 uxores
303 2941 351 2976 et
375 2931 484 2988 uiri,
513 2931 595 2976 filii
619 2941 770 2987 atque
795 2940 1029 2988 parentes
1063 2929 1291 2985 grauiter
1314 2928 1404 2973 sibi
1429 2927 1636 2972 inuicem
1661 2927 1726 2972 in-

90 3008 238 3065 fensi,
264 3009 483 3054 maxima
508 3008 601 3053 Dei
627 3008 933 3065 benignitate
966 3005 1269 3051 reconciliati
1303 3014 1452 3061 atque
1486 3004 1533 3048 in
1568 3003 1725 3061 pristi-
