1900 3380
481 297 799 334 20L-—PAR1s11s
827 296 849 332 2
876 295 1084 333 OCTOBRIS
1113 295 1203 332 1558
1542 292 1617 330 825

33 394 262 448 sionibus,
289 393 508 439 solandis
532 392 743 446 afflictis,
773 392 986 437 visendis
1010 391 1372 448 egrotantibus,
1401 390 1484 435 sed
1512 389 1659 436 etiam

34 480 177 518 noctu
217 470 389 516 iisdem
429 479 564 516 sarte
610 471 672 515 ab
717 469 843 514 omni
885 467 1260 526 perturbatione
1304 466 1662 513 conseruandis

34 549 207 597 studet.
246 558 395 604 atque
435 548 538 604 ipse
578 548 656 592 vel
697 546 925 592 maximis
960 546 1051 592 illis
1090 545 1303 603 negotiis
1343 545 1663 602 praepeditus

34 626 160 685 quod
184 641 211 672 e
238 641 289 670 re
316 634 488 671 nostra
513 634 588 670 est
611 634 659 670 et
685 624 932 676 institutis,
965 640 1084 669 rura
1109 623 1297 680 petiuit.

120 703 316 748 Fratris
354 717 474 747 vero
510 702 681 750 nostri.
710 702 849 746 cuius
885 701 1181 746 mentionem
1216 699 1380 756 paulo]
1399 708 1515 745 ante
1552 699 1660 750 l'eci,

36 781 195 828 studia
220 781 292 825 his
317 780 542 836 profecto
568 795 663 824 non
689 778 993 824 dissimilima
1023 793 1113 823 nec
1137 793 1249 822 cum
1274 778 1446 823 labore
1473 777 1662 821 minore

35 868 278 914 suscepta,
307 872 604 914 percensere
629 872 752 913 opus
776 855 928 901 fuisse
952 856 1227 900 arbitratus
1251 870 1375 900 sum.
1411 854 1515 899 Nec
1540 869 1663 899 vero

37 935 113 992 qui
138 935 394 981 nobiscum
420 934 626 991 singulis
649 932 905 978 dominicis
929 947 988 977 ac
1013 932 1152 977 festis
1176 932 1346 977 diebus
1369 931 1431 976 D.
1455 930 1663 976 Germa-

37 1013 80 1058 ni
106 1011 246 1058 edem
271 1011 408 1057 adire
440 1018 821 1062 consueuerant,
849 1010 911 1054 ab
946 1024 1004 1054 eo
1040 1009 1234 1065 quidem
1260 1008 1554 1061 desciscunt,
1581 1008 1663 1053 sed

39 1090 115 1147 qui
159 1099 308 1135 antea
354 1089 549 1134 minime
595 1088 844 1138 solebant,
891 1085 989 1143 jam
1030 1102 1157 1131 nunc
1202 1086 1460 1131 accedunt.
1512 1086 1665 1130 Multa

38 1167 212 1224 scienS‚
241 1167 300 1213 R.
329 1166 401 1215 P..
429 1167 514 1211 sed
550 1181 659 1223 que,
688 1163 1044 1210 consuetudine
1079 1164 1123 1208 in
1160 1163 1301 1208 nobis
1336 1163 1512 1219 posita,
1540 1162 1664 1207 ordi-

39 1260 145 1289 nem
171 1259 311 1288 suum
337 1251 628 1300 sequuntur,
656 1250 936 1299 praetereo.

95 1321 137 1367 2.
204 1320 316 1379 Jam
353 1320 390 1365 si
426 1320 486 1365 de
521 1319 694 1365 studiis
734 1318 917 1364 nostris
956 1333 1117 1374 pauca
1157 1317 1349 1373 dixero,
1387 1317 1501 1361 nihil
1542 1316 1668 1373 quod

40 1399 189 1445 sciam
237 1398 473 1444 mandatu
515 1398 715 1455 dignum
764 1396 1168 1454 praetermittere
1209 1395 1500 1450 videbimur,
1543 1410 1669 1451 quae

41 1476 231 1533 quidem
257 1487 391 1521 certe
420 1491 516 1520 vna
540 1491 648 1521 cum
676 1474 897 1520 moribus
922 1473 1034 1519 mihi
1061 1472 1242 1518 florere
1277 1488 1336 1518 ac
1375 1472 1546 1529 vigere
1571 1470 1660 1529 (ne-

42 1569 132 1611 que
157 1553 284 1599 enim
320 1554 365 1598 id
399 1553 555 1598 nostri
590 1553 766 1598 fauore
801 1552 1009 1597 allectus
1044 1549 1299 1606 testificor)
1326 1566 1418 1595 non
1456 1550 1668 1595 obscure

46 1632 268 1677 videntur
297 1640 346 1676 vt
377 1630 658 1675 domesticis
693 1629 984 1686 quibusdam
1023 1627 1426 1674 exercitamentis
1460 1636 1508 1672 et
1542 1627 1670 1672 inter

13 1724 128 1774 'nos
162 1709 373 1754 concisis
407 1708 821 1765 disputationibus
855 1723 949 1752 non
987 1722 1162 1763 parum
1198 1705 1579 1762 progressionis,
1622 1714 1669 1748 vt

43 1787 204 1832 diuino
239 1786 423 1832 auxilio
456 1785 570 1844 freti
607 1800 886 1841 speramus,
915 1785 956 1828 in
992 1783 1166 1829 litteris
1198 1782 1456 1828 faciamus.
1489 1781 1561 1826 De
1596 1797 1670 1826 ce-

43 1872 151 1910 tero
176 1879 348 1909 omnes
383 1873 529 1920 prout
564 1878 684 1908 suae
719 1862 960 1918 cuiusque
994 1870 1106 1907 sunt
1141 1872 1308 1917 partes
1334 1860 1378 1904 in
1404 1859 1460 1904 iis
1484 1874 1578 1903 non
1605 1859 1669 1903 in-

41 1941 277 1986 concinne
315 1949 596 1994 versantur,
624 1939 710 1985 sed
744 1955 829 1996 spe
865 1939 1025 1994 magis
1060 1938 1240 1983 alimur
1275 1952 1447 1982 omnes
1471 1936 1536 1991 (in
1572 1936 1669 1992 qui-

43 2018 130 2063 bus
153 2017 269 2062 nulli
293 2017 454 2062 adhuc
479 2025 564 2062 aut
588 2016 755 2073 exigui
780 2026 918 2062 certe
943 2016 987 2060 in
1020 2015 1299 2072 proximum
1337 2012 1671 2059 redundantes

42 2094 231 2140 fructus
269 2095 503 2149 existunt)
540 2110 651 2151 qua,
681 2094 1051 2139 fructuosorum
1087 2091 1364 2137 officiorum
1396 2100 1444 2135 et
1474 2090 1535 2135 ad
1561 2106 1669 2145 pro-

40 2171 222 2217 ximum
247 2171 594 2228 pertinentium
619 2171 985 2224 recordatione,
1013 2169 1144 2226 apud
1170 2184 1257 2213 nos
1283 2169 1506 2223 letemur,
1535 2166 1662 2223 quip-

42 2265 99 2305 pe
123 2249 203 2306 qui
227 2249 507 2294 litterarum
532 2248 693 2293 adhuc
717 2248 889 2293 studiis
915 2246 1144 2302 occupati
1170 2246 1226 2291 iis
1251 2246 1399 2290 rebus
1433 2243 1665 2299 animum,

43 2327 121 2372 vel
156 2326 305 2371 etiam
342 2327 539 2371 volente
574 2326 641 2371 ita
679 2325 845 2375 Patre,
885 2324 1139 2369 intendere
1174 2337 1492 2379 nequeamus.
1522 2320 1672 2366 Pater

42 2413 211 2450 noster
235 2403 486 2460 ceterique
511 2403 699 2449 fratres
724 2419 911 2459 omnes,
939 2405 1061 2449 bene
1093 2401 1294 2447 fauente
1330 2400 1455 2453 DeO,
1483 2399 1672 2456 precla-

44 2497 97 2527 re
119 2497 209 2527 nos
234 2482 489 2538 habemus,
518 2498 705 2538 nosque
742 2498 837 2526 vno
873 2481 1036 2526 animo
1063 2481 1158 2525 tuis
1182 2495 1241 2524 ac
1266 2488 1552 2523 ceterorum
1585 2476 1673 2521 Pa-

45 2566 172 2603 trum
212 2557 536 2604 sanctissimis
577 2558 806 2615 precibus
839 2555 1306 2603 cmnmendatissimi
1344 2553 1515 2599 haberi
1550 2553 1673 2598 desi-

47 2635 295 2693 deramus,
333 2645 386 2681 vt
422 2652 532 2681 cum
574 2635 664 2681 illis
701 2636 900 2681 labores
936 2633 1136 2692 quosuis
1171 2633 1251 2688 qui
1287 2633 1330 2676 in
1368 2631 1460 2676 Dei
1495 2631 1673 2676 cedant

45 2713 272 2769 gloriam,
295 2713 339 2758 in
377 2713 589 2770 proximi
624 2714 834 2759 salutem
871 2711 1161 2760 redundent.
1189 2710 1371 2761 subire,
1400 2724 1491 2753 nec
1525 2708 1671 2753 facile

46 2791 182 2836 oneri
223 2791 548 2837 succumbere
582 2791 838 2847 possimus.
889 2790 1031 2834 Vale.
1080 2787 1305 2832 Lutetiae
1350 2785 1669 2835 Parisiorum,

47 2869 261 2914 secundo
287 2868 362 2913 die
382 2867 634 2913 Octobris.
663 2867 724 2913 R.
751 2867 800 2913 P.
824 2866 880 2912 T.
908 2864 1274 2921 indignissimus
1298 2863 1343 2908 in
1368 2863 1499 2920 Xpo.
1528 2861 1670 2915 filius,

953 2967 1194 3012 Canorus
1227 2965 1486 3010 SAGERms
1523 2966 1551 3010 ¹.

96 3113 106 3132 ¹
156 3112 265 3149 Vide
285 3125 379 3160 pag.
399 3111 482 3157 365,
503 3116 640 3148 annot.
659 3110 693 3148 2.
