<?xml version="1.0" encoding="UTF-8"?>
<!DOCTYPE html PUBLIC "-//W3C//DTD XHTML 1.0 Transitional//EN"
    "http://www.w3.org/TR/xhtml1/DTD/xhtml1-transitional.dtd">
<html xmlns="http://www.w3.org/1999/xhtml" xml:lang="en" lang="en">
 <head>
  <title>
</title>
<meta http-equiv="Content-Type" content="text/html;charset=utf-8" />
  <meta name='ocr-system' content='tesseract 3.04.00' />
  <meta name='ocr-capabilities' content='ocr_page ocr_carea ocr_par ocr_line ocrx_word'/>
</head>
<body>
  <div class='ocr_page' id='page_1' title='image "./litteraequadrime1705lain_0702.png"; bbox 0 0 1909 3328; ppageno 0'>
   <div class='ocr_carea' id='block_1_1' title="bbox 268 301 1335 349">
    <p class='ocr_par' dir='ltr' id='par_1_1' title="bbox 268 301 1335 349">
     <span class='ocr_line' id='line_1_1' title="bbox 268 301 1335 349; baseline 0.006 -12"><span class='ocrx_word' id='word_1_1' title='bbox 268 301 338 337; x_wconf 79' lang='lat'>670</span> <span class='ocrx_word' id='word_1_2' title='bbox 739 303 953 340; x_wconf 78' lang='lat' dir='ltr'>LITTERAE</span> <span class='ocrx_word' id='word_1_3' title='bbox 980 304 1335 349; x_wconf 79' lang='lat' dir='ltr'><strong>QUADRIMESTRES</strong></span> 
     </span>
    </p>
   </div>
   <div class='ocr_carea' id='block_1_2' title="bbox 211 400 1853 2866">
    <p class='ocr_par' dir='ltr' id='par_1_2' title="bbox 214 400 1853 1856">
     <span class='ocr_line' id='line_1_2' title="bbox 222 400 1853 461; baseline 0.006 -20"><span class='ocrx_word' id='word_1_4' title='bbox 222 413 571 455; x_wconf 80' lang='lat' dir='ltr'>nonnunquam</span> <span class='ocrx_word' id='word_1_5' title='bbox 595 406 612 426; x_wconf 57' lang='grc' dir='ltr'>ἃ</span> <span class='ocrx_word' id='word_1_6' title='bbox 640 400 785 445; x_wconf 89' lang='lat' dir='ltr'>etiam</span> <span class='ocrx_word' id='word_1_7' title='bbox 811 411 925 446; x_wconf 87' lang='lat' dir='ltr'>ante</span> <span class='ocrx_word' id='word_1_8' title='bbox 949 418 1009 447; x_wconf 92' lang='lat' dir='ltr'>ea</span> <span class='ocrx_word' id='word_1_9' title='bbox 1034 418 1208 459; x_wconf 77' lang='lat' dir='ltr'>preces</span> <span class='ocrx_word' id='word_1_10' title='bbox 1237 404 1423 461; x_wconf 81' lang='lat' dir='ltr'>aliquot</span> <span class='ocrx_word' id='word_1_11' title='bbox 1447 414 1645 450; x_wconf 88' lang='lat' dir='ltr'>canunt.</span> <span class='ocrx_word' id='word_1_12' title='bbox 1669 403 1853 452; x_wconf 80' lang='lat' dir='ltr'>Omnes</span> 
     </span>
     <span class='ocr_line' id='line_1_3' title="bbox 222 475 1852 539; baseline 0.006 -20"><span class='ocrx_word' id='word_1_13' title='bbox 222 475 428 531; x_wconf 87' lang='lat' dir='ltr'>singulis</span> <span class='ocrx_word' id='word_1_14' title='bbox 452 478 702 524; x_wconf 90' lang='lat' dir='ltr'>mensibus</span> <span class='ocrx_word' id='word_1_15' title='bbox 739 480 970 525; x_wconf 71' lang='lat' dir='ltr'>Patribus</span> <span class='ocrx_word' id='word_1_16' title='bbox 1004 481 1315 539; x_wconf 83' lang='lat' dir='ltr'>confitentur,</span> <span class='ocrx_word' id='word_1_17' title='bbox 1353 492 1400 528; x_wconf 92' lang='lat' dir='ltr'>et</span> <span class='ocrx_word' id='word_1_18' title='bbox 1434 482 1558 528; x_wconf 91' lang='lat' dir='ltr'>alios</span> <span class='ocrx_word' id='word_1_19' title='bbox 1591 499 1757 528; x_wconf 90' lang='lat' dir='ltr'>secum</span> <span class='ocrx_word' id='word_1_20' title='bbox 1791 484 1852 529; x_wconf 91' lang='lat' dir='ltr'>ad</span> 
     </span>
     <span class='ocr_line' id='line_1_4' title="bbox 222 553 1853 618; baseline 0.006 -21"><span class='ocrx_word' id='word_1_21' title='bbox 222 553 583 600; x_wconf 79' lang='lat' dir='ltr'>confessionem</span> <span class='ocrx_word' id='word_1_22' title='bbox 607 555 857 602; x_wconf 90' lang='lat' dir='ltr'>adducunt</span> <span class='ocrx_word' id='word_1_23' title='bbox 881 558 1014 611; x_wconf 90' lang='lat' dir='ltr'>(nam</span> <span class='ocrx_word' id='word_1_24' title='bbox 1039 559 1098 604; x_wconf 92' lang='lat' dir='ltr'>de</span> <span class='ocrx_word' id='word_1_25' title='bbox 1122 559 1405 605; x_wconf 78' lang='lat' dir='ltr'>domesticis</span> <span class='ocrx_word' id='word_1_26' title='bbox 1431 569 1479 605; x_wconf 93' lang='lat' dir='ltr'>et</span> <span class='ocrx_word' id='word_1_27' title='bbox 1503 560 1627 618; x_wconf 88' lang='lat' dir='ltr'>aliis,</span> <span class='ocrx_word' id='word_1_28' title='bbox 1655 561 1735 617; x_wconf 90' lang='lat' dir='ltr'>qui</span> <span class='ocrx_word' id='word_1_29' title='bbox 1768 571 1853 607; x_wconf 92' lang='lat' dir='ltr'>aut</span> 
     </span>
     <span class='ocr_line' id='line_1_5' title="bbox 221 634 1852 695; baseline 0.006 -20"><span class='ocrx_word' id='word_1_30' title='bbox 221 641 404 677; x_wconf 79' lang='lat' dir='ltr'>octauo</span> <span class='ocrx_word' id='word_1_31' title='bbox 429 648 622 689; x_wconf 88' lang='lat' dir='ltr'>quoque</span> <span class='ocrx_word' id='word_1_32' title='bbox 647 634 721 679; x_wconf 91' lang='lat' dir='ltr'>die</span> <span class='ocrx_word' id='word_1_33' title='bbox 747 646 830 680; x_wconf 88' lang='lat' dir='ltr'>aut</span> <span class='ocrx_word' id='word_1_34' title='bbox 861 636 1037 681; x_wconf 90' lang='lat' dir='ltr'>saltem</span> <span class='ocrx_word' id='word_1_35' title='bbox 1060 636 1350 693; x_wconf 80' lang='lat' dir='ltr'>frequenter</span> <span class='ocrx_word' id='word_1_36' title='bbox 1373 637 1687 695; x_wconf 85' lang='lat' dir='ltr'>confitentur,</span> <span class='ocrx_word' id='word_1_37' title='bbox 1724 654 1852 684; x_wconf 88' lang='lat' dir='ltr'>nunc</span> 
     </span>
     <span class='ocr_line' id='line_1_6' title="bbox 221 709 1850 773; baseline 0.005 -20"><span class='ocrx_word' id='word_1_38' title='bbox 221 709 371 767; x_wconf 82' lang='lat' dir='ltr'>nihil);</span> <span class='ocrx_word' id='word_1_39' title='bbox 400 709 551 756; x_wconf 89' lang='lat' dir='ltr'>libros</span> <span class='ocrx_word' id='word_1_40' title='bbox 576 711 947 758; x_wconf 85' lang='lat' dir='ltr'>haereticorum</span> <span class='ocrx_word' id='word_1_41' title='bbox 972 729 1067 759; x_wconf 91' lang='lat' dir='ltr'>non</span> <span class='ocrx_word' id='word_1_42' title='bbox 1093 715 1278 772; x_wconf 91' lang='lat' dir='ltr'>legunt,</span> <span class='ocrx_word' id='word_1_43' title='bbox 1306 716 1392 760; x_wconf 90' lang='lat' dir='ltr'>sed</span> <span class='ocrx_word' id='word_1_44' title='bbox 1416 716 1732 773; x_wconf 84' lang='lat' dir='ltr'>comburunt;</span> <span class='ocrx_word' id='word_1_45' title='bbox 1770 716 1850 761; x_wconf 92' lang='lat' dir='ltr'>do-</span> 
     </span>
     <span class='ocr_line' id='line_1_7' title="bbox 221 787 1851 847; baseline 0.005 -16"><span class='ocrx_word' id='word_1_46' title='bbox 221 787 409 832; x_wconf 89' lang='lat' dir='ltr'>mestici</span> <span class='ocrx_word' id='word_1_47' title='bbox 429 804 489 834; x_wconf 88' lang='lat' dir='ltr'>ne</span> <span class='ocrx_word' id='word_1_48' title='bbox 512 789 708 835; x_wconf 85' lang='lat' dir='ltr'>Erasmi</span> <span class='ocrx_word' id='word_1_49' title='bbox 728 792 921 847; x_wconf 88' lang='lat' dir='ltr'>quidem</span> <span class='ocrx_word' id='word_1_50' title='bbox 940 792 1075 838; x_wconf 90' lang='lat' dir='ltr'>libris</span> <span class='ocrx_word' id='word_1_51' title='bbox 1095 802 1318 838; x_wconf 90' lang='lat' dir='ltr'>utuntur.</span> <span class='ocrx_word' id='word_1_52' title='bbox 1340 793 1518 839; x_wconf 80' lang='lat' dir='ltr'>Amice</span> <span class='ocrx_word' id='word_1_53' title='bbox 1535 809 1705 839; x_wconf 89' lang='lat' dir='ltr'>omnes</span> <span class='ocrx_word' id='word_1_54' title='bbox 1724 794 1851 840; x_wconf 90' lang='lat' dir='ltr'>inter</span> 
     </span>
     <span class='ocr_line' id='line_1_8' title="bbox 219 864 1850 927; baseline 0.005 -19"><span class='ocrx_word' id='word_1_55' title='bbox 219 879 272 908; x_wconf 88' lang='lat' dir='ltr'>se</span> <span class='ocrx_word' id='word_1_56' title='bbox 297 864 484 923; x_wconf 91' lang='lat' dir='ltr'>uiuunt,</span> <span class='ocrx_word' id='word_1_57' title='bbox 512 882 607 912; x_wconf 90' lang='lat' dir='ltr'>non</span> <span class='ocrx_word' id='word_1_58' title='bbox 632 868 777 913; x_wconf 90' lang='lat' dir='ltr'>aliter</span> <span class='ocrx_word' id='word_1_59' title='bbox 802 878 950 926; x_wconf 89' lang='lat' dir='ltr'>atque</span> <span class='ocrx_word' id='word_1_60' title='bbox 975 870 1014 914; x_wconf 92' lang='lat' dir='ltr'>si</span> <span class='ocrx_word' id='word_1_61' title='bbox 1039 870 1180 915; x_wconf 87' lang='lat' dir='ltr'>unius</span> <span class='ocrx_word' id='word_1_62' title='bbox 1215 880 1379 916; x_wconf 81' lang='lat' dir='ltr'>essent</span> <span class='ocrx_word' id='word_1_63' title='bbox 1414 871 1571 927; x_wconf 88' lang='lat' dir='ltr'>patris</span> <span class='ocrx_word' id='word_1_64' title='bbox 1606 870 1703 916; x_wconf 85' lang='lat' dir='ltr'>filii.</span> <span class='ocrx_word' id='word_1_65' title='bbox 1731 871 1850 916; x_wconf 72' lang='lat' dir='ltr'>Mul-</span> 
     </span>
     <span class='ocr_line' id='line_1_9' title="bbox 219 943 1850 1006; baseline 0.006 -20"><span class='ocrx_word' id='word_1_66' title='bbox 219 953 321 987; x_wconf 90' lang='lat' dir='ltr'>tum</span> <span class='ocrx_word' id='word_1_67' title='bbox 342 943 530 989; x_wconf 89' lang='lat' dir='ltr'>uicinos</span> <span class='ocrx_word' id='word_1_68' title='bbox 546 954 594 990; x_wconf 93' lang='lat' dir='ltr'>et</span> <span class='ocrx_word' id='word_1_69' title='bbox 610 961 781 991; x_wconf 90' lang='lat' dir='ltr'>omnes</span> <span class='ocrx_word' id='word_1_70' title='bbox 800 946 1080 1004; x_wconf 86' lang='lat' dir='ltr'>aedificant;</span> <span class='ocrx_word' id='word_1_71' title='bbox 1103 964 1195 994; x_wconf 94' lang='lat' dir='ltr'>nec</span> <span class='ocrx_word' id='word_1_72' title='bbox 1214 949 1408 1006; x_wconf 90' lang='lat' dir='ltr'>mirum,</span> <span class='ocrx_word' id='word_1_73' title='bbox 1430 948 1708 995; x_wconf 79' lang='lat' dir='ltr'>reformata</span> <span class='ocrx_word' id='word_1_74' title='bbox 1724 949 1850 994; x_wconf 89' lang='lat' dir='ltr'>enim</span> 
     </span>
     <span class='ocr_line' id='line_1_10' title="bbox 220 1021 1847 1082; baseline 0.006 -19"><span class='ocrx_word' id='word_1_75' title='bbox 220 1021 465 1076; x_wconf 81' lang='lat' dir='ltr'>quaedam</span> <span class='ocrx_word' id='word_1_76' title='bbox 491 1021 719 1069; x_wconf 88' lang='lat' dir='ltr'>iuuentus</span> <span class='ocrx_word' id='word_1_77' title='bbox 746 1024 956 1082; x_wconf 89' lang='lat' dir='ltr'>uidetur,</span> <span class='ocrx_word' id='word_1_78' title='bbox 995 1025 1200 1071; x_wconf 91' lang='lat' dir='ltr'>multum</span> <span class='ocrx_word' id='word_1_79' title='bbox 1231 1027 1294 1072; x_wconf 94' lang='lat' dir='ltr'>ab</span> <span class='ocrx_word' id='word_1_80' title='bbox 1319 1026 1529 1071; x_wconf 90' lang='lat' dir='ltr'>aliarum</span> <span class='ocrx_word' id='word_1_81' title='bbox 1564 1026 1847 1072; x_wconf 90' lang='lat' dir='ltr'>scholarum</span> 
     </span>
     <span class='ocr_line' id='line_1_11' title="bbox 219 1096 1845 1162; baseline 0.005 -21"><span class='ocrx_word' id='word_1_82' title='bbox 219 1096 476 1144; x_wconf 88' lang='lat' dir='ltr'>iuuenibus</span> <span class='ocrx_word' id='word_1_83' title='bbox 516 1100 720 1146; x_wconf 89' lang='lat' dir='ltr'>distans.</span> <span class='ocrx_word' id='word_1_84' title='bbox 753 1100 806 1146; x_wconf 86' lang='lat' dir='ltr'>Id</span> <span class='ocrx_word' id='word_1_85' title='bbox 837 1102 967 1158; x_wconf 86' lang='lat' dir='ltr'>quod</span> <span class='ocrx_word' id='word_1_86' title='bbox 1001 1113 1234 1158; x_wconf 85' lang='lat' dir='ltr'>parentes</span> <span class='ocrx_word' id='word_1_87' title='bbox 1269 1104 1393 1149; x_wconf 92' lang='lat' dir='ltr'>bene</span> <span class='ocrx_word' id='word_1_88' title='bbox 1428 1104 1845 1162; x_wconf 91' lang='lat' dir='ltr'>animaduertunt,</span> 
     </span>
     <span class='ocr_line' id='line_1_12' title="bbox 217 1176 1847 1236; baseline 0.005 -17"><span class='ocrx_word' id='word_1_89' title='bbox 217 1185 265 1221; x_wconf 91' lang='lat' dir='ltr'>et</span> <span class='ocrx_word' id='word_1_90' title='bbox 290 1176 554 1231; x_wconf 88' lang='lat' dir='ltr'>plurimum</span> <span class='ocrx_word' id='word_1_91' title='bbox 579 1188 848 1235; x_wconf 89' lang='lat' dir='ltr'>propterea</span> <span class='ocrx_word' id='word_1_92' title='bbox 872 1180 1108 1236; x_wconf 77' lang='lat' dir='ltr'>gaudent.</span> <span class='ocrx_word' id='word_1_93' title='bbox 1137 1181 1436 1227; x_wconf 81' lang='lat' dir='ltr'>Benedictus</span> <span class='ocrx_word' id='word_1_94' title='bbox 1462 1181 1600 1227; x_wconf 89' lang='lat' dir='ltr'>Deus</span> <span class='ocrx_word' id='word_1_95' title='bbox 1631 1181 1847 1226; x_wconf 84' lang='lat' dir='ltr'>omnium</span> 
     </span>
     <span class='ocr_line' id='line_1_13' title="bbox 218 1253 1843 1316; baseline 0.004 -19"><span class='ocrx_word' id='word_1_96' title='bbox 218 1253 461 1299; x_wconf 89' lang='lat' dir='ltr'>bonorum</span> <span class='ocrx_word' id='word_1_97' title='bbox 487 1255 718 1312; x_wconf 88' lang='lat' dir='ltr'>largitor,</span> <span class='ocrx_word' id='word_1_98' title='bbox 742 1257 822 1313; x_wconf 92' lang='lat' dir='ltr'>qui</span> <span class='ocrx_word' id='word_1_99' title='bbox 847 1258 1258 1314; x_wconf 81' lang='lat' dir='ltr'>praeceptoribus</span> <span class='ocrx_word' id='word_1_100' title='bbox 1284 1259 1411 1304; x_wconf 92' lang='lat' dir='ltr'>hanc</span> <span class='ocrx_word' id='word_1_101' title='bbox 1435 1258 1588 1304; x_wconf 90' lang='lat' dir='ltr'>donat</span> <span class='ocrx_word' id='word_1_102' title='bbox 1611 1259 1843 1316; x_wconf 90' lang='lat' dir='ltr'>gratiam,</span> 
     </span>
     <span class='ocr_line' id='line_1_14' title="bbox 216 1331 1843 1395; baseline 0.006 -21"><span class='ocrx_word' id='word_1_103' title='bbox 216 1340 269 1375; x_wconf 90' lang='lat' dir='ltr'>ut</span> <span class='ocrx_word' id='word_1_104' title='bbox 293 1331 338 1375; x_wconf 89' lang='lat' dir='ltr'>in</span> <span class='ocrx_word' id='word_1_105' title='bbox 358 1331 566 1388; x_wconf 86' lang='lat' dir='ltr'>singulis</span> <span class='ocrx_word' id='word_1_106' title='bbox 590 1349 716 1390; x_wconf 90' lang='lat' dir='ltr'>pene</span> <span class='ocrx_word' id='word_1_107' title='bbox 741 1335 1051 1392; x_wconf 89' lang='lat' dir='ltr'>lectionibus,</span> <span class='ocrx_word' id='word_1_108' title='bbox 1080 1336 1306 1394; x_wconf 89' lang='lat' dir='ltr'>quamuis</span> <span class='ocrx_word' id='word_1_109' title='bbox 1332 1337 1591 1394; x_wconf 87' lang='lat' dir='ltr'>prophana</span> <span class='ocrx_word' id='word_1_110' title='bbox 1615 1337 1843 1395; x_wconf 91' lang='lat' dir='ltr'>doceant,</span> 
     </span>
     <span class='ocr_line' id='line_1_15' title="bbox 216 1408 1844 1472; baseline 0.005 -20"><span class='ocrx_word' id='word_1_111' title='bbox 216 1408 524 1455; x_wconf 87' lang='lat' dir='ltr'>admisceant</span> <span class='ocrx_word' id='word_1_112' title='bbox 558 1419 725 1457; x_wconf 92' lang='lat' dir='ltr'>tamen</span> <span class='ocrx_word' id='word_1_113' title='bbox 762 1412 990 1470; x_wconf 87' lang='lat' dir='ltr'>plurima,</span> <span class='ocrx_word' id='word_1_114' title='bbox 1028 1412 1202 1470; x_wconf 90' lang='lat' dir='ltr'>quibus</span> <span class='ocrx_word' id='word_1_115' title='bbox 1237 1414 1314 1459; x_wconf 93' lang='lat' dir='ltr'>uel</span> <span class='ocrx_word' id='word_1_116' title='bbox 1349 1429 1516 1459; x_wconf 91' lang='lat' dir='ltr'>mores</span> <span class='ocrx_word' id='word_1_117' title='bbox 1549 1414 1844 1472; x_wconf 77' lang='lat' dir='ltr'>formentur,</span> 
     </span>
     <span class='ocr_line' id='line_1_16' title="bbox 216 1487 1847 1546; baseline 0.005 -16"><span class='ocrx_word' id='word_1_118' title='bbox 216 1487 294 1530; x_wconf 88' lang='lat' dir='ltr'>uel</span> <span class='ocrx_word' id='word_1_119' title='bbox 320 1487 477 1542; x_wconf 91' lang='lat' dir='ltr'>pietas</span> <span class='ocrx_word' id='word_1_120' title='bbox 502 1498 768 1546; x_wconf 77' lang='lat' dir='ltr'>augeatur,</span> <span class='ocrx_word' id='word_1_121' title='bbox 791 1490 870 1535; x_wconf 93' lang='lat' dir='ltr'>uel</span> <span class='ocrx_word' id='word_1_122' title='bbox 896 1490 941 1534; x_wconf 90' lang='lat' dir='ltr'>in</span> <span class='ocrx_word' id='word_1_123' title='bbox 965 1489 1059 1535; x_wconf 92' lang='lat' dir='ltr'>fide</span> <span class='ocrx_word' id='word_1_124' title='bbox 1083 1489 1443 1537; x_wconf 89' lang='lat' dir='ltr'>confirmentur</span> <span class='ocrx_word' id='word_1_125' title='bbox 1466 1500 1514 1537; x_wconf 92' lang='lat' dir='ltr'>et</span> <span class='ocrx_word' id='word_1_126' title='bbox 1539 1501 1715 1537; x_wconf 91' lang='lat' dir='ltr'>contra</span> <span class='ocrx_word' id='word_1_127' title='bbox 1734 1492 1847 1538; x_wconf 90' lang='lat' dir='ltr'>hae-</span> 
     </span>
     <span class='ocr_line' id='line_1_17' title="bbox 216 1563 1845 1628; baseline 0.005 -21"><span class='ocrx_word' id='word_1_128' title='bbox 216 1563 400 1608; x_wconf 89' lang='lat' dir='ltr'>reticos</span> <span class='ocrx_word' id='word_1_129' title='bbox 424 1564 804 1612; x_wconf 88' lang='lat' dir='ltr'>inflammentur.</span> <span class='ocrx_word' id='word_1_130' title='bbox 834 1567 1024 1624; x_wconf 84' lang='lat' dir='ltr'>Quibus</span> <span class='ocrx_word' id='word_1_131' title='bbox 1050 1568 1292 1625; x_wconf 88' lang='lat' dir='ltr'>omnibus,</span> <span class='ocrx_word' id='word_1_132' title='bbox 1315 1578 1363 1614; x_wconf 92' lang='lat' dir='ltr'>et</span> <span class='ocrx_word' id='word_1_133' title='bbox 1380 1569 1611 1614; x_wconf 86' lang='lat' dir='ltr'>iuuentus</span> <span class='ocrx_word' id='word_1_134' title='bbox 1630 1570 1845 1628; x_wconf 86' lang='lat' dir='ltr'>iuuatur,</span> 
     </span>
     <span class='ocr_line' id='line_1_18' title="bbox 216 1640 1849 1703; baseline 0.005 -19"><span class='ocrx_word' id='word_1_135' title='bbox 216 1648 263 1685; x_wconf 93' lang='lat' dir='ltr'>et</span> <span class='ocrx_word' id='word_1_136' title='bbox 287 1640 425 1686; x_wconf 90' lang='lat' dir='ltr'>Deus</span> <span class='ocrx_word' id='word_1_137' title='bbox 451 1642 697 1700; x_wconf 80' lang='lat' dir='ltr'>laudatur,</span> <span class='ocrx_word' id='word_1_138' title='bbox 727 1654 773 1688; x_wconf 88' lang='lat' dir='ltr'>et</span> <span class='ocrx_word' id='word_1_139' title='bbox 797 1644 1175 1702; x_wconf 89' lang='lat' dir='ltr'>archiepiscopi,</span> <span class='ocrx_word' id='word_1_140' title='bbox 1197 1654 1417 1703; x_wconf 91' lang='lat' dir='ltr'>senatus,</span> <span class='ocrx_word' id='word_1_141' title='bbox 1445 1647 1784 1692; x_wconf 88' lang='lat' dir='ltr'>vniuersitatis</span> <span class='ocrx_word' id='word_1_142' title='bbox 1802 1656 1849 1692; x_wconf 92' lang='lat' dir='ltr'>et</span> 
     </span>
     <span class='ocr_line' id='line_1_19' title="bbox 215 1717 1844 1781; baseline 0.006 -20"><span class='ocrx_word' id='word_1_143' title='bbox 215 1717 490 1763; x_wconf 90' lang='lat' dir='ltr'>uicinorum</span> <span class='ocrx_word' id='word_1_144' title='bbox 514 1720 729 1765; x_wconf 89' lang='lat' dir='ltr'>omnium</span> <span class='ocrx_word' id='word_1_145' title='bbox 754 1720 900 1766; x_wconf 80' lang='lat' dir='ltr'>fauor</span> <span class='ocrx_word' id='word_1_146' title='bbox 929 1720 1170 1768; x_wconf 84' lang='lat' dir='ltr'>Societati</span> <span class='ocrx_word' id='word_1_147' title='bbox 1201 1723 1512 1781; x_wconf 80' lang='lat' dir='ltr'>conciliatur3</span> <span class='ocrx_word' id='word_1_148' title='bbox 1541 1739 1636 1781; x_wconf 91' lang='lat' dir='ltr'>quo</span> <span class='ocrx_word' id='word_1_149' title='bbox 1661 1724 1844 1780; x_wconf 75' lang='lat' dir='ltr'>habim,</span> 
     </span>
     <span class='ocr_line' id='line_1_20' title="bbox 214 1797 1334 1856; baseline 0.005 -17"><span class='ocrx_word' id='word_1_150' title='bbox 214 1810 309 1839; x_wconf 93' lang='lat' dir='ltr'>non</span> <span class='ocrx_word' id='word_1_151' title='bbox 336 1810 493 1851; x_wconf 89' lang='lat' dir='ltr'>pauca</span> <span class='ocrx_word' id='word_1_152' title='bbox 518 1797 667 1842; x_wconf 88' lang='lat' dir='ltr'>etiam</span> <span class='ocrx_word' id='word_1_153' title='bbox 693 1807 840 1843; x_wconf 85' lang='lat' dir='ltr'>extra</span> <span class='ocrx_word' id='word_1_154' title='bbox 865 1798 1130 1856; x_wconf 80' lang='lat' dir='ltr'>collegium</span> <span class='ocrx_word' id='word_1_155' title='bbox 1154 1799 1274 1845; x_wconf 88' lang='lat' dir='ltr'>fiunt</span> <span class='ocrx_word' id='word_1_156' title='bbox 1298 1800 1334 1846; x_wconf 72' lang='lat' dir='ltr'>b.</span> 
     </span>
    </p>

    <p class='ocr_par' dir='ltr' id='par_1_3' title="bbox 211 1872 1846 2866">
     <span class='ocr_line' id='line_1_21' title="bbox 272 1872 1846 1934; baseline 0.004 -17"><span class='ocrx_word' id='word_1_157' title='bbox 272 1872 313 1917; x_wconf 82' lang='lat'>7.</span> <span class='ocrx_word' id='word_1_158' title='bbox 380 1872 619 1919; x_wconf 87' lang='lat' dir='ltr'>Facultas</span> <span class='ocrx_word' id='word_1_159' title='bbox 644 1874 772 1919; x_wconf 90' lang='lat' dir='ltr'>enim</span> <span class='ocrx_word' id='word_1_160' title='bbox 797 1875 1082 1932; x_wconf 91' lang='lat' dir='ltr'>theologica</span> <span class='ocrx_word' id='word_1_161' title='bbox 1107 1892 1234 1933; x_wconf 91' lang='lat' dir='ltr'>quae</span> <span class='ocrx_word' id='word_1_162' title='bbox 1258 1878 1338 1922; x_wconf 91' lang='lat' dir='ltr'>uel</span> <span class='ocrx_word' id='word_1_163' title='bbox 1364 1877 1585 1934; x_wconf 87' lang='lat' dir='ltr'>inprimis</span> <span class='ocrx_word' id='word_1_164' title='bbox 1605 1878 1682 1923; x_wconf 92' lang='lat' dir='ltr'>hic</span> <span class='ocrx_word' id='word_1_165' title='bbox 1705 1877 1846 1923; x_wconf 92' lang='lat' dir='ltr'>flore-</span> 
     </span>
     <span class='ocr_line' id='line_1_22' title="bbox 214 1949 1844 2012; baseline 0.005 -18"><span class='ocrx_word' id='word_1_166' title='bbox 214 1965 268 1994; x_wconf 90' lang='lat' dir='ltr'>re</span> <span class='ocrx_word' id='word_1_167' title='bbox 293 1949 522 2003; x_wconf 82' lang='lat' dir='ltr'>debebat,</span> <span class='ocrx_word' id='word_1_168' title='bbox 550 1966 756 2007; x_wconf 88' lang='lat' dir='ltr'>prorsus</span> <span class='ocrx_word' id='word_1_169' title='bbox 791 1953 1012 2009; x_wconf 87' lang='lat' dir='ltr'>collapsa</span> <span class='ocrx_word' id='word_1_170' title='bbox 1047 1965 1172 2012; x_wconf 86' lang='lat' dir='ltr'>erat;</span> <span class='ocrx_word' id='word_1_171' title='bbox 1210 1970 1340 2000; x_wconf 92' lang='lat' dir='ltr'>nunc</span> <span class='ocrx_word' id='word_1_172' title='bbox 1374 1955 1420 2000; x_wconf 91' lang='lat' dir='ltr'>in</span> <span class='ocrx_word' id='word_1_173' title='bbox 1459 1955 1709 2012; x_wconf 88' lang='lat' dir='ltr'>integrum</span> <span class='ocrx_word' id='word_1_174' title='bbox 1743 1972 1844 2001; x_wconf 89' lang='lat' dir='ltr'>rur-</span> 
     </span>
     <span class='ocr_line' id='line_1_23' title="bbox 212 2028 1844 2090; baseline 0.004 -18"><span class='ocrx_word' id='word_1_175' title='bbox 212 2042 320 2072; x_wconf 90' lang='lat' dir='ltr'>sum</span> <span class='ocrx_word' id='word_1_176' title='bbox 347 2028 590 2074; x_wconf 84' lang='lat' dir='ltr'>restituta.</span> <span class='ocrx_word' id='word_1_177' title='bbox 619 2028 804 2075; x_wconf 83' lang='lat' dir='ltr'>Schola</span> <span class='ocrx_word' id='word_1_178' title='bbox 835 2040 1080 2077; x_wconf 91' lang='lat' dir='ltr'>renouata</span> <span class='ocrx_word' id='word_1_179' title='bbox 1104 2040 1195 2088; x_wconf 88' lang='lat' dir='ltr'>est,</span> <span class='ocrx_word' id='word_1_180' title='bbox 1234 2033 1450 2078; x_wconf 90' lang='lat' dir='ltr'>lectores</span> <span class='ocrx_word' id='word_1_181' title='bbox 1484 2042 1700 2090; x_wconf 90' lang='lat' dir='ltr'>quatuor</span> <span class='ocrx_word' id='word_1_182' title='bbox 1733 2049 1844 2079; x_wconf 91' lang='lat' dir='ltr'>con·</span> 
     </span>
     <span class='ocr_line' id='line_1_24' title="bbox 212 2105 1844 2163; baseline 0.004 -13"><span class='ocrx_word' id='word_1_183' title='bbox 212 2105 368 2150; x_wconf 89' lang='lat' dir='ltr'>stituti</span> <span class='ocrx_word' id='word_1_184' title='bbox 392 2116 520 2162; x_wconf 92' lang='lat' dir='ltr'>sunt,</span> <span class='ocrx_word' id='word_1_185' title='bbox 548 2106 813 2163; x_wconf 90' lang='lat' dir='ltr'>disputatio</span> <span class='ocrx_word' id='word_1_186' title='bbox 837 2107 954 2153; x_wconf 91' lang='lat' dir='ltr'>item</span> <span class='ocrx_word' id='word_1_187' title='bbox 979 2109 1351 2155; x_wconf 90' lang='lat' dir='ltr'>hebdomadalis</span> <span class='ocrx_word' id='word_1_188' title='bbox 1377 2120 1425 2156; x_wconf 90' lang='lat' dir='ltr'>et</span> <span class='ocrx_word' id='word_1_189' title='bbox 1448 2126 1631 2156; x_wconf 90' lang='lat' dir='ltr'>nouum</span> <span class='ocrx_word' id='word_1_190' title='bbox 1661 2111 1844 2156; x_wconf 91' lang='lat' dir='ltr'>theolo-</span> 
     </span>
     <span class='ocr_line' id='line_1_25' title="bbox 212 2185 1843 2246; baseline 0.004 -19"><span class='ocrx_word' id='word_1_191' title='bbox 212 2198 393 2238; x_wconf 89' lang='lat' dir='ltr'>gorum</span> <span class='ocrx_word' id='word_1_192' title='bbox 417 2193 640 2229; x_wconf 90' lang='lat' dir='ltr'>erectum</span> <span class='ocrx_word' id='word_1_193' title='bbox 665 2195 737 2230; x_wconf 91' lang='lat' dir='ltr'>est</span> <span class='ocrx_word' id='word_1_194' title='bbox 761 2185 1042 2242; x_wconf 83' lang='lat' dir='ltr'>collegium.</span> <span class='ocrx_word' id='word_1_195' title='bbox 1071 2186 1274 2232; x_wconf 86' lang='lat' dir='ltr'>Plurimi</span> <span class='ocrx_word' id='word_1_196' title='bbox 1297 2187 1344 2233; x_wconf 92' lang='lat' dir='ltr'>in</span> <span class='ocrx_word' id='word_1_197' title='bbox 1364 2188 1457 2233; x_wconf 88' lang='lat' dir='ltr'>hac</span> <span class='ocrx_word' id='word_1_198' title='bbox 1475 2188 1717 2234; x_wconf 80' lang='lat' dir='ltr'>facultate</span> <span class='ocrx_word' id='word_1_199' title='bbox 1735 2203 1843 2246; x_wconf 90' lang='lat' dir='ltr'>pro-</span> 
     </span>
     <span class='ocr_line' id='line_1_26' title="bbox 213 2260 1842 2323; baseline 0.004 -18"><span class='ocrx_word' id='word_1_200' title='bbox 213 2260 457 2306; x_wconf 91' lang='lat' dir='ltr'>motiones</span> <span class='ocrx_word' id='word_1_201' title='bbox 481 2261 769 2320; x_wconf 91' lang='lat' dir='ltr'>suscipiunt,</span> <span class='ocrx_word' id='word_1_202' title='bbox 793 2263 930 2308; x_wconf 92' lang='lat' dir='ltr'>multi</span> <span class='ocrx_word' id='word_1_203' title='bbox 950 2263 1013 2308; x_wconf 91' lang='lat' dir='ltr'>ad</span> <span class='ocrx_word' id='word_1_204' title='bbox 1034 2264 1167 2309; x_wconf 92' lang='lat' dir='ltr'>illam</span> <span class='ocrx_word' id='word_1_205' title='bbox 1187 2264 1405 2310; x_wconf 88' lang='lat' dir='ltr'>animum</span> <span class='ocrx_word' id='word_1_206' title='bbox 1425 2266 1677 2323; x_wconf 88' lang='lat' dir='ltr'>applicant</span> <span class='ocrx_word' id='word_1_207' title='bbox 1695 2273 1730 2312; x_wconf 76' lang='lat'>⁰.</span> <span class='ocrx_word' id='word_1_208' title='bbox 1751 2266 1842 2311; x_wconf 88' lang='lat' dir='ltr'>Fa-</span> 
     </span>
     <span class='ocr_line' id='line_1_27' title="bbox 212 2338 1843 2401; baseline 0.003 -19"><span class='ocrx_word' id='word_1_209' title='bbox 212 2338 372 2383; x_wconf 90' lang='lat' dir='ltr'>cultas</span> <span class='ocrx_word' id='word_1_210' title='bbox 396 2338 576 2384; x_wconf 88' lang='lat' dir='ltr'>artium</span> <span class='ocrx_word' id='word_1_211' title='bbox 601 2355 903 2397; x_wconf 87' lang='lat' dir='ltr'>quamquam</span> <span class='ocrx_word' id='word_1_212' title='bbox 927 2349 1176 2399; x_wconf 90' lang='lat' dir='ltr'>utcunque</span> <span class='ocrx_word' id='word_1_213' title='bbox 1201 2341 1428 2401; x_wconf 89' lang='lat' dir='ltr'>florebat,</span> <span class='ocrx_word' id='word_1_214' title='bbox 1456 2352 1622 2388; x_wconf 90' lang='lat' dir='ltr'>tamen</span> <span class='ocrx_word' id='word_1_215' title='bbox 1657 2353 1705 2389; x_wconf 91' lang='lat' dir='ltr'>et</span> <span class='ocrx_word' id='word_1_216' title='bbox 1738 2344 1843 2400; x_wconf 88' lang='lat' dir='ltr'>ipsa</span> 
     </span>
     <span class='ocr_line' id='line_1_28' title="bbox 211 2414 1842 2477; baseline 0.004 -17"><span class='ocrx_word' id='word_1_217' title='bbox 211 2414 572 2462; x_wconf 87' lang='lat' dir='ltr'>instauratione</span> <span class='ocrx_word' id='word_1_218' title='bbox 597 2417 812 2474; x_wconf 90' lang='lat' dir='ltr'>quadam</span> <span class='ocrx_word' id='word_1_219' title='bbox 838 2418 983 2463; x_wconf 91' lang='lat' dir='ltr'>ualde</span> <span class='ocrx_word' id='word_1_220' title='bbox 1007 2418 1276 2477; x_wconf 88' lang='lat' dir='ltr'>indigebat,</span> <span class='ocrx_word' id='word_1_221' title='bbox 1305 2436 1434 2476; x_wconf 90' lang='lat' dir='ltr'>quae</span> <span class='ocrx_word' id='word_1_222' title='bbox 1458 2430 1506 2466; x_wconf 91' lang='lat' dir='ltr'>et</span> <span class='ocrx_word' id='word_1_223' title='bbox 1529 2436 1626 2466; x_wconf 91' lang='lat' dir='ltr'>non</span> <span class='ocrx_word' id='word_1_224' title='bbox 1651 2420 1842 2466; x_wconf 84' lang='lat' dir='ltr'>modica</span> 
     </span>
     <span class='ocr_line' id='line_1_29' title="bbox 211 2492 1840 2551; baseline 0.002 -13"><span class='ocrx_word' id='word_1_225' title='bbox 211 2492 348 2539; x_wconf 78' lang='lat' dir='ltr'>facta</span> <span class='ocrx_word' id='word_1_226' title='bbox 373 2503 462 2539; x_wconf 89' lang='lat' dir='ltr'>est.</span> <span class='ocrx_word' id='word_1_227' title='bbox 490 2493 571 2539; x_wconf 88' lang='lat' dir='ltr'>Ad</span> <span class='ocrx_word' id='word_1_228' title='bbox 595 2495 909 2551; x_wconf 80' lang='lat' dir='ltr'>professores</span> <span class='ocrx_word' id='word_1_229' title='bbox 933 2496 1062 2540; x_wconf 90' lang='lat' dir='ltr'>enim</span> <span class='ocrx_word' id='word_1_230' title='bbox 1087 2506 1289 2542; x_wconf 89' lang='lat' dir='ltr'>senatus</span> <span class='ocrx_word' id='word_1_231' title='bbox 1322 2497 1518 2543; x_wconf 88' lang='lat' dir='ltr'>additus</span> <span class='ocrx_word' id='word_1_232' title='bbox 1551 2509 1624 2544; x_wconf 89' lang='lat' dir='ltr'>est</span> <span class='ocrx_word' id='word_1_233' title='bbox 1658 2497 1840 2543; x_wconf 89' lang='lat' dir='ltr'>mathe-</span> 
     </span>
     <span class='ocr_line' id='line_1_30' title="bbox 212 2571 1842 2632; baseline 0.003 -16"><span class='ocrx_word' id='word_1_234' title='bbox 212 2571 439 2629; x_wconf 90' lang='lat' dir='ltr'>maticus,</span> <span class='ocrx_word' id='word_1_235' title='bbox 466 2573 639 2618; x_wconf 87' lang='lat' dir='ltr'>doctus</span> <span class='ocrx_word' id='word_1_236' title='bbox 663 2573 808 2619; x_wconf 91' lang='lat' dir='ltr'>ualde</span> <span class='ocrx_word' id='word_1_237' title='bbox 841 2573 918 2618; x_wconf 91' lang='lat' dir='ltr'>uir</span> <span class='ocrx_word' id='word_1_238' title='bbox 945 2572 979 2618; x_wconf 73' lang='lat' dir='ltr'>d.</span> <span class='ocrx_word' id='word_1_239' title='bbox 1007 2574 1291 2632; x_wconf 89' lang='lat' dir='ltr'>Disputatio</span> <span class='ocrx_word' id='word_1_240' title='bbox 1325 2575 1697 2621; x_wconf 89' lang='lat' dir='ltr'>hebdomadalis</span> <span class='ocrx_word' id='word_1_241' title='bbox 1730 2590 1842 2620; x_wconf 91' lang='lat' dir='ltr'>non-</span> 
     </span>
     <span class='ocr_line' id='line_1_31' title="bbox 212 2649 1840 2711; baseline 0.003 -18"><span class='ocrx_word' id='word_1_242' title='bbox 212 2649 326 2694; x_wconf 93' lang='lat' dir='ltr'>nihil</span> <span class='ocrx_word' id='word_1_243' title='bbox 351 2650 572 2706; x_wconf 89' lang='lat' dir='ltr'>collapsa</span> <span class='ocrx_word' id='word_1_244' title='bbox 597 2660 724 2708; x_wconf 91' lang='lat' dir='ltr'>erat,</span> <span class='ocrx_word' id='word_1_245' title='bbox 752 2667 881 2697; x_wconf 89' lang='lat' dir='ltr'>nunc</span> <span class='ocrx_word' id='word_1_246' title='bbox 904 2652 1048 2708; x_wconf 88' lang='lat' dir='ltr'>plane</span> <span class='ocrx_word' id='word_1_247' title='bbox 1084 2652 1129 2697; x_wconf 94' lang='lat' dir='ltr'>in</span> <span class='ocrx_word' id='word_1_248' title='bbox 1164 2653 1414 2711; x_wconf 89' lang='lat' dir='ltr'>integrum</span> <span class='ocrx_word' id='word_1_249' title='bbox 1448 2653 1695 2700; x_wconf 88' lang='lat' dir='ltr'>restituta.</span> <span class='ocrx_word' id='word_1_250' title='bbox 1732 2653 1840 2698; x_wconf 86' lang='lat' dir='ltr'>Dis-</span> 
     </span>
     <span class='ocr_line' id='line_1_32' title="bbox 212 2726 1841 2788; baseline 0.002 -18"><span class='ocrx_word' id='word_1_251' title='bbox 212 2726 493 2781; x_wconf 90' lang='lat' dir='ltr'>putationes</span> <span class='ocrx_word' id='word_1_252' title='bbox 519 2727 980 2784; x_wconf 88' lang='lat' dir='ltr'>quadragesimales</span> <span class='ocrx_word' id='word_1_253' title='bbox 1014 2729 1190 2785; x_wconf 90' lang='lat' dir='ltr'>plenae</span> <span class='ocrx_word' id='word_1_254' title='bbox 1224 2739 1367 2775; x_wconf 89' lang='lat' dir='ltr'>erant</span> <span class='ocrx_word' id='word_1_255' title='bbox 1400 2730 1652 2788; x_wconf 78' lang='lat' dir='ltr'>abusibuS,</span> <span class='ocrx_word' id='word_1_256' title='bbox 1690 2730 1757 2776; x_wconf 87' lang='lat' dir='ltr'>ita</span> <span class='ocrx_word' id='word_1_257' title='bbox 1790 2738 1841 2774; x_wconf 91' lang='lat' dir='ltr'>ut</span> 
     </span>
     <span class='ocr_line' id='line_1_33' title="bbox 212 2803 1838 2866; baseline 0.002 -19"><span class='ocrx_word' id='word_1_258' title='bbox 212 2803 468 2859; x_wconf 90' lang='lat' dir='ltr'>litigarent</span> <span class='ocrx_word' id='word_1_259' title='bbox 492 2804 652 2861; x_wconf 89' lang='lat' dir='ltr'>potius</span> <span class='ocrx_word' id='word_1_260' title='bbox 678 2814 727 2851; x_wconf 91' lang='lat' dir='ltr'>et</span> <span class='ocrx_word' id='word_1_261' title='bbox 752 2814 1032 2863; x_wconf 86' lang='lat' dir='ltr'>pugnarent</span> <span class='ocrx_word' id='word_1_262' title='bbox 1057 2822 1204 2863; x_wconf 88' lang='lat' dir='ltr'>quam</span> <span class='ocrx_word' id='word_1_263' title='bbox 1229 2807 1556 2866; x_wconf 88' lang='lat' dir='ltr'>disputarent;</span> <span class='ocrx_word' id='word_1_264' title='bbox 1583 2808 1677 2853; x_wconf 95' lang='lat' dir='ltr'>hoc</span> <span class='ocrx_word' id='word_1_265' title='bbox 1711 2822 1838 2853; x_wconf 89' lang='lat' dir='ltr'>anno</span> 
     </span>
    </p>
   </div>
   <div class='ocr_carea' id='block_1_3' title="bbox 210 2946 1879 3171">
    <p class='ocr_par' dir='ltr' id='par_1_4' title="bbox 210 2946 1879 3171">
     <span class='ocr_line' id='line_1_34' title="bbox 258 2946 1879 2996; baseline 0.001 -13"><span class='ocrx_word' id='word_1_266' title='bbox 258 2953 275 2973; x_wconf 86' lang='lat' dir='ltr'>a</span> <span class='ocrx_word' id='word_1_267' title='bbox 307 2946 510 2984; x_wconf 77' lang='lat' dir='ltr'>Emenda</span> <span class='ocrx_word' id='word_1_268' title='bbox 540 2959 589 2984; x_wconf 86' lang='lat' dir='ltr'>ex</span> <span class='ocrx_word' id='word_1_269' title='bbox 614 2948 693 2985; x_wconf 75' lang='lat' dir='ltr'>lzoc</span> <span class='ocrx_word' id='word_1_270' title='bbox 721 2949 809 2985; x_wconf 84' lang='lat' dir='ltr'>loco</span> <span class='ocrx_word' id='word_1_271' title='bbox 836 2948 1144 2994; x_wconf 75' lang='lat' dir='ltr'>apographum</span> <span class='ocrx_word' id='word_1_272' title='bbox 1177 2950 1432 2994; x_wconf 52' lang='lat' dir='ltr'>coloniense,</span> <span class='ocrx_word' id='word_1_273' title='bbox 1452 2950 1571 2996; x_wconf 78' lang='lat' dir='ltr'>quod</span> <span class='ocrx_word' id='word_1_274' title='bbox 1595 2950 1726 2987; x_wconf 78' lang='lat' dir='ltr'>habet</span> <span class='ocrx_word' id='word_1_275' title='bbox 1743 2961 1839 2985; x_wconf 89' lang='lat' dir='ltr'>nun·</span> <span class='ocrx_word' id='word_1_276' title='bbox 1876 2977 1879 2980; x_wconf 32' lang='lat'><strong>⁴</strong></span> 
     </span>
     <span class='ocr_line' id='line_1_35' title="bbox 211 3006 1837 3053; baseline 0.002 -12"><span class='ocrx_word' id='word_1_277' title='bbox 211 3018 345 3052; x_wconf 82' lang='lat' dir='ltr'>quam,</span> <span class='ocrx_word' id='word_1_278' title='bbox 366 3006 556 3053; x_wconf 84' lang='lat' dir='ltr'>HANSEN,</span> <span class='ocrx_word' id='word_1_279' title='bbox 576 3006 659 3044; x_wconf 82' lang='lat'>303.</span> <span class='ocrx_word' id='word_1_280' title='bbox 733 3027 762 3031; x_wconf 79' lang='lat'>—</span> <span class='ocrx_word' id='word_1_281' title='bbox 777 3008 795 3034; x_wconf 82' lang='lat' dir='ltr'>b</span> <span class='ocrx_word' id='word_1_282' title='bbox 817 3008 851 3044; x_wconf 85' lang='grc' dir='ltr'><em>Α</em></span> <span class='ocrx_word' id='word_1_283' title='bbox 867 3019 934 3044; x_wconf 75' lang='lat' dir='ltr'>vv.</span> <span class='ocrx_word' id='word_1_284' title='bbox 957 3020 1030 3044; x_wconf 88' lang='lat' dir='ltr'>nec</span> <span class='ocrx_word' id='word_1_285' title='bbox 1052 3008 1196 3045; x_wconf 87' lang='lat' dir='ltr'>mirum</span> <span class='ocrx_word' id='word_1_286' title='bbox 1216 3009 1377 3047; x_wconf 73' lang='lat' dir='ltr'>desunt</span> <span class='ocrx_word' id='word_1_287' title='bbox 1395 3011 1440 3046; x_wconf 80' lang='lat' dir='ltr'>in</span> <span class='ocrx_word' id='word_1_288' title='bbox 1466 3009 1656 3046; x_wconf 78' lang='lat' dir='ltr'>HANSEN.</span> <span class='ocrx_word' id='word_1_289' title='bbox 1712 3016 1772 3036; x_wconf 42' lang='lat' dir='ltr'>uc</span> <span class='ocrx_word' id='word_1_290' title='bbox 1803 3007 1837 3045; x_wconf 84' lang='lat' dir='ltr'><strong><em>A</em></strong></span> 
     </span>
     <span class='ocr_line' id='line_1_36' title="bbox 210 3065 1838 3115; baseline 0.001 -13"><span class='ocrx_word' id='word_1_291' title='bbox 210 3076 249 3102; x_wconf 85' lang='lat' dir='ltr'>v.</span> <span class='ocrx_word' id='word_1_292' title='bbox 271 3065 445 3103; x_wconf 86' lang='lat' dir='ltr'>lectores</span> <span class='ocrx_word' id='word_1_293' title='bbox 460 3077 546 3104; x_wconf 83' lang='lat' dir='ltr'>non</span> <span class='ocrx_word' id='word_1_294' title='bbox 561 3069 726 3104; x_wconf 78' lang='lat' dir='ltr'>suntin</span> <span class='ocrx_word' id='word_1_295' title='bbox 742 3066 930 3104; x_wconf 63' lang='lat' dir='ltr'>HANSEN.</span> <span class='ocrx_word' id='word_1_296' title='bbox 978 3066 1043 3093; x_wconf 69' lang='lat' dir='ltr'>-d</span> <span class='ocrx_word' id='word_1_297' title='bbox 1071 3067 1213 3105; x_wconf 83' lang='lat' dir='ltr'>Locus</span> <span class='ocrx_word' id='word_1_298' title='bbox 1228 3069 1273 3105; x_wconf 75' lang='lat' dir='ltr'>in</span> <span class='ocrx_word' id='word_1_299' title='bbox 1291 3071 1487 3115; x_wconf 78' lang='lat' dir='ltr'>exemplo</span> <span class='ocrx_word' id='word_1_300' title='bbox 1504 3070 1742 3106; x_wconf 77' lang='lat' dir='ltr'>coloniensi</span> <span class='ocrx_word' id='word_1_301' title='bbox 1756 3078 1838 3105; x_wconf 78' lang='lat' dir='ltr'>cor-</span> 
     </span>
     <span class='ocr_line' id='line_1_37' title="bbox 213 3125 524 3171; baseline -0.003 -9"><span class='ocrx_word' id='word_1_302' title='bbox 213 3128 383 3171; x_wconf 75' lang='lat' dir='ltr'>ruptus.</span> <span class='ocrx_word' id='word_1_303' title='bbox 406 3125 507 3163; x_wconf 77' lang='lat' dir='ltr'><em>Ibid</em></span> <span class='ocrx_word' id='word_1_304' title='bbox 518 3155 524 3161; x_wconf 88' lang='lat'><strong>.</strong></span> 
     </span>
    </p>
   </div>
  </div>
 </body>
</html>
