1909 3328
293 279 362 315 840
754 279 973 316 LITTERAE
1000 278 1354 324 QUADRIMESTRES

251 375 372 431 ginti
396 374 646 420 scolastici
681 374 751 431 (ut
784 374 1075 432 contingere
1098 376 1257 421 solent
1290 376 1335 421 in
1369 376 1540 433 primis
1574 379 1862 436 gymnasiis,

248 467 357 496 cum
384 467 525 496 omne
549 452 730 497 bonum
756 467 926 497 rarum
951 452 1047 510 sit),
1070 452 1215 498 modo
1238 454 1558 511 septuaginta
1581 465 1863 513 uersantur,

247 528 373 573 inter
397 543 518 585 quos
542 537 653 574 sunt
676 538 891 586 quatuor
911 529 1183 586 domestici;
1206 540 1408 587 praeter
1433 531 1519 576 hos
1544 531 1690 577 etiam
1708 533 1866 580 solent

245 604 419 650 adesse
453 605 601 662 aliqui
635 606 714 662 qui
749 606 866 652 dant
899 622 1103 664 operam
1138 608 1318 660 cantui;
1356 608 1438 654 alii
1472 608 1620 654 etiam
1656 610 1736 666 qui
1774 609 1865 657 iuri

245 680 508 738 pontificio.
547 682 643 739 qui,
681 697 790 728 cum
830 683 982 730 Pater
1020 684 1125 730 Leo
1165 685 1211 730 in
1250 685 1565 742 gymnasium
1598 685 1862 743 descendit,

244 758 380 804 exire
415 759 588 817 solent;
617 771 727 805 sunt
762 776 930 806 omnes
965 761 1248 807 scholastici
1282 762 1483 819 assidui,
1510 771 1614 808 tum
1649 763 1863 810 lectioni-

244 836 349 892 bus,
378 845 480 881 tum
504 836 913 896 confessionibus,
940 848 1013 885 tot
1037 849 1201 884 autem
1236 838 1442 896 singulis
1466 839 1755 885 ebdomadis
1778 856 1865 887 sua

243 913 422 959 delicta
456 914 680 960 confiteri
715 916 891 972 solent,
919 926 971 962 vt
994 932 1091 962 non
1114 917 1268 973 possit
1302 917 1394 963 illis
1427 917 1692 975 aliquando
1728 919 1864 964 satis-

246 989 368 1036 fieri.
397 990 476 1036 Ex
499 991 799 1049 philosophis
823 993 949 1038 enim
975 992 1081 1039 fere
1105 1009 1291 1051 omnes,
1316 1009 1378 1039 ex
1402 994 1639 1051 primanis
1670 995 1867 1041 circiter

246 1068 596 1126 quadraginta,
631 1078 679 1115 et
713 1070 760 1115 in
794 1071 1007 1116 caeteris
1041 1071 1280 1116 similiter.
1315 1071 1481 1128 Modo,
1517 1070 1624 1118 R.de
1652 1072 1697 1117 in
1729 1072 1864 1118 Chri-

244 1156 320 1190 sto
354 1145 522 1203 Pater‚
550 1147 694 1203 plura
714 1156 830 1194 tuae
854 1148 1143 1204 paternitati
1167 1148 1430 1194 scribenda
1454 1165 1549 1194 non
1580 1161 1862 1197 occurrunt.

245 1221 356 1267 Hoc
379 1238 529 1268 unum
563 1239 593 1269 a
627 1233 675 1269 te
708 1233 840 1281 peto,
868 1233 921 1270 vt
945 1225 1034 1270 hos
1058 1234 1170 1270 tuos
1193 1225 1420 1281 indignos
1455 1224 1579 1271 filios
1613 1225 1722 1271 Deo
1747 1227 1864 1284 opti-

243 1315 322 1345 mo
344 1300 560 1346 maximo
590 1303 923 1357 commendes,
951 1302 1031 1358 qui
1065 1317 1154 1347 nos
1187 1317 1278 1348 sua
1311 1302 1479 1358 gratia
1513 1311 1561 1348 et
1595 1302 1779 1348 auxilio
1803 1303 1865 1349 di-

241 1386 439 1433 gnetur,
467 1393 562 1434 quo
597 1378 639 1423 ei
674 1379 720 1424 in
755 1380 982 1425 omnibus
1016 1395 1205 1425 morem
1239 1396 1420 1437 gerere
1453 1389 1501 1425 et
1534 1380 1736 1437 placere
1770 1390 1863 1427 stu-

242 1453 461 1499 deamuS.
490 1454 656 1501 Datae
691 1455 893 1502 Eborae
927 1456 1218 1502 duodecimo
1254 1455 1362 1502 Cal.
1397 1457 1697 1502 Nouembris
1734 1457 1859 1505 1558.

241 1529 320 1576 Ex
344 1531 685 1578 commissione
710 1532 873 1579 Patris
897 1532 1125 1590 rectoris,
1148 1534 1377 1591 indignus
1400 1533 1526 1580 filius
1550 1534 1865 1591 paternitatis

243 1616 376 1663 tuae,

1290 1760 1452 1806 SIMON
1485 1759 1680 1807 VIEIRA
1715 1762 1745 1806 ¹.

327 1868 621 1927 Inscriptio.
647 1875 674 1925 ἢ
696 1870 763 1916 Al
786 1871 926 1918 R.d¹¹³⁰
959 1888 1018 1917 en
1050 1871 1142 1918 X.0
1173 1872 1351 1928 Padre,
1379 1873 1422 1918 el
1447 1871 1610 1918 Padre
1645 1872 1863 1918 Maesti-o

241 1945 439 2002 Dieguo
463 1946 665 2003 Lasnez,
687 1949 894 2005 general
915 1949 978 1994 da
998 1948 1308 2006 Companhia
1326 1949 1386 1995 de
1408 1948 1503 1994 Ihs.
1533 1948 1607 1994 En
1626 1949 1803 1995 Roma.

287 2125 296 2144 ¹
348 2124 413 2161 De
434 2137 481 2162 eo
500 2125 646 2162 dicitur
664 2125 705 2162 in
724 2127 913 2173 catalogo
928 2126 1093 2173 collegii
1109 2126 1330 2171 eborensis,
1348 2125 1415 2173 qui
1431 2125 1591 2162 videtur
1605 2125 1778 2173 scriptus
1800 2139 1864 2162 cx-

238 2188 360 2220 eunte
386 2197 491 2221 anno
513 2185 604 2222 1558
621 2190 691 2222 aut
709 2185 875 2223 ineunte
904 2185 994 2223 1559
1014 2185 1068 2231 (in
1093 2186 1229 2223 codice
1257 2185 1360 2223 Lus.
1391 2185 1453 2228 43,
1484 2184 1525 2222 ff.
1553 2185 1600 2222 96
1625 2197 1727 2233 sqq.;
1756 2185 1863 2232 prius

238 2242 308 2279 416
326 2246 444 2291 sqq.):
469 2245 541 2282 «El
561 2246 667 2282 her.0
685 2245 826 2284 Simon
844 2246 975 2283 Viera
993 2246 1042 2283 de
1060 2245 1103 2282 21
1131 2251 1242 2284 anos.
1263 2245 1330 2282 Ha
1347 2246 1369 2282 4
1387 2258 1464 2292 que
1484 2250 1598 2282 estaa
1617 2258 1668 2282 en
1687 2246 1727 2281 la
1746 2244 1860 2282 Com-

236 2306 369 2350 pafn'a.
392 2303 481 2352 Oyo
505 2305 751 2343 humanidad
768 2307 792 2343 5
809 2311 908 2343 afios
925 2319 951 2353 y
970 2306 1114 2351 medio;
1137 2311 1212 2354 oyo
1231 2306 1269 2342 el
1288 2318 1406 2342 curso
1423 2305 1472 2342 de
1491 2310 1613 2342 artes.
1636 2305 1782 2352 Agora
1799 2305 1862 2341 lee

236 2365 332 2410 aqui
350 2376 400 2400 en
418 2365 459 2401 la
477 2365 654 2412 primera
673 2366 818 2411 classe,
839 2379 865 2413 y
883 2366 935 2402 ha
953 2377 1005 2413 ya
1019 2378 1074 2402 un
1089 2370 1165 2402 afio
1180 2378 1258 2413 que
1281 2371 1434 2403 ensefia
1449 2378 1498 2402 en
1515 2365 1610 2403 ella.
1630 2364 1686 2401 Es
1704 2365 1753 2401 de
1770 2377 1863 2412 muy

236 2421 344 2458 buen
361 2424 482 2472 juizio
500 2438 525 2472 y
545 2424 722 2472 ingenio.
744 2425 807 2462 En
827 2426 866 2461 el
885 2425 991 2473 stylo
1010 2425 1058 2461 de
1078 2437 1198 2462 uerso
1217 2439 1242 2473 y
1261 2438 1380 2472 prosa
1399 2429 1487 2462 esta
1505 2437 1600 2472 muy
1619 2424 1822 2468 adelantc,
1837 2435 1862 2470 y

234 2481 487 2529 juntamente
507 2497 558 2521 en
578 2485 617 2521 el
635 2485 795 2532 griego.
817 2484 873 2522 Es
891 2485 984 2522 bien
1014 2484 1221 2532 dispuesto
1239 2498 1264 2532 y
1283 2485 1332 2522 de
1359 2485 1513 2522 buenas
1540 2484 1700 2530 fuercas
1727 2495 1860 2529 corpo-

238 2541 384 2580 rales.»
1880 2555 1882 2558 ·
