1900 3380
488 284 803 321 2ll.—-PAR1sns
830 285 852 320 3
879 284 1125 320 NovnMssRis
1155 284 1245 319 1555
1565 283 1636 317 573

50 380 303 427 ministros
328 381 455 425 velle
488 380 699 425 videtur.
728 378 805 424 Ac
839 394 898 424 ne
934 378 1071 423 cuius
1095 393 1248 423 causa
1274 377 1578 434 potissimum
1604 392 1680 422 su-

49 466 218 514 scepta
253 466 327 502 est
360 456 423 501 ad
457 446 517 502 R.
547 455 908 501 Paternitatem
934 464 1068 500 tuam
1093 454 1339 499 scribendi
1372 453 1682 499 consuetudo

48 534 494 592 praetermittatur,
538 533 710 589 paucis
748 542 880 587 ante,
924 547 1017 588 que
1057 530 1399 587 superioribus
1438 540 1679 588 quattuor

47 611 294 657 mensibus
319 627 409 668 pro
431 626 570 656 more
595 611 902 661 acciderunt,
931 610 1255 666 complectar,
1284 624 1431 666 quam
1457 624 1516 654 ea
1540 608 1598 654 de
1625 623 1681 653 re

47 690 149 745 tibi,
176 688 236 733 R.
266 688 338 738 P..
367 688 626 733 consilium
652 687 857 732 Patrum
883 697 1170 731 nostrorum
1197 686 1438 742 aperiam.

105 767 144 812 2.
214 765 392 822 Itaque
425 774 478 810 vt
508 780 536 810 a
568 764 779 810 minimis
803 764 1056 820 exordiar,
1084 764 1223 809 nobis
1248 778 1434 819 operae
1459 762 1679 818 precium

52 845 206 890 visum
243 853 333 900 est,
362 843 587 888 consulto
623 852 788 887 tamen
824 842 1034 898 primum
1070 841 1182 887 Pre.
1211 841 1419 886 Nicolao
1455 842 1486 895 ¹,
1521 840 1677 885 incoe-

48 932 129 979 pta
153 920 441 966 Aristotelis
460 919 709 965 curricula
734 934 829 963 non
855 919 1028 964 eodem
1053 919 1261 964 doctore
1285 932 1603 974 percurrere,
1628 926 1682 962 vt

47 1009 94 1045 et
118 998 383 1055 collegium
418 1007 466 1043 et
500 1005 879 1054 praeceptorem
916 997 1031 1052 <quo
1067 995 1210 1041 citius
1241 995 1412 1040 iisdem
1446 993 1680 1050 auspiciis

48 1076 223 1133 quibus
257 1076 318 1121 ad
354 1075 400 1120 id
434 1091 602 1120 sumus
627 1074 809 1129 vocati,
838 1089 1015 1118 munus
1049 1083 1274 1118 nostrum
1310 1073 1355 1117 in
1392 1072 1503 1128 Xpi.
1528 1072 1679 1116 hono-

47 1169 152 1199 rem
192 1153 570 1210 persequamur)
607 1152 895 1197 mutandum
929 1151 1224 1196 censuimus.
1252 1150 1329 1195 Ac
1366 1149 1561 1194 Domini
1596 1164 1678 1193 no-

45 1231 134 1277 stri
171 1229 408 1276 beneficio
434 1245 524 1286 pro
549 1245 639 1275 sua
663 1229 868 1286 quisque
893 1237 1035 1284 parte
1060 1226 1414 1283 comparandis
1445 1226 1677 1282 scientiis,

45 1306 337 1353 exacuende
382 1307 562 1363 ingenii
602 1306 860 1351 subtilitati
901 1304 1315 1362 perpoliendeque
1349 1303 1588 1359 orationi,
1627 1312 1681 1347 vt

45 1394 258 1441 Vtraque
283 1383 468 1429 virtute
494 1383 608 1440 (qua
634 1383 897 1440 plurimum
932 1382 1104 1427 valere
1139 1381 1318 1426 debent
1355 1381 1434 1437 qui
1469 1382 1569 1426 tela
1593 1380 1678 1426 ini-

46 1461 289 1507 micorum
324 1459 434 1505 fidei
469 1470 675 1505 nostrae
699 1459 968 1505 retundere
1003 1468 1051 1503 et
1086 1458 1233 1515 ignea
1258 1458 1556 1514 extinguere
1581 1467 1679 1502 stu-

45 1539 160 1584 dent
193 1553 254 1583 ac
289 1537 578 1594 decernunt)
604 1537 838 1593 abundet,
865 1552 961 1581 non
986 1551 1182 1581 omnem
1217 1535 1429 1592 lapidem
1455 1550 1552 1580 non
1578 1550 1677 1579 mo-

44 1625 142 1671 uet;
170 1615 381 1660 assiduis
406 1614 821 1671 disputationibus
844 1630 874 1659 a
897 1613 1106 1670 prandio
1130 1623 1178 1659 et
1202 1628 1361 1658 coena
1386 1628 1449 1658 ex
1473 1627 1680 1658 consue-

45 1693 211 1738 tudine
250 1692 532 1737 insistimus.
573 1691 834 1748 Reliquum
875 1692 1007 1748 quod
1045 1707 1074 1736 a
1114 1689 1408 1735 lectionibus
1447 1698 1676 1746 superest

44 1769 298 1826 temporis,
327 1769 416 1826 piis
440 1769 675 1825 operibus
714 1783 804 1826 pro
839 1768 1077 1824 cuiusque
1102 1767 1304 1813 feruore
1328 1776 1675 1812 consecratur.

100 1847 143 1893 3.
210 1847 378 1893 Antea
402 1846 609 1904 penuria
632 1845 951 1892 sacerdotum
978 1845 1127 1902 (quod
1157 1844 1306 1890 etiam
1338 1843 1598 1889 offendere
1629 1853 1680 1889 et

43 1939 264 1981 grauare
304 1924 506 1970 Patrem
546 1923 745 1969 Vnicum
781 1923 930 1969 nimio
970 1924 1143 1968 labore
1183 1922 1404 1979 plerique
1444 1921 1678 1967 formida-

45 2002 191 2059 rent),
217 2002 361 2058 pauci
386 2002 582 2059 quidem
619 2001 699 2055 (de
723 2001 945 2047 externis
980 2002 1174 2057 loquor)
1209 1999 1255 2044 in
1291 1999 1605 2044 confessione
1630 2008 1681 2044 et

43 2088 219 2124 sancta
252 2079 558 2124 eucharistia
592 2078 933 2134 perstiterunt.
973 2076 1161 2123 Habuit
1198 2086 1365 2122 tamen
1400 2091 1597 2132 semper
1630 2075 1677 2120 in

45 2172 140 2213 quo
164 2157 451 2202 elaboraret
476 2166 523 2201 et
547 2156 723 2213 quibus
753 2155 799 2200 in
833 2170 893 2201 eo
924 2155 1118 2201 faceret
1142 2154 1280 2199 satis.
1309 2153 1386 2198 Ac
1410 2153 1457 2198 in
1480 2168 1675 2198 summa

45 2245 97 2278 vt
128 2233 305 2289 dicam,
333 2233 498 2290 quoad
531 2233 690 2289 potuit
722 2233 785 2278 ad
819 2232 879 2277 R.
917 2232 971 2277 P.
1010 2231 1265 2276 Paschasii
1300 2230 1572 2276 aduentum
1606 2238 1677 2275 ta-

43 2311 175 2357 lenta
199 2311 290 2357 sibi
315 2310 581 2356 commissa
615 2310 662 2355 in
698 2310 792 2356 Dei
825 2309 1039 2367 gloriam
1074 2308 1385 2365 proximique
1409 2306 1676 2353 edificatio-

44 2403 154 2433 nem
178 2387 385 2433 adauxit
419 2395 467 2432 et
500 2386 836 2443 amplificauit.
865 2386 1009 2432 Nunc
1032 2400 1156 2431 vero
1192 2385 1275 2430 vbi
1305 2384 1473 2440 plures
1498 2384 1678 2430 adsunt

43 2479 306 2520 messores,
328 2480 387 2510 eo
412 2463 559 2509 etiam
586 2464 747 2520 magis
771 2464 920 2520 longe
940 2464 1138 2519 lateque
1163 2461 1338 2506 messis
1362 2460 1673 2507 diffunditur.

43 2540 170 2586 Nam
192 2541 330 2587 feriis
354 2540 571 2586 omnium
595 2549 883 2587 sanctorum
908 2541 987 2597 (eo
1013 2539 1142 2585 enim
1166 2550 1393 2595 tempore
1424 2538 1677 2584 Lutetiam

45 2618 105 2664 R.
143 2618 281 2665 Pres.
318 2618 475 2664 nostri
509 2618 826 2675 appulerunt)
856 2633 1110 2674 magnam,
1137 2615 1247 2662 Deo
1272 2615 1491 2671 fauente,
1529 2615 1677 2661 confi-

44 2695 250 2742 tentium
273 2695 633 2742 multitudinem
669 2695 952 2741 audierunt.
980 2694 1056 2740 Ita
1090 2709 1200 2739 sese
1235 2692 1448 2739 inuicem
1484 2693 1674 2739 schola·
1734 2734 1738 2738 .

44 2772 153 2818 stici
177 2773 375 2830 quidam
405 2773 739 2819 exhortantur
773 2773 820 2818 in
855 2772 1160 2828 Patrumque
1184 2781 1472 2817 nostrorum
1507 2771 1676 2829 cogni—

44 2850 227 2896 tionem
251 2850 469 2905 veniunt,
497 2866 557 2895 ac
581 2850 871 2907 frequenter
895 2850 1126 2905 deinceps
1150 2849 1213 2894 ad
1236 2848 1601 2894 confessionem
1627 2857 1678 2895 et

44 2927 273 2984 synaxim
298 2927 558 2973 accedunt.

94 3076 105 3095 ¹
155 3074 202 3112 P.
222 3074 416 3112 Nicolaus
435 3074 653 3112 Bellefille.
