1900 3380
543 318 829 354 221.—PRAGA
858 317 900 353 31
933 316 1176 353 Dacismssms
1208 315 1295 350 1558
1599 312 1669 348 923

143 415 214 460 21.
283 413 359 458 De
384 412 566 458 nostris
591 419 608 439 ³
628 413 721 458 hoc
741 411 798 457 T.
823 411 875 456 P.
903 411 1102 466 habeat,
1129 410 1258 467 quod
1284 410 1529 469 nosfore,
1556 423 1715 467 quum

88 491 146 536 P.
188 489 402 535 Victoria
437 494 483 534 et
516 490 582 535 M.
609 489 881 534 fflcrtaszus
914 487 1207 533 discesserit
1240 501 1356 532 cum
1389 487 1501 532 sm's
1525 488 1555 543 ¹,
1580 486 1714 542 fore,

86 569 299 626 inquam
341 566 413 612 [3
446 566 572 624 [sic]
610 566 684 611 Hz'
715 579 893 612 omnes
925 574 1038 611 sunt
1077 563 1461 621 occupatissimi,
1499 562 1625 609 adeo
1665 572 1715 608 ut

85 654 247 703 putem
284 644 303 672 b
337 644 559 701 singulos
593 659 703 690 esse
736 653 985 700 martyres
1018 658 1180 700 posse,
1208 642 1245 687 si
1281 642 1410 699 quod
1442 641 1651 697 faciunt
1683 647 1714 694 ⁰,

86 730 289 781 propter
315 721 568 767 Christum
601 721 777 766 onmia
808 720 1015 766 libenter
1040 719 1222 765 ferunt.
1249 719 1435 764 Nostra
1469 717 1715 763 desideria

86 799 264 857 quibus
297 797 485 844 fratres
519 799 725 843 boemos
759 798 933 843 iuuare
968 797 1135 843 intime
1170 811 1482 853 cuperemuS,
1510 795 1595 841 uix
1620 795 1716 840 alia

88 892 142 922 re
178 890 324 933 quam
365 875 602 932 patientia
641 874 927 932 quotidiana
961 875 1240 931 implentur.
1282 873 1434 919 Arete
1471 873 1530 931 [P]
1570 888 1714 930 roga-

87 969 194 1000 mus
229 962 280 998 ut
314 953 512 998 tandem
550 953 728 998 vestris
762 951 977 997 omnium
1012 952 1319 998 orationibus
1354 951 1615 997 auferatur
1639 967 1715 996 ne-

85 1031 188 1077 scio
212 1030 325 1089 quid
349 1030 694 1087 impedimenti,
723 1030 851 1087 quod
886 1045 976 1075 nos
1008 1045 1037 1074 a
1072 1029 1354 1076 desiderato
1390 1028 1556 1075 fructu
1580 1029 1716 1085 spiri-

87 1108 206 1154 tuali
231 1107 447 1165 quotidie
483 1116 785 1153 remoratur.
812 1106 1014 1152 Interim
1039 1122 1125 1163 spe
1150 1115 1198 1152 et
1222 1105 1599 1163 longanimitate
1630 1122 1719 1151 nos

86 1185 277 1239 alimus;
305 1184 435 1229 forte
460 1183 530 1229 sic
554 1183 936 1230 conformamus
969 1197 1063 1229 nos
1085 1182 1103 1210 ‘¹
1130 1169 1380 1241 principiis
1404 1192 1606 1229 nostrae
1631 1182 1717 1228 So-

87 1261 297 1318 cietatis,
326 1276 452 1318 quae
477 1277 564 1317 per
589 1261 791 1318 longam
826 1260 1114 1317 patientiam
1147 1261 1385 1317 paulatim
1411 1269 1462 1306 ut
1486 1260 1718 1305 vniuersa

86 1337 314 1385 excreuit
347 1337 656 1395 mirabiliter,
683 1337 750 1383 ita
775 1353 903 1383 nunc
937 1353 1132 1394 quoque
1167 1346 1214 1383 et
1248 1337 1409 1383 adhuc
1439 1337 1484 1383 in
1516 1337 1720 1394 singulis

88 1415 347 1475 prouintiis
388 1425 665 1471 excrescet,
702 1424 754 1461 ut
792 1431 989 1473 semper
1028 1431 1169 1462 suam
1209 1426 1376 1461 teneat
1411 1415 1719 1473 aequabilem

86 1493 477 1552 proportionem
496 1499 532 1549 Ε,
560 1492 748 1550 sibique
772 1493 833 1538 sit
856 1508 1054 1550 semper
1077 1501 1125 1538 et
1150 1492 1328 1550 ubique
1346 1492 1533 1538 similis.

146 1570 218 1616 22.
285 1570 346 1616 D.
385 1569 633 1616 Henricus
667 1585 779 1616 cum
814 1585 998 1628 magna
1031 1569 1302 1616 foelicitate
1336 1579 1384 1616 et
1419 1569 1719 1616 serenissimi

90 1647 322 1706 principis
345 1647 595 1703 totiusque
619 1647 798 1704 populi,
825 1647 906 1705 qui
936 1647 999 1693 ibi
1025 1646 1259 1704 frequens
1284 1647 1553 1704 concurrit,
1581 1646 1719 1692 satis-

97 1725 335 1782 factione,
377 1724 617 1771 hactenus
665 1723 675 1751 f
714 1735 786 1770 est
831 1724 1147 1771 contionatus
1192 1724 1434 1771 matutino
1478 1733 1718 1782 tempore3

94 1801 445 1860 pomeridianis
468 1817 589 1848 uero
613 1801 747 1848 horis
772 1802 944 1848 eodem
969 1802 1015 1848 in
1040 1803 1167 1859 loco,
1194 1802 1383 1848 scilicet
1408 1802 1453 1847 in
1477 1818 1612 1859 arce,
1640 1802 1720 1848 do-

93 1889 173 1926 cet
195 1880 346 1926 latine
370 1879 726 1925 catechismum
754 1886 789 1937 g,
816 1895 943 1937 quae
977 1880 1124 1926 lectio
1160 1889 1322 1937 potest
1347 1878 1412 1938 [Ρ]
1437 1879 1549 1926 huic
1572 1895 1720 1937 popu-

91 1958 137 2003 lo
172 1956 254 2002 uix
288 1971 398 2001 esse
433 1957 788 2012 percommoda
823 1965 872 2003 et
905 1965 1057 2013 grata
1084 1956 1117 2002 ¹¹.
1145 1955 1432 2002 Hactenusi
1469 1957 1515 2003 in
1539 1957 1723 2014 templo

91 2043 264 2080 nostro
300 2033 546 2079 foeliciter
585 2033 897 2080 contionatus
930 2044 1004 2081 est
1040 2033 1322 2092 Stephanus
1356 2043 1527 2081 noster
1562 2036 1577 2060 ‘2
1612 2050 1722 2091 ger-

92 2110 302 2168 manice,
329 2110 408 2156 cui
432 2111 526 2156 hoc
549 2111 703 2157 natali
736 2112 979 2158 successit
1014 2112 1362 2170 Wenceslaus,
1390 2112 1476 2158 sed
1500 2112 1723 2158 boemice

91 2188 426 2243 contionatur,
454 2203 514 2233 ac
538 2188 744 2244 proinde
779 2189 1033 2236 auditores
1068 2203 1205 2235 nunc
1238 2189 1467 2235 uidentur
1498 2189 1721 2245 multipli-

91 2266 215 2313 cari.
242 2265 351 2311 Hoc
375 2265 596 2311 breuiter
621 2266 698 2311 hic
721 2278 944 2325 tangam,
971 2267 1010 2313 si
1035 2268 1213 2324 placet,
1236 2267 1295 2313 de
1320 2266 1501 2312 nostris
1530 2266 1722 2313 concio-

93 2344 253 2401 nibus,
290 2343 419 2401 quod
453 2343 681 2389 nimirum
715 2344 831 2390 nihil
864 2345 1046 2391 nostris
1082 2344 1520 2391 concionatoribus
1553 2359 1644 2390 nec
1677 2343 1720 2389 in

93 2421 267 2478 spiritu
300 2435 392 2466 nec
426 2419 681 2477 diligentia
715 2435 914 2480 quoque
937 2422 1076 2477 desit,
1104 2422 1233 2479 quod
1265 2423 1497 2479 populum
1532 2421 1722 2478 sepissi-

93 2513 170 2544 me
205 2498 267 2543 ad
302 2512 441 2543 usum
472 2507 904 2545 sacramentorum
938 2499 1199 2545 hortantur
1235 2499 1381 2556 (quod
1416 2498 1647 2556 quamdiu
1674 2497 1721 2543 il-

139 2660 159 2678 a
209 2659 347 2697 Prius
364 2659 497 2696 nobis.
556 2660 620 2688 ——b
640 2661 948 2708 quodammodo.
1003 2668 1064 2688 —C
1085 2660 1232 2698 ferunt.
1289 2660 1352 2688 —d
1385 2660 1611 2699 conformes
1638 2661 1724 2697 red-

92 2719 237 2757 dimur.
291 2726 354 2747 -e
381 2719 624 2767 procedendi
641 2721 853 2759 rationem.
912 2721 965 2749 -f
998 2722 1086 2768 Seq.
1109 2721 1311 2766 continue,
1334 2724 1373 2758 et
1389 2725 1527 2767 supra
1546 2731 1723 2758 versmn

93 2784 304 2828 perpetuo,
324 2782 563 2827 utrumque
580 2780 714 2818 oblz‘tt.
768 2789 833 2817 —g
852 2781 955 2819 Pris.
975 2780 1143 2819 Canisii.
1197 2780 1261 2808 —h
1294 2786 1501 2828 pergrata.
1548 2780 1600 2808 -ῑ
1631 2781 1722 2827 seq.

94 2851 134 2876 v.
156 2838 370 2876 habuimus
389 2839 525 2878 oblz'tt.

143 2990 155 3011 ¹
205 2990 251 3028 P.
272 2989 483 3027 Hurtadus
501 2990 630 3028 Perez
655 2991 696 3029 in
723 2991 1014 3029 monasterium
1041 2991 1264 3035 oibinense,
1293 2996 1443 3035 rector,
1470 2990 1723 3038 profecturus

96 3054 197 3087 erat.
219 3048 282 3087 Cf.
306 3049 462 3086 Laz'm'z’
478 3049 689 3094 Monam„
711 3051 785 3096 IV,
809 3051 888 3094 165,
913 3050 989 3088 166.

144 3108 158 3129 ²
207 3108 439 3155 Stephanus
458 3107 662 3148 Liberius.
683 3110 791 3147 Vide
812 3111 965 3147 Laz'nz'i
985 3110 1196 3155 Monam„
1219 3110 1293 3153 IV,
1313 3111 1371 3147 91.
