1900 3380
443 319 835 355 209.-V1x[>0130m
863 318 900 354 31
936 317 1144 354 Oc'roBRis
1174 316 1263 353 1558
1558 314 1628 349 ‹505›

106 420 174 465 16.
241 418 481 476 Superest
505 419 814 475 quorundam
850 419 1169 475 hispanorum
1205 416 1284 474 qui
1320 416 1365 461 in
1400 415 1539 460 curia
1579 415 1675 460 ista

41 505 324 547 versantur,
353 510 478 552 erga
503 511 772 552 germanos
796 505 996 540 nostros
1020 494 1259 539 affectum
1295 508 1414 538 vere
1451 491 1674 538 christia-

43 589 156 620 num
181 583 229 618 et
253 573 549 618 charitatem
576 573 770 618 minime
794 572 960 617 fictam
985 570 1296 628 paucissimis
1327 570 1503 615 saltem
1530 569 1674 614 attin-

42 666 179 708 gere.
206 649 302 706 Ipsi
328 649 584 706 siquidem,
612 650 831 695 miserati
857 659 930 694 tot
961 649 1242 694 animarum
1278 648 1323 692 in
1358 648 1453 692 hac
1477 646 1675 703 prouin-

43 729 121 774 cia
166 727 508 785 perditionem,
550 727 882 773 decreuerunt
920 726 1020 771 suis
1065 725 1297 781 impensis
1340 724 1676 781 pauperculos

42 806 179 851 alere
203 820 562 862 germanorum
588 804 728 860 filios,
757 820 879 860 quos
914 803 1212 848 necessariis
1236 802 1299 847 ad
1324 802 1459 847 vitae
1483 810 1672 846 susten-

40 883 280 928 tationem
311 881 591 938 destitutos,
629 891 677 926 et
701 881 881 937 alioqui
922 881 984 925 ad
1023 880 1306 936 disciplinas
1341 879 1673 935 capessendas

42 959 243 1005 idoneos
282 973 392 1003 esse
417 958 766 1011 intellexerint,
793 958 887 1002 hac
917 957 1197 1002 conditione
1222 966 1276 1002 vt
1300 957 1557 1013 septennio
1583 957 1672 1001 sub

41 1047 213 1082 nostra
247 1036 420 1081 viuant
454 1036 724 1092 disciplina.
759 1035 947 1080 Decem
983 1036 1091 1091 plus
1125 1034 1284 1079 minus
1319 1050 1381 1079 ex
1416 1033 1521 1079 istis
1556 1049 1672 1089 pau-

42 1113 255 1170 perculis
278 1113 376 1158 iam
402 1113 587 1169 recepti
611 1121 737 1168 sunt,
761 1112 1055 1157 erudiuntur
1073 1123 1175 1156 tam
1199 1111 1243 1156 in
1272 1111 1426 1156 literis
1451 1125 1599 1167 quam
1627 1110 1673 1155 in

41 1192 263 1236 moribus
286 1207 316 1236 a
339 1191 538 1236 nostris.
566 1190 824 1235 Habitatio
860 1205 950 1246 pro
985 1190 1054 1234 eis
1089 1189 1259 1246 parari
1295 1200 1472 1244 coepta
1507 1198 1599 1243 est,
1627 1196 1676 1233 et

40 1267 138 1313 iarn
162 1283 315 1323 supra
339 1267 635 1324 quingentos
658 1281 840 1311 aureos
864 1266 909 1311 in
935 1266 1047 1322 piae
1070 1266 1212 1310 huius
1236 1265 1538 1310 fundationis
1563 1281 1671 1321 pro-

40 1345 254 1390 motione
294 1344 575 1400 lzz'spam'ca
612 1350 629 1370 ⁸
664 1343 871 1389 contulit
911 1342 1201 1399 liberalitas,
1239 1351 1565 1387 numeratura
1610 1341 1673 1386 ad

40 1423 164 1467 haec
189 1421 396 1479 singulis
420 1422 692 1478 quibusque
726 1420 975 1466 mensibus
1000 1420 1057 1466 70
1079 1435 1261 1465 aureos
1286 1429 1335 1464 et
1359 1434 1418 1464 eo
1443 1419 1672 1475 amplius,

42 1514 152 1544 cum
187 1499 332 1555 pauci
369 1499 550 1555 alioqui
585 1498 680 1543 sint
715 1498 793 1554 qui
828 1506 1108 1542 numerant.
1137 1496 1389 1542 Probatur
1423 1511 1546 1552 opus
1580 1496 1676 1541 hoc

41 1575 235 1633 optimis
260 1576 532 1632 quibusque
567 1588 614 1620 et
649 1575 837 1632 primae
870 1574 1188 1620 authoritatis
1212 1574 1349 1626 viris,
1378 1589 1470 1619 nec
1505 1573 1677 1618 dubito

43 1653 156 1710 quin
191 1653 321 1698 aliae
356 1668 550 1710 quoque
584 1653 811 1698 nationes
845 1661 892 1698 et
927 1650 1231 1698 Germaniae
1257 1650 1475 1708 inprimis
1499 1666 1673 1707 proce-

14 1745 139 1785 res,
178 1746 285 1776 cum
327 1730 544 1776 fructum
584 1730 951 1787 perspexerint,
986 1738 1088 1775 tam
1121 1728 1299 1774 animis
1333 1744 1479 1784 quam
1524 1728 1675 1773 rebus

40 1807 157 1864 ipsis
181 1807 436 1864 negotium
470 1808 564 1852 hoc
597 1807 978 1864 promouebunt.
1006 1806 1193 1851 Habitu
1217 1805 1457 1851 exteriori
1481 1820 1568 1850 eos
1593 1805 1673 1861 qui

40 1885 88 1930 in
119 1884 331 1942 collegio
366 1885 658 1942 germanico
691 1884 882 1929 Romae
917 1894 1046 1939 sunt,
1073 1899 1163 1940 per
1197 1883 1361 1928 omnia
1396 1882 1671 1938 imitantur,

40 1971 95 2007 vt
119 1963 197 2007 vel
223 1962 316 2007 hac
339 1962 488 2007 etiam
512 1962 706 2007 ratione
740 1961 966 2018 germani
991 1960 1084 2016 isti,
1113 1960 1193 2017 qui
1217 1959 1276 2005 de
1301 1960 1437 2005 clero
1462 1973 1674 2003 romano

41 2038 251 2095 pessime
285 2038 468 2095 alioqui
502 2038 734 2094 sentiunt,
771 2039 834 2084 ab
867 2038 1035 2094 iniqua
1070 2053 1160 2082 sua
1196 2037 1290 2082 hac
1330 2035 1674 2092 persuasione,

41 2130 244 2161 suorum
280 2131 404 2172 quos
439 2115 659 2160 romanis
691 2114 912 2160 moribus
947 2115 1163 2160 imbutos
1196 2123 1244 2158 et
1279 2128 1488 2158 romano
1523 2112 1674 2157 etiam

43 2193 224 2238 vestitu
249 2202 455 2238 ornatos
479 2192 804 2248 conspiciunt,
827 2191 1079 2249 probitate
1113 2190 1327 2236 conuicti
1346 2190 1380 2246 b,
1408 2189 1676 2246 aliquando

43 2270 373 2316 abducantur.

105 2347 171 2392 17.
239 2347 383 2404 Quae
416 2347 481 2392 ad
515 2347 678 2392 studia
700 2347 945 2403 pertinent
980 2362 1043 2392 ex
1076 2345 1318 2390 industria
1353 2344 1430 2389 hic
1466 2344 1673 2400 reticeo,

43 2439 156 2470 nam
191 2425 391 2481 copiose
423 2424 483 2470 de
517 2424 590 2469 his
623 2424 749 2469 alias
782 2424 877 2470 Dei
911 2423 1081 2480 gratia
1116 2421 1363 2467 scribendi
1397 2421 1559 2466 maior
1582 2421 1676 2467 erit

42 2503 259 2548 occasio.
286 2502 549 2548 Exhibitus
580 2501 673 2547 fuit
705 2502 752 2547 in
786 2502 924 2547 festis
962 2500 1307 2558 penthecostes
1331 2498 1552 2543 maximo
1577 2513 1674 2544 om-

42 2579 173 2624 nium
218 2580 462 2636 applausu
501 2595 531 2625 a
571 2579 819 2636 discipulis
862 2579 1044 2624 nostris
1085 2578 1314 2633 dialogus
1353 2577 1412 2622 de
1452 2577 1677 2622 vanitate

43 2657 223 2703 mundi.
248 2655 599 2702 Interfuerunt‘
616 2656 799 2702 actioni
839 2657 1006 2714 plures
1039 2654 1255 2712 episcopi
1280 2664 1329 2699 et
1352 2653 1456 2711 ipse
1479 2668 1676 2711 quoque

42 2733 387 2791 strigoniensis
426 2733 832 2791 archiepiscopus
871 2735 902 2786 ¹,
946 2731 1157 2789 praelati
1197 2746 1410 2788 quoque,
1448 2731 1672 2785 comites,

42 2810 259 2855 barones
292 2819 340 2855 et
374 2809 563 2855 nobiles
601 2809 691 2870 viri
727 2825 874 2866 quam
910 2808 1123 2865 plurimi.
1162 2806 1397 2853 Habebat
1431 2816 1599 2853 autem
1632 2807 1675 2852 is

88 2968 107 2989 ἃ
125 2962 391 3009 quorumdam
410 2961 684 3008 hispanorum.
739 2964 804 2992 —b
824 2961 919 2999 Hoc
937 2972 974 2998 v.
994 2960 1099 2997 add.
1121 2965 1259 3006 snpra
1278 2971 1388 2997 vers.

92 3093 102 3112 ¹
153 3092 347 3129 Nicolaus
367 3091 536 3129 Olahus.

153 3192 321 3221 LlTTERAE
341 3192 639 3225 QUADRlMESTRES.
661 3193 750 3220 ΤΟΜ.
773 3192 809 3220 V.
1500 3192 1534 3221 55
