1966 3540
774 349 1011 378 PRAEFATIO
1576 349 1660 378 XVII

74 436 455 495 intelligentibus
475 436 867 495 destinabantur,
890 445 938 482 et
954 452 1106 493 saepe
1127 445 1213 483 aut
1229 436 1555 493 complurium
1575 450 1706 482 men—

73 515 197 560 sium
220 524 411 571 tempus
435 515 907 572 complectebantur,
937 519 1020 560 aut
1046 514 1109 559 ad
1134 515 1392 571 complura
1423 514 1602 571 oppida
1626 530 1707 559 ex-

72 592 418 649 tendebantur,
446 601 532 638 aut
556 608 582 638 e
607 592 944 648 compluribus
969 592 1138 637 audita
1163 591 1481 638 continebant
1507 593 1534 636 ¹.
1560 591 1706 637 Deni-

73 685 164 726 que
194 669 327 714 «Non
351 669 602 727 frangitur
625 669 893 726 sigillum...
922 667 1003 713 ΠΙ.
1028 669 1067 713 si
1090 680 1296 726 peccata
1316 669 1384 715 ita
1404 669 1616 725 referas,
1639 677 1705 722 ut,

73 745 329 791 moraliter
352 745 615 803 loquendo,
643 760 859 802 persona
885 745 1198 790 innotescere
1222 761 1317 791 non
1342 745 1512 803 possit3
1549 760 1708 801 neque

71 823 400 869 communitas
423 823 589 880 aliqua
612 823 761 869 etiam
787 838 944 879 parua
969 822 1256 879 infametur,
1283 832 1335 868 ut
1358 822 1487 879 quod
1508 822 1569 868 ibi
1589 823 1709 869 talia

73 899 193 946 vitia
216 910 451 959 regnent»
482 903 513 946 2.
941 907 943 909 ’

163 977 224 1022 Et
248 987 430 1035 tamen,
459 993 585 1035 quae
609 978 858 1023 hominum
884 979 1044 1024 labilis
1075 988 1257 1024 natura
1291 986 1339 1023 et
1373 977 1608 1034 exiguum
1642 977 1707 1022 in-

71 1054 270 1110 genium
295 1064 384 1112 est,
412 1054 627 1100 leviores
660 1054 858 1112 quidam
899 1055 944 1100 in
985 1055 1246 1101 scribendo
1270 1054 1487 1111 fuerunt,
1515 1054 1558 1099 in
1586 1069 1708 1111 quos

72 1129 120 1176 S.
144 1130 368 1187 Ignatius
393 1141 440 1177 et
470 1131 674 1177 Lainius
708 1132 1188 1177 animadverterunt.
1226 1130 1406 1189 Joanni
1442 1131 1708 1176 Pelletario

71 1207 283 1254 Sanctus
308 1208 458 1254 Pater
482 1209 747 1254 scribebat:
781 1208 985 1265 «Quelle
1009 1208 1274 1265 penitentie
1298 1208 1412 1253 date
1442 1223 1539 1253 non
1564 1223 1706 1254 acca-

72 1286 198 1332 deua
221 1286 499 1344 scriuergli‚
527 1290 587 1332 ne
611 1301 726 1332 cose
750 1286 911 1343 simili,
938 1301 1027 1343 per
1050 1286 1119 1344 gli
1139 1286 1328 1343 rispetti
1349 1286 1438 1331 che
1457 1285 1706 1331 facilmen-

71 1372 118 1409 te
142 1379 436 1420 occorreno,
464 1375 511 1409 et
535 1365 582 1410 la
607 1365 867 1410 riuerenza
892 1364 969 1410 del
993 1364 1171 1421 sigillo,
1199 1364 1514 1421 quantunche
1548 1379 1643 1408 non
1668 1364 1707 1409 si

70 1456 250 1498 scopra
274 1442 655 1487 manchamento
678 1442 882 1488 alcuno»
922 1442 954 1487 ³.
982 1441 1115 1487 Idem
1141 1440 1247 1487 Sto.
1275 1441 1549 1487 Francisco
1584 1440 1702 1486 Bor-

70 1519 184 1575 giae
208 1519 481 1574 committit,
510 1528 562 1565 ut
586 1520 825 1577 quosdam
850 1519 910 1565 de
934 1520 1028 1565 hac
1053 1535 1107 1565 re
1132 1528 1347 1564 moneat:
1373 1518 1466 1564 «V.
1489 1519 1549 1565 R.
1572 1534 1703 1564 man-

70 1597 130 1642 de
153 1597 292 1642 auiso
316 1613 410 1653 que
433 1612 552 1643 sean
582 1597 799 1643 mirados
829 1613 887 1643 en
923 1598 967 1642 el
1003 1596 1148 1642 modo
1184 1597 1242 1642 de
1278 1596 1458 1642 scriuir
1491 1597 1705 1654 algunos

71 1689 163 1731 que
187 1675 384 1720 scriuen
409 1675 562 1721 letras
586 1674 909 1731 edificatiuas,
936 1692 967 1731 y
998 1675 1171 1720 uienen
1206 1683 1346 1720 tanto
1381 1690 1411 1719 a
1443 1673 1706 1732 specificar

69 1767 216 1798 cosas
240 1752 299 1798 de
323 1753 570 1810 peccados
595 1753 655 1798 de
679 1752 972 1810 penitentes,
1000 1769 1094 1810 que
1118 1767 1301 1809 parece
1325 1768 1387 1798 no
1411 1767 1498 1797 sea
1532 1751 1605 1797 sin
1639 1751 1704 1797 al-

71 1832 172 1886 gun
196 1829 434 1895 periuicio
458 1829 536 1875 del
559 1829 721 1887 sigillo
746 1830 805 1875 de
830 1830 877 1875 la
901 1829 1208 1875 confession»
1235 1830 1268 1875 4.

157 1906 380 1965 Jacobus
404 1906 623 1965 Lainius,
651 1906 916 1953 Societatis
936 1907 1155 1953 vicarius
1179 1906 1447 1964 generalis,
1470 1906 1626 1952 Paulo
1646 1907 1705 1952 de

70 1984 293 2042 Achillis,
334 1983 518 2030 rectori
556 1985 920 2042 panormitano:
974 1983 1142 2030 «Nelle
1187 1984 1539 2042 quadrimestri
1583 1987 1704 2040 pero

71 2062 309 2107 conuiene
334 2061 372 2107 si
408 2062 536 2107 ueda
570 2062 681 2119 quel
718 2061 806 2108 che
841 2061 1089 2119 scriuano,
1126 2061 1307 2119 perche
1342 2061 1550 2118 qualche
1585 2076 1704 2106 cosa

70 2139 213 2184 uiene
236 2138 362 2184 nelle
386 2139 570 2196 ultime,
598 2138 687 2184 che
717 2154 906 2196 pareua
940 2147 1169 2195 portasse
1201 2138 1410 2196 qualche
1444 2138 1704 2195 preiuditio

70 2217 119 2262 al
152 2226 365 2262 secreto.
391 2216 586 2262 Riueda
620 2216 687 2262 V.
715 2217 773 2262 R.
803 2217 850 2262 la
880 2217 1061 2262 lettera
1095 2225 1143 2262 et
1176 2217 1434 2262 intendera
1469 2217 1579 2273 quel
1614 2216 1704 2261 che

71 2293 206 2339 dico»
249 2295 281 2339 ⁵.
320 2294 382 2339 Et
421 2294 568 2350 paulo
608 2303 719 2351 post
756 2302 982 2351 tempore
1021 2292 1247 2351 Georgio
1288 2293 1480 2350 Passiu,
1508 2293 1701 2350 collegii

70 2371 348 2417 ameliensis
372 2371 630 2428 superiori:
674 2370 850 2417 «Circa
881 2372 1058 2416 alcune
1083 2387 1214 2429 cose,
1241 2371 1330 2416 che
1354 2371 1516 2417 scriue
1541 2371 1600 2416 de
1624 2385 1701 2427 pe-

70 2447 256 2506 nitenti,
285 2457 457 2505 questo
482 2448 547 2494 mi
572 2464 781 2494 occorre
806 2449 911 2493 dire
937 2449 1131 2494 adesso:
1153 2448 1243 2494 che
1264 2449 1309 2493 in
1328 2449 1397 2494 tal
1423 2447 1567 2492 modo
1586 2462 1698 2492 con-

70 2525 212 2571 uiene
246 2534 387 2571 tener
422 2536 568 2571 conto
600 2526 677 2571 col
702 2525 878 2581 sigillo,
907 2526 995 2570 che
1034 2527 1073 2572 si
1114 2526 1205 2571 ben
1232 2526 1277 2571 le
1303 2526 1475 2571 lettere
1514 2525 1700 2570 fossino

70 2611 244 2659 aperte
278 2603 322 2648 in
349 2603 548 2649 Amelia
572 2612 620 2648 et
644 2603 784 2659 lecte,
809 2619 904 2647 non
929 2603 968 2648 si
994 2603 1175 2648 lacessi
1194 2602 1454 2660 preiuditio
1473 2602 1521 2647 al
1539 2617 1699 2647 secre-

70 2691 135 2737 to;
172 2689 220 2726 et
253 2696 343 2737 per
376 2681 632 2727 consultar
657 2696 769 2737 qua,
796 2696 824 2725 o
848 2679 1068 2725 scrinei-e
1099 2696 1215 2726 cose
1238 2680 1283 2726 di
1308 2679 1635 2736 edificatione,
1662 2679 1701 2725 si

119 2866 128 2885 ¹
181 2864 245 2902 Cf.
274 2864 507 2911 BONACINA,
536 2870 563 2903 t.
593 2865 623 2910 Ι,
652 2878 746 2912 pag.
778 2865 857 2911 175;
889 2864 1206 2907 CASTROPALAO.
1236 2869 1350 2911 parte
1383 2863 1456 2908 IV,
1489 2877 1582 2911 pag.
1621 2864 1699 2909 170;

69 2923 228 2971 ELBEL,
250 2929 277 2962 t.
298 2924 366 2970 III,
388 2937 482 2972 pag.
503 2924 586 2967 31&
608 2923 757 2966 CROIX,
778 2930 805 2962 t.
827 2925 876 2964 ΙΙ.
899 2938 992 2972 pag.
1014 2925 1096 2960 440.

117 2984 130 3004 ²
179 2983 510 3030 S.·ALPH0Nsus,
539 2984 765 3031 Theologia
787 2984 980 3028 Moralz's,
1003 2985 1029 3021 l.
1051 2983 1125 3027 VI,
1147 2988 1196 3020 tr.
1218 2982 1293 3027 IV,
1313 2996 1347 3021 c.
1368 2983 1437 3028 III,
1459 2996 1497 3020 n.
1517 2982 1599 3020 638.

116 3044 129 3064 ⁸
180 3044 376 3082 Monum.
398 3044 557 3091 Ignat„
578 3056 656 3081 ser.
680 3044 748 3089 La,
770 3043 885 3086 VIII,
906 3043 965 3080 96.

116 3103 130 3123 4
178 3103 294 3150 Ibid.,
313 3103 387 3148 IX,
407 3102 577 3141 366-367.

117 3163 129 3182 ⁵
181 3163 335 3200 Lainz'i
351 3163 562 3207 Monam„
582 3162 632 3209 ΙΙ,
656 3162 737 3199 196.
