2043 3467
412 272 457 310 <30
876 271 1094 310 LITTERAE
1121 272 1477 319 QUADRmsssrREs

1157 508 1209 557 ll

723 650 776 694 l’.
813 648 856 694 N
860 647 1161 695 ICOLAUS
1194 647 1625 694 BELLEFILLE

869 770 1038 797 PARISIIS
1064 760 1086 796 3
1111 770 1301 808 JANUARII
1332 760 1421 797 1557
1448 760 1472 797 ¹.

447 869 519 905 1-3.
551 868 738 906 Fructus
758 879 807 904 ex
827 870 1074 905 nostratum
1095 868 1315 905 laboribus
1330 868 1525 914 percepti
1542 867 1896 913 novitiorzmzque

754 929 1079 965 exercitationes
1099 928 1283 965 breviter
1300 929 1592 973 attinguntur.

424 1047 462 1092 1.
528 1046 691 1105 Jesus.
711 1045 888 1092 Maria.
911 1046 1130 1092 Primum
1149 1046 1360 1104 quidem,
1383 1045 1547 1103 quoad
1565 1044 1870 1102 spiritualem
1888 1043 1986 1089 fru-

361 1134 493 1170 ctum
527 1125 717 1181 attinet,
754 1124 949 1169 assidue
983 1124 1267 1169 insudamus
1298 1123 1691 1169 confessionibus
1715 1121 1984 1178 audiendis,

360 1202 442 1247 vbi
461 1201 723 1258 plurimum
742 1201 1003 1246 laboratur
1023 1217 1119 1258 quo
1139 1201 1455 1246 eradicentur
1475 1200 1620 1258 dumi,
1647 1208 1812 1245 sentes
1835 1207 1883 1244 et
1905 1198 1987 1244 tri-

360 1279 475 1335 buli,
504 1279 583 1335 qui
608 1278 687 1323 diu
711 1293 826 1324 suas
850 1278 1179 1324 extenderunt
1201 1279 1501 1335 propagines
1535 1278 1582 1323 in
1614 1286 1752 1323 terra
1790 1276 1988 1322 humani

362 1356 541 1413 cordis;
569 1364 617 1400 et
641 1355 866 1412 quamuis
889 1355 1032 1401 labor
1055 1364 1224 1401 noster
1243 1355 1371 1401 votis
1391 1371 1487 1400 non
1508 1354 1807 1412 respondeat
1825 1353 1988 1410 (nemo

361 1433 488 1478 enim
514 1441 588 1478 est
611 1433 738 1478 inter
763 1448 851 1478 nos
874 1432 954 1489 qui
979 1448 1030 1478 se
1054 1432 1237 1478 lubenti
1262 1431 1442 1489 animo,
1469 1432 1508 1477 si
1533 1432 1722 1488 liceret,
1749 1446 1847 1476 non
1879 1446 1987 1487 pre-

359 1511 498 1556 beret
537 1525 727 1567 eorum‚
770 1510 849 1566 qui
879 1509 1033 1555 vitam
1068 1509 1322 1566 propriam
1356 1525 1445 1567 pro
1481 1509 1610 1566 Xpo.
1649 1516 1983 1564 contemnunt,

358 1586 641 1645 aemulum),
668 1601 808 1631 suum
838 1595 1002 1632 tamen
1039 1602 1127 1643 per
1161 1586 1254 1632 Dei
1287 1587 1503 1643 gratiam
1539 1586 1858 1643 consequitur
1887 1585 1985 1630 fru-

358 1672 506 1709 ctum.
545 1663 673 1709 Nam
707 1663 929 1720 plerique
963 1663 1320 1720 propemodum
1355 1664 1645 1720 deploratae
1679 1663 1828 1721 vitae,
1855 1671 1903 1708 et
1927 1662 1987 1708 de

358 1742 531 1799 quibus
554 1757 792 1799 perquam
818 1742 1002 1799 exigua
1027 1757 1139 1799 spes
1162 1751 1272 1788 erat
1301 1741 1491 1800 salutis,
1527 1756 1657 1787 nunc
1690 1741 1853 1799 magis
1885 1756 1985 1786 ma-

356 1818 532 1875 gisque
557 1818 602 1864 in
627 1818 810 1875 pietate
833 1828 881 1864 et
905 1818 1127 1864 nouitate
1152 1819 1286 1864 vitae
1309 1819 1715 1876 progrediuntur.

415 1895 457 1941 2.
525 1895 923 1953 Frequentamus
947 1905 1148 1942 assueta
1173 1897 1282 1942 loca
1306 1897 1339 1954 2,
1372 1905 1549 1954 vtpote
1585 1896 1701 1942 edes
1732 1896 1829 1941 diui
1860 1894 1984 1942 Ger-

355 1974 484 2019 mani
520 1974 620 2030 (vbi
654 1974 869 2019 solemus
903 1974 1231 2030 penitentibus
1261 1983 1639 2021 sacrosanctam
1664 1973 1875 2031 synaxin
1899 1973 1985 2019 mi-

355 2051 604 2109 nistrare),
631 2050 858 2096 diuorum
882 2051 1009 2108 Lupi
1038 2059 1086 2096 et
1117 2050 1297 2109 Egidii‚
1330 2051 1557 2097 diuorum
1587 2050 1769 2097 Cosme
1802 2060 1852 2096 et
1884 2050 1983 2096 Da-

354 2128 517 2183 miani,
544 2128 641 2173 diui
667 2126 916 2186 Geruasii‚
944 2137 992 2174 et
1016 2128 1315 2185 monialium;
1343 2128 1535 2174 demum
1555 2128 1806 2174 custodias
1832 2127 1984 2185 publi-

354 2221 455 2262 cas,
484 2205 565 2251 vbi
590 2214 664 2251 est
687 2206 861 2262 ingens
884 2205 1081 2262 pietatis
1105 2206 1329 2262 penuria.

408 2283 451 2329 3.
517 2282 687 2328 Nostri
707 2292 927 2339 tyrones,
956 2282 1100 2328 modo
1124 2282 1325 2328 assiduo
1344 2282 1575 2328 conflictu
1595 2282 1984 2339 disputationum

352 2368 668 2416 exercentur,
711 2359 856 2405 modo
896 2359 1192 2416 declamant,
1239 2360 1385 2405 modo
1431 2359 1702 2405 vernaculo
1747 2359 1981 2405 idiomate

351 2437 723 2493 concionantur,
752 2446 799 2483 et
823 2452 939 2483 suos
963 2445 1171 2482 conatus
1196 2437 1428 2495 limando,
1466 2446 1739 2495 properant
1772 2437 1835 2483 ad
1869 2452 1983 2482 con-

349 2514 725 2560 summationem
759 2514 1018 2559 deducere.
1056 2512 1161 2559 Nec
1194 2513 1388 2559 interim
1422 2514 1512 2560 sibi
1546 2514 1723 2560 desunt
1760 2513 1807 2559 in
1842 2513 1982 2559 bonis

403 2671 412 2689 ¹
464 2669 608 2706 Exstat
627 2669 881 2716 autographa
899 2668 939 2705 in
957 2668 1093 2705 codice
1118 2667 1284 2705 Hz‘stor.
1315 2668 1405 2706 Soc.
1435 2668 1529 2714 173,
1557 2668 1581 2705 2
1605 2668 1663 2715 ff.‚
1693 2682 1759 2707 nn.
1787 2668 1870 2714 326,
1900 2668 1982 2714 327;

353 2728 463 2775 prius
489 2728 570 2765 249.
594 2728 709 2774 Quae
729 2741 819 2765 cum
838 2728 937 2765 nihil
956 2727 1041 2765 fere
1060 2727 1122 2774 sit,
1145 2727 1219 2764 nisi
1238 2740 1351 2764 mera
1369 2728 1628 2776 amplificatio
1647 2729 1861 2774 rhetorica,
1884 2729 1984 2765 inte-

353 2800 428 2834 gra
448 2787 532 2824 fere
552 2788 687 2825 deleta
705 2787 778 2824 fuit
798 2801 821 2824 a
839 2787 1029 2824 Polanco.
1050 2786 1187 2824 Pauca
1205 2799 1309 2834 quae
1335 2787 1405 2824 ille
1432 2788 1611 2835 reliquit,
1640 2792 1797 2825 tantum
1826 2788 1979 2825 damus.
2042 2814 2043 2824 i

353 2847 645 2894 Apographum
676 2848 896 2884 secundum
927 2846 1098 2883 Polanci-
1125 2847 1395 2884 correctiones
1427 2852 1558 2884 exstat
1592 2847 1633 2884 in
1661 2848 1802 2885 eodem
1830 2848 1979 2892 codice,

350 2906 418 2943 fol.
439 2906 521 2948 331,
543 2907 616 2943 sub
635 2908 708 2943 hoc
727 2907 857 2943 titulo:
883 2905 965 2943 «Ex
984 2906 1073 2943 aliis
1092 2905 1238 2942 litteris
1257 2905 1350 2943 Mri.
1380 2906 1537 2944 Nicolai
1566 2906 1783 2945 Bellefille.
1813 2907 1980 2944 Parisiis

348 2966 371 3002 3
389 2965 604 3002 Februarii
625 2966 752 3002 1557.»
772 2966 818 3002 In
836 2965 1088 3013 autographo
1106 2965 1278 3013 scriptus
1298 2970 1359 3002 est
1377 2979 1506 3003 annus
1529 2967 1619 3003 1556
1645 2967 1866 3004 secundum
1893 2979 1984 3003 nor-

350 3038 456 3062 mam
475 3025 731 3072 computandi
750 3030 908 3072 tempus
927 3031 1022 3062 tunc
1039 3025 1080 3061 in
1099 3023 1239 3062 Gallia
1257 3031 1475 3063 servatam.

397 3085 410 3104 ²
462 3083 526 3122 Cf.
547 3085 600 3122 sis
619 3084 719 3122 Lz'tt.
739 3085 991 3131 Quadrz'm„
1011 3084 1086 3131 IV,
1110 3084 1176 3121 190
1196 3097 1282 3132 sqq.
