1909 3328
239 275 308 310 564
716 274 933 311 LITTERAE
960 274 1313 319 QUADRIMEsTREs

193 382 276 412 res
330 369 631 413 narrandas
670 370 830 424 parvi
870 383 980 414 esse
1023 369 1302 424 momenti}
1351 367 1402 413 Si
1448 369 1686 414 conuiene
1730 369 1820 415 che

192 444 522 500 grandissime
556 445 753 501 gratiae
785 461 813 490 a
848 445 983 490 Iddio
1009 445 1263 489 rendiamo
1288 445 1469 501 perche
1494 445 1573 501 qui
1597 445 1642 489 in
1668 446 1820 491 molta

193 522 359 578 gratia
400 522 445 566 di
484 531 611 566 tutta
652 523 697 566 la
737 523 835 567 cita
876 523 1048 571 siamo,
1086 532 1134 567 et
1169 523 1320 566 molto
1361 523 1423 566 da
1463 523 1624 578 quella
1663 522 1820 567 siamo
1873 537 1876 540 ⁴

196 599 363 655 amati3
392 599 419 642 il
455 599 545 643 che
582 600 717 644 molti
752 600 893 656 segni
929 600 970 644 ci
995 600 1312 655 dimostran03
1342 609 1389 644 et
1413 589 1842 655 principalmente*

195 685 384 731 questo,
412 676 501 720 che
526 691 680 720 sonno
705 677 784 732 qui
811 676 854 720 in
888 676 1141 732 Syracusa
1178 691 1272 719 non
1308 675 1467 731 pochi,
1506 675 1618 731 quai
1653 675 1819 720 huma-

194 751 494 796 nissamente
520 750 629 809 [sic]
656 752 700 797 in
725 753 840 809 ogni
865 768 983 797 cosa
1009 751 1372 806 s'offerisconO,
1406 752 1485 796 dai
1521 752 1651 808 quali
1687 753 1820 797 molti

193 829 305 874 doni
330 845 418 885 per
443 830 489 873 la
513 839 685 874 nostra
709 829 875 874 chiesa
901 845 1072 885 spesso
1094 829 1379 885 riceuiamo;
1402 839 1450 874 et
1469 829 1820 885 specialmente

192 922 222 950 a
246 906 404 962 questi
428 906 592 963 giorni
627 906 894 951 habbiamo
929 905 1409 962 apertissimamente
1443 905 1767 963 cognosciuto
1792 906 1823 950 il

193 983 267 1027 lor
292 982 606 1027 buon’animo
627 998 774 1027 uerso
795 984 821 1027 il
844 983 1108 1039 colleggio,
1132 983 1475 1028 conciosiache
1494 983 1777 1027 hane72doci
1802 985 1822 1003 a

191 1070 323 1105 stato
348 1060 465 1105 dato
491 1061 622 1104 dalla
647 1060 802 1105 Illma,
830 1061 1033 1116 signora
1058 1060 1301 1104 duchessa
1321 1059 1366 1103 di
1390 1058 1583 1104 Biuona
1608 1060 1617 1083 ¹
1645 1059 1820 1105 alcune

193 1137 397 1193 reliquie
428 1136 471 1180 di
502 1135 606 1181 Sta.
645 1136 804 1181 chia
839 1152 1164 1192 syracusana,
1203 1137 1311 1180 loro
1336 1136 1568 1193 gl’hanno
1591 1135 1820 1181 edificato

191 1214 303 1258 nela
327 1222 499 1258 nostra
523 1213 690 1258 chiesa
725 1229 821 1258 una
857 1213 1122 1258 bellissima
1157 1213 1398 1269 cappella.
1436 1212 1512 1258 La
1547 1213 1672 1258 onde
1711 1214 1821 1269 quei

192 1291 282 1335 che
303 1290 346 1334 di
368 1290 526 1346 prima
546 1289 768 1335 c’furono
785 1290 1040 1347 contrarii,
1061 1291 1410 1346 cognoscendo
1428 1290 1604 1334 l'amor
1620 1290 1819 1347 degl'al-

192 1367 254 1412 tri
297 1383 443 1413 uerso
484 1377 656 1423 questo
697 1368 962 1423 colleggio‚
1001 1368 1125 1412 hora
1165 1367 1561 1412 domandandoci
1600 1368 1820 1423 perdono

192 1445 268 1490 del
302 1461 391 1489 suo
425 1445 544 1490 fallo
579 1445 616 1489 si
652 1460 738 1489 son
780 1445 943 1489 venuti
980 1460 1007 1489 a
1044 1443 1304 1489 confessas
1335 1444 1668 1501 humilmente3
1697 1445 1820 1489 delle

191 1522 269 1567 cui
293 1531 431 1567 certo
456 1522 752 1567 confessioni
778 1522 869 1567 che
891 1522 1044 1566 frutto
1070 1522 1098 1566 il
1121 1520 1337 1577 Signore
1362 1523 1468 1566 suol
1503 1537 1706 1577 cauare,
1733 1537 1821 1578 per

192 1599 235 1644 le
260 1600 334 1643 lor
359 1599 557 1655 proprie
589 1599 759 1655 parole
795 1614 999 1655 appare,
1028 1599 1208 1654 perche
1246 1598 1610 1654 publicamente
1645 1598 1820 1643 dicono

192 1676 281 1721 che
305 1676 384 1721 dai
410 1677 563 1721 nostri
590 1675 737 1720 Padri
774 1675 811 1720 si
847 1686 1054 1720 sentono
1080 1691 1218 1720 esser
1242 1676 1598 1732 grandemente
1623 1676 1819 1720 instrut-

191 1753 242 1809 ti3
270 1753 396 1798 onde
431 1754 508 1798 un'
539 1754 684 1798 nobil'
716 1754 861 1798 homo
887 1764 934 1798 et
959 1754 1003 1797 di
1028 1753 1460 1810 grand'authorita
1484 1753 1822 1797 chiaramente

191 1831 254 1875 ha
289 1830 570 1882 testificato,
609 1831 738 1875 nella
773 1831 871 1875 cita
909 1831 952 1874 di
987 1828 1243 1886 Syracusa
1278 1830 1446 1875 auanti
1483 1830 1573 1875 che
1608 1830 1655 1874 vi
1689 1828 1821 1875 fosse

190 1906 330 1952 fatt‘il
367 1907 618 1964 colleggio
654 1907 683 1951 il
717 1908 850 1952 culto
886 1907 1050 1951 diuino
1086 1907 1130 1952 in
1168 1922 1294 1963 poca
1330 1907 1653 1951 veneratione
1683 1921 1822 1951 esser

190 1993 337 2039 stato;
366 1987 406 2028 si
430 1985 520 2029 che
544 2000 596 2029 se
621 2000 649 2029 a
675 1995 848 2040 questa
873 1984 1064 2040 grande
1088 1999 1248 2029 messe
1273 1983 1408 2028 molti
1431 1983 1647 2039 operarii
1668 1983 1820 2028 fosse-

191 2076 248 2105 ro
273 2061 507 2117 mandati,
536 2076 687 2106 senza
712 2061 859 2106 dubio
886 2060 1118 2117 maggior
1144 2060 1300 2105 frutto
1324 2060 1363 2105 si
1389 2060 1684 2105 uederebbe.

250 2137 291 2183 2.
359 2137 544 2194 Quanti
569 2138 763 2182 homeni
789 2138 835 2182 al
860 2153 1030 2194 spesso
1057 2153 1143 2193 per
1163 2138 1369 2193 penuria
1389 2136 1434 2181 di
1459 2137 1708 2182 sacerdoti
1732 2152 1819 2182 son

188 2215 428 2261 constreti
464 2231 611 2260 senza
646 2215 947 2260 confessarsi
983 2215 1277 2260 andarsene.
1316 2214 1606 2271 lmperoche
1640 2215 1712 2259 sol
1745 2223 1820 2259 tre

191 2292 441 2337 sacerdoti
466 2293 546 2348 qui
571 2292 854 2348 habbiamo,
883 2308 943 2336 un
963 2292 1038 2336 dei
1059 2292 1189 2348 quali
1214 2296 1240 2337 e
1265 2291 1294 2335 il
1321 2291 1447 2336 Rdo.
1472 2290 1551 2335 Re
1572 2300 1761 2336 rettore
1785 2291 1817 2347 2,

190 2370 336 2427 quale
361 2370 493 2414 oltra
518 2370 560 2414 le
585 2369 855 2414 domestice
880 2369 1209 2425 occupationi,
1237 2369 1471 2414 etiamdio
1497 2369 1538 2413 le
1563 2368 1689 2413 feste
1713 2383 1819 2424 pre-

191 2447 316 2492 dica.
345 2447 537 2492 L'altro
562 2450 588 2491 e
613 2456 802 2492 mastro
827 2446 872 2491 di
895 2447 1033 2491 scola
1058 2455 1106 2491 et
1131 2445 1247 2502 ogni
1272 2446 1452 2502 giorno
1476 2462 1563 2502 per
1597 2445 1665 2490 sei
1700 2446 1819 2490 hore

191 2523 400 2580 insegna
424 2523 454 2568 li
480 2523 714 2581 fanciulli;
743 2523 786 2567 di
813 2537 1017 2568 manera
1042 2523 1131 2568 che
1155 2523 1260 2567 solo
1295 2539 1357 2567 un
1391 2522 1653 2567 sacerdote
1685 2530 1819 2566 resta

238 2660 257 2678 ἃ
307 2660 558 2696 hessendoci.

240 2787 247 2804 ¹
301 2784 513 2822 Elisabeth
532 2785 581 2822 de
604 2785 642 2821 V
647 2798 737 2832 ega.
765 2784 867 2821 Vide
887 2783 1086 2830 superius,
1107 2795 1231 2830 pagg.
1251 2783 1422 2820 556-557.

238 2845 250 2863 ‘·'
300 2843 345 2881 P.
362 2844 541 2890 Joannes
559 2844 770 2891 Philippus
790 2843 965 2881 Cassini.
988 2842 1049 2879 Ex
1064 2842 1348 2879 informatione
1368 2856 1390 2879 a
1406 2843 1450 2879 P.
1471 2842 1630 2879 Cassini
1648 2843 1818 2878 Romam

189 2903 311 2939 missa
329 2904 511 2950 proxima
529 2910 700 2948 aestate,
721 2909 902 2951 tempore
930 2915 1075 2949 nempe
1103 2902 1434 2949 congregationis
1461 2902 1682 2949 generalis,
1712 2900 1819 2937 novi-

190 2976 277 2999 mus
304 2964 402 2999 duos
427 2964 527 3000 alios
546 2965 777 3001 sacerdotes
796 2963 960 3010 collegii
979 2963 1103 2999 fuisse
1122 2962 1168 2998 P.
1189 2961 1448 2998 Dominicum
1469 2961 1689 3002 Collinum,
1710 2961 1818 2996 vale-

190 3022 449 3066 tudinarium,
480 3029 519 3059 et
545 3023 591 3059 Ρ.
620 3019 868 3060 Michaelem
892 3037 916 3060 a
942 3023 1174 3067 Letavalle,
1204 3022 1358 3069 primae
1389 3022 1530 3058 classis
1558 3020 1812 3067 magistrum.

187 3081 398 3118 Invenitur
418 3082 456 3118 in
477 3083 612 3119 codice
634 3083 716 3120 Sic.
739 3082 809 3127 59,
830 3096 897 3119 nn.
918 3081 1001 3126 209,
1021 3081 1103 3118 210.
