1909 3328
230 221 299 257 734
697 216 918 253 LITTERAE
944 215 1299 261 QUADRIMESTRFAE

956 455 1007 505 17
1014 453 1049 505 9

640 573 923 621 MARCUS
963 571 1356 618 VALDESIUS

740 679 913 706 PERUSIO
940 669 961 704 4
987 678 1090 715 JULII
1121 668 1211 704 1558
1239 669 1262 701 ¹.

190 758 217 789 1.
243 756 490 792 Domestica
511 754 749 800 disciplina
770 751 1029 799 vigea—23.
1053 752 1101 788 P.
1130 751 1335 788 Andreae
1362 760 1492 793 mors,
1523 750 1723 794 elogium,
1744 749 1818 794 fu-

257 826 357 851 nus.
371 815 450 850 —4.
474 814 699 851 Numerus
714 813 1035 859 discipulorum
1051 812 1222 848 scholas
1238 809 1816 856 nostrasfrequentantiam.

257 875 291 912 5.
315 875 476 912 Exorta
494 874 708 911 adversus
724 876 923 910 nostram
939 871 1127 908 docendi
1145 872 1358 908 rationem
1375 870 1581 916 procella,
1603 867 1817 915 quomodo

257 935 477 980 dissipata
495 935 652 971 sia—(w.
674 933 935 970 Adolescens
955 934 999 968 in
1022 932 1278 968 Societatem
1297 929 1627 967 adnzissus.—7.
1646 927 1712 965 Ex
1727 938 1820 964 con-

259 996 450 1034 tionibus
485 997 524 1031 et
558 993 901 1038 confessionibus
938 991 1082 1038 major
1114 993 1159 1027 in
1195 990 1288 1027 dies
1314 990 1494 1035 fructus
1530 989 1818 1034 colligitur.—

258 1057 294 1094 8.
318 1055 533 1100 Exempla
560 1053 783 1100 quaedam
813 1054 857 1089 in
887 1054 1131 1088 mutatione
1157 1055 1252 1087 tum
1282 1060 1470 1093 morum,
1500 1052 1595 1085 tum
1622 1049 1819 1085 volunta-

259 1122 353 1155 tum
374 1117 658 1153 enarrantur.
672 1114 755 1149 —9.
777 1113 929 1149 Nostri
945 1123 1021 1149 nec
1040 1121 1232 1148 carceres
1252 1121 1328 1147 nec
1345 1109 1614 1147 xenodochia
1640 1107 1819 1149 adeunl,

260 1178 348 1214 nisi
366 1177 523 1221 rogalz',·
535 1185 673 1221 qnare
687 1175 748 1209 z'ta
764 1184 809 1209 se
817 1171 1101 1218 gerant.—10.
1123 1170 1375 1207 Cardinalis
1390 1170 1645 1215 perusinus,
1663 1168 1821 1213 episco-

260 1241 343 1283 pus
363 1239 401 1272 et
414 1234 683 1280 gubernator
701 1234 852 1269 onznia
875 1235 1021 1268 nostra
1043 1234 1083 1267 et
1100 1233 1260 1267 curant
1279 1233 1318 1266 et
1335 1231 1527 1266 tuentur.

254 1321 292 1366 l.
359 1326 386 1374 †
422 1318 529 1363 Pax
567 1317 680 1374 Xpi.
724 1316 862 1373 Quae
906 1316 978 1360 his
1022 1313 1261 1371 proximis
1300 1323 1514 1369 quatuor
1556 1310 1820 1363 mensibus,

191 1399 251 1443 R.
280 1398 352 1454 R,
380 1406 525 1453 gesta
549 1405 677 1452 sunt,
705 1394 843 1440 breui
878 1393 940 1439 ad
975 1402 1021 1438 te
1056 1392 1442 1438 conscribemus.
1480 1389 1577 1446 Qui
1610 1388 1819 1442 fructus,

192 1476 282 1521 etsi
315 1475 440 1519 tales
474 1488 570 1518 non
595 1481 721 1527 sunt,
750 1472 921 1528 quales
946 1470 1060 1516 alibi
1085 1470 1218 1515 aedit
1242 1468 1470 1514 Societas
1492 1466 1628 1525 Jesu3
1656 1473 1821 1510 tamen

193 1554 307 1610 quia
331 1561 617 1598 nostrorum
643 1550 854 1596 studium
881 1565 968 1605 per
992 1564 1115 1605 quos
1138 1547 1204 1592 illi
1230 1546 1415 1604 percipi
1441 1545 1615 1602 solent,
1643 1558 1702 1588 ac
1726 1541 1825 1587 dili—

194 1631 364 1688 gentia
389 1646 483 1675 non
510 1628 680 1685 defuit,
707 1627 904 1673 futuros
927 1627 1012 1672 tibi
1032 1624 1409 1671 iucundissimos
1428 1636 1705 1680 speramus.
1729 1619 1822 1665 Ex·

195 1724 373 1766 ponam
398 1708 562 1765 itaque
587 1707 723 1763 prius
746 1721 871 1763 quae
896 1705 1023 1749 inter
1047 1718 1152 1761 nos;
1181 1713 1284 1749 tum
1308 1717 1436 1758 quae
1459 1700 1505 1745 in
1531 1699 1712 1745 scholis
1745 1713 1826 1755 ge-

197 1795 388 1842 rantur3
416 1793 667 1841 postremo
692 1799 755 1828 ex
778 1792 1065 1828 nostrorum
1090 1781 1250 1826 studio
1276 1788 1513 1837 quantum
1544 1777 1606 1822 ad
1641 1775 1828 1821 alienos

195 1872 243 1910 et
276 1863 470 1909 fructus
504 1871 551 1907 et
585 1860 809 1907 utilitatis
843 1859 1143 1917 peruenerit,
1180 1867 1233 1904 ut
1268 1858 1376 1902 Deo
1411 1855 1629 1901 maximo
1663 1870 1692 1899 a
1732 1868 1828 1910 quo

196 1951 376 1987 cuncta
400 1942 529 1986 bona
564 1948 878 1996 promanant,
917 1946 1124 1983 aeterna
1158 1937 1266 1981 laus
1301 1950 1360 1980 ac
1394 1941 1635 1990 perpetua
1665 1930 1827 1987 gloria

202 2013 464 2065 tribuatur.

286 2096 474 2142 Omnes
497 2095 699 2150 fratres,
726 2093 868 2139 sicuti
893 2101 1059 2137 aetate
1093 2106 1152 2136 ac
1187 2100 1427 2146 tempore,
1464 2088 1532 2134 ita
1566 2096 1614 2132 et
1647 2085 1829 2130 uirtute

199 2185 248 2221 et
281 2174 522 2231 religione
562 2172 851 2229 procedunt,
885 2179 936 2215 ut
969 2170 1127 2214 nullus
1161 2169 1238 2224 sit,
1277 2167 1415 2213 cuius
1450 2181 1546 2221 ego
1581 2175 1627 2210 et
1666 2162 1830 2208 mode-

199 2253 343 2298 stiam
368 2267 464 2297 non
489 2250 685 2296 laudem
710 2258 758 2294 et
783 2246 1113 2294 constantiam
1145 2245 1277 2303 [non]
1305 2247 1325 2266 a
1348 2243 1582 2289 admirer.
1610 2240 1832 2297 Quisque

200 2345 289 2375 suo
312 2329 537 2386 fungitur
562 2342 784 2381 munere,
811 2324 975 2382 quoad
998 2323 1103 2368 fieri
1138 2331 1316 2380 potest,
1354 2318 1743 2377 diligentissime,
1781 2326 1834 2361 ut

201 2405 486 2463 turpissimo
522 2405 648 2462 ocio,
685 2403 814 2460 quod
848 2401 1115 2458 praeclara
1149 2414 1299 2456 saepe
1332 2397 1532 2454 ingenia
1566 2392 1828 2450 corumpit‚

204 2484 317 2529 nihil
343 2483 437 2529 loci
462 2482 787 2540 relinquatur.

262 2561 303 2606 2.
372 2560 522 2606 Pater
563 2559 793 2605 Andreas
833 2558 865 2614 2,
907 2556 984 2602 vir
1023 2570 1214 2600 summa
1254 2552 1509 2610 diligentia
1549 2562 1595 2596 et
1634 2550 1830 2605 uirtute,

251 2722 268 2742 ὃ
314 2714 607 2751 Desideratur
622 2713 728 2750 haec
743 2711 968 2759 particula
988 2711 1034 2746 in
1054 2718 1134 2745 ms.

256 2860 265 2877 ¹
317 2857 379 2893 Ex
398 2855 587 2903 originali
608 2855 648 2892 in
667 2854 803 2891 codice
822 2853 950 2890 Rom.
972 2850 1056 2888 126
1082 2849 1133 2895 A,
1162 2848 1185 2884 2
1210 2847 1268 2894 ff,
1296 2860 1367 2885 nn.
1395 2846 1454 2889 58,
1483 2845 1542 2888 59;
1574 2845 1684 2891 prius
1712 2842 1833 2880 85-87.

207 2916 440 2954 Secundum
466 2916 657 2958 HANSEN,
686 2912 951 2951 Rlzez'nz'sche
977 2910 1177 2952 Aleten...
1205 2907 1288 2953 766,
1318 2911 1378 2944 est
1406 2904 1685 2953 apographum
1710 2903 1750 2939 in
1776 2914 1836 2939 ar·

208 2976 324 3013 chivo
343 2975 582 3012 coloniensi.

256 3036 268 3054 ‘·'
318 3035 363 3072 P.
387 3034 576 3070 Andreas
595 3032 843 3070 Galvanello
862 3029 1039 3076 intelligi
1057 3028 1229 3064 videtur.
1254 3025 1318 3063 Cf.
1339 3025 1477 3071 Epist.
1505 3023 1641 3067 Mz'xt.‚
1673 3021 1725 3065 V,
1754 3020 1834 3057 435.
