1909 3328
236 173 305 209 678
705 177 925 215 LITTERAE
952 179 1306 225 QUADRIMESTRES

188 262 247 307 de
272 263 447 319 quibus
480 280 630 322 saepe
656 267 811 312 literis
847 269 1110 315 certiorem
1145 271 1352 319 fecimus
1376 274 1443 320 V.
1472 276 1545 333 P.,
1573 294 1695 334 pene
1720 280 1815 326 iam

188 339 401 385 liberare
427 357 514 386 nos
540 352 614 387 est
639 343 860 401 dignata.
888 346 998 391 Non
1023 362 1208 404 operae
1242 351 1452 406 pretium
1483 353 1615 411 duxi,
1642 371 1814 403 earum

187 418 475 463 memoriam
512 435 775 473 renouare,
804 422 892 467 nisi
918 423 1011 469 hae
1034 424 1251 472 fortasse
1275 427 1335 473 de
1359 443 1528 487 eausa,
1553 441 1610 491 'vt
1634 433 1814 480 elarius

184 493 276 538 Dei
312 495 506 541 bonitas
542 506 710 543 mutua
744 499 1026 555 gratiarum
1067 502 1263 549 actione
1298 505 1565 564 elucescat,
1603 509 1683 565 qui
1718 526 1814 557 non

183 572 340 616 solum
375 572 548 630 adfuit,
587 575 673 620 sed
708 585 756 621 et
796 576 1209 625 claementissime
1249 582 1464 637 praefuit
1503 584 1548 629 in
1589 587 1815 634 omnibus

182 650 442 708 angustiis,
470 660 518 696 et
544 651 712 698 effecit
736 654 963 710 profecto
999 667 1050 701 vt
1085 673 1179 702 non
1215 659 1362 704 modo
1396 676 1641 709 caesarea
1666 666 1814 712 maie-

182 736 285 772 stas
311 730 321 752 ¹
352 737 399 773 et
424 729 651 787 princeps
674 732 1020 779 serenissimus
1044 735 1059 759 2
1084 736 1237 782 multa
1262 748 1309 782 et
1332 753 1422 784 sua
1457 752 1694 788 consueta
1717 744 1812 800 pie-

180 813 282 849 tate
306 820 396 850 nos
422 819 860 864 prosequerentur,
888 811 972 856 sed
1008 820 1056 857 et
1090 813 1301 860 aliorum
1334 816 1717 872 splendidiorum
1744 822 1811 867 vi·

180 897 367 938 rorum,
396 884 475 939 qui
511 893 661 930 antea
695 886 833 932 nobis
868 887 1129 934 aduersari
1154 891 1235 936 vel
1259 901 1396 938 certe
1421 895 1500 951 qui
1523 904 1697 942 nostra
1726 914 1805 943 ne-

177 958 372 1015 gligere
398 960 710 1019 videbantur,
741 964 930 1009 animos
965 967 1225 1025 pei-mouit,
1266 977 1318 1014 vt
1343 970 1722 1020 humanissimos
1756 991 1810 1021 se

177 1036 317 1081 nobis
343 1038 658 1095 praeberent,
687 1041 988 1098 negotiaque
1011 1053 1186 1090 nostra
1210 1046 1473 1103 diligenter
1497 1051 1804 1107 expedirent.

177 1111 435 1160 Caesarea
462 1116 698 1162 maiestas
722 1118 933 1175 collegio
958 1120 1161 1167 donauit
1179 1121 1281 1181 750,
1304 1125 1533 1183 princeps
1558 1130 1577 1148 a
1599 1130 1806 1175 serenis-

176 1190 328 1236 simus
362 1192 445 1238 100
479 1193 692 1252 daleros;
723 1194 906 1252 quibus
939 1201 1048 1243 tum
1083 1198 1252 1245 debita
1285 1206 1549 1264 contracta
1582 1205 1811 1263 obsopiri

174 1272 222 1312 et
243 1269 406 1314 deleri
421 1275 681 1326 poterant,
708 1276 817 1317 tmn
852 1273 1063 1332 collegio
1098 1276 1151 1321 in
1185 1292 1247 1322 ea
1281 1280 1584 1326 necessitate
1617 1282 1669 1327 in
1704 1298 1807 1341 qua

173 1350 293 1391 tnnc
335 1351 464 1404 erat)
503 1362 603 1393 non
643 1350 970 1397 mediocriter
1001 1355 1287 1410 prouideri.
1325 1357 1505 1416 Neque
1542 1361 1810 1420 satisfuit

173 1424 333 1470 isthoc
354 1430 508 1481 pacto
529 1428 767 1484 prospici
788 1429 1016 1487 collegio,
1044 1432 1148 1477 nisi
1169 1438 1217 1478 et
1239 1434 1289 1479 in
1309 1440 1579 1491 posteram
1602 1439 1733 1485 satis
1756 1441 1805 1486 ei

173 1507 306 1548 esset
328 1507 556 1549 cardian.
584 1504 726 1551 Nam
761 1520 843 1551 res
876 1507 1157 1555 oibz'nensis
1179 1510 1212 1568 ³,
1238 1525 1371 1569 quae
1403 1527 1504 1559 non
1539 1515 1678 1561 lenes
1700 1521 1802 1563 tnr-

174 1579 267 1624 bas
301 1594 678 1639 nonnunquam
712 1583 866 1640 dedit,
889 1586 1089 1641 partim
1118 1592 1219 1644 per
1250 1589 1473 1636 Patrnm
1506 1597 1803 1640 nostrornm

171 1662 401 1714 operam,
426 1658 516 1715 qni
538 1672 639 1704 non
663 1660 852 1717 exigno
871 1662 1044 1707 labore
1067 1668 1115 1709 et
1136 1666 1295 1711 multo
1319 1669 1647 1726 cnmfanore
1668 1685 1802 1717 sere-

169 1733 379 1780 nissimi
391 1735 653 1796 principis
678 1737 766 1782 illa
790 1740 1001 1796 negotia
1025 1746 1273 1798 ceperunt
1288 1747 1529 1804 tractare,
1546 1747 1804 1804 foeliciter

162 1816 298 1867 pene
332 1816 408 1857 est
441 1814 742 1870 composita,
775 1817 973 1872 partim
1013 1819 1108 1864 cito
1143 1825 1241 1877 per
1274 1823 1675 1883 commissarios,
1712 1828 1803 1885 qni

166 1888 273 1934 iam
298 1890 416 1935 illuc
443 1895 574 1936 sant
583 1892 823 1950 profecti,
850 1894 1147 1942 leniendam
1180 1902 1229 1943 et
1259 1901 1468 1946 omnino
1497 1904 1799 1958 pacandam

165 1972 462 2022 speramus.

224 2044 265 2090 2.
347 2046 403 2091 Vt
458 2051 631 2093 antem
682 2050 1019 2106 manifestius
1056 2054 1220 2108 paulo
1274 2056 1617 2116 intelligatur,
1663 2061 1798 2106 vnde

163 2121 290 2166 llaec
329 2123 499 2169 debita
537 2125 643 2169 sint
681 2126 921 2184 conflata,
965 2142 1185 2185 quornm
1219 2132 1326 2177 iam
1365 2135 1713 2194 meminimus,
1751 2143 1799 2183 et

163 2199 290 2255 qnid
316 2200 436 2246 boni
456 2216 521 2246 ex
544 2202 806 2249 laboribus
828 2208 935 2250 tam
960 2205 1199 2266 Patriam,
1226 2223 1384 2267 qaam
1418 2214 1793 2261 commissario-

163 2290 279 2322 rum
304 2278 376 2322 ad
396 2278 682 2326 vberiorem
705 2280 808 2326 Dei
830 2282 1061 2339 gloriam
1085 2289 1133 2330 et
1155 2286 1588 2336 abundantiorem
1616 2294 1794 2348 proxi-

162 2367 364 2400 Jnorum
388 2357 660 2403 vtilitatem
694 2359 809 2404 elici
836 2364 992 2416 posse
1023 2367 1318 2421 speremus,·
1326 2366 1497 2424 facile
1520 2382 1581 2413 ac
1603 2369 1792 2415 breuis-

159 2432 289 2477 sime
313 2433 370 2478 id
404 2433 452 2479 T.
491 2435 556 2480 R.
596 2437 852 2492 aperiam.
881 2437 1009 2484 Cum
1043 2439 1232 2486 Patres
1264 2442 1364 2488 Inte
1387 2445 1623 2500 primum
1655 2448 1791 2493 veni-

160 2514 286 2566 rent,
314 2511 652 2559 habitationis
686 2519 895 2561 nostrae
929 2517 1225 2575 aedificium
1259 2522 1479 2568 necdum
1513 2528 1628 2570 erat
1649 2525 1790 2571 abso-

158 2582 339 2632 lutum.
368 2588 604 2635 Inianxit
626 2593 994 2639 serenissimus
1017 2609 1124 2651 rex,
1162 2610 1299 2643 nunc
1333 2603 1507 2646 autem
1542 2615 1790 2648 caesarea

277 2737 442 2785 princep
463 2751 542 2777 ms.

204 2869 213 2888 ¹
266 2868 550 2909 Ferdinandus
568 2874 803 2921 imperator.

201 2928 214 2947 ²
265 2928 562 2978 Ferdinandus,
584 2933 841 2981 imperatoris
858 2936 976 2974 filius.

201 2988 214 3007 ³
264 2987 370 3026 Vide
394 2992 593 3038 superius,
613 3006 707 3041 pag.
727 2994 786 3031 27.
