1909 3328
235 272 305 307 860
697 272 917 308 LITTERAE
944 272 1302 317 QUADRIMESTRES

258 373 323 419 10.
392 374 551 419 Porro
575 373 701 420 inter
735 374 833 420 alia
867 376 1125 431 praeclare
1149 391 1179 421 a
1201 376 1328 422 Rdo.
1356 375 1432 422 Re
1461 377 1591 433 apud
1615 392 1703 423 nos
1726 393 1805 434 ge-

191 461 283 507 sta,
312 451 439 496 istud
464 460 599 496 certe
624 461 796 497 notatu
821 467 918 497 non
942 452 1194 509 indignum
1219 454 1404 509 censui,
1431 454 1657 500 nimirum
1682 457 1809 511 quod

190 544 298 573 cum
336 527 520 573 fratres
560 537 607 574 et
645 529 824 575 Patres
862 529 1004 576 huius
1042 530 1237 588 collegii
1272 546 1441 576 omnes
1479 546 1650 577 casum
1685 531 1808 578 illius

194 605 367 651 fratris
405 605 561 651 nostri
602 605 855 664 deflerent,
893 607 973 664 qui
1012 622 1162 664 supra
1200 607 1447 653 biennium
1481 607 1594 654 ficto
1628 608 1806 666 animo,

190 697 300 728 cum
325 682 670 729 aedificatione
704 693 871 730 tamen
906 685 1139 743 omnium,
1165 685 1211 730 in
1236 684 1490 731 Societate
1524 685 1737 744 vixerat,
1763 695 1810 733 et

190 761 233 806 in
260 761 433 806 eadem
458 760 654 808 fictione
688 777 784 807 non
819 761 977 808 solum
1002 772 1320 809 sacramenta
1343 763 1703 822 frequentarat,
1729 780 1808 810 ve-

192 854 300 884 rum
335 847 455 884 vota
490 854 684 896 quoque
718 848 765 885 et
798 839 990 885 fecerat
1024 849 1072 886 et
1106 850 1394 894 renouarat.
1433 856 1559 899 cum,
1592 841 1806 900 inquam,

189 916 400 962 fratrem
424 916 553 961 hunc
577 916 848 963 tentatione
872 917 932 963 de
957 917 1178 964 instituto
1211 918 1306 964 hoc
1339 929 1509 964 nostro
1540 918 1810 965 deserendo

191 1005 237 1039 et
261 994 549 1052 parentibus
591 994 808 1040 visendis
833 995 1000 1052 eisque
1025 996 1248 1041 iuuandis
1273 996 1369 1041 iarn
1393 1006 1695 1053 superatum,
1722 1011 1810 1042 nec

191 1072 438 1118 blanditiis
462 1088 554 1119 nec
577 1073 856 1119 terroribus
873 1088 964 1119 nec
983 1073 1294 1119 orationibus
1312 1073 1522 1119 assiduis
1546 1073 1608 1119 ad
1633 1073 1807 1131 Deum,

191 1165 284 1196 non
310 1150 458 1196 etiam
484 1150 749 1208 disciplinis
772 1160 874 1197 tum
898 1151 1103 1208 publicis
1133 1160 1236 1197 tum
1260 1151 1468 1208 priuatis
1491 1151 1595 1197 eius
1618 1151 1811 1197 nomine

193 1227 355 1285 factis,
383 1228 604 1274 emollire
628 1244 689 1274 ac
712 1229 775 1274 ad
799 1229 1046 1274 saniorem
1081 1238 1295 1275 mentem
1330 1229 1570 1275 reducere
1593 1237 1807 1287 possent,

192 1315 241 1351 et
265 1305 361 1351 iam
386 1321 510 1362 pene
545 1306 603 1352 de
638 1306 741 1351 eius
775 1306 1120 1352 emendatione
1154 1307 1495 1364 desperarent;
1523 1322 1640 1352 ecce
1663 1306 1812 1353 Pater

192 1383 663 1437 misericordiarum,
698 1384 779 1441 qui
812 1399 909 1429 non
943 1384 1219 1430 delectatur
1255 1384 1302 1430 in
1335 1384 1689 1441 perditionibus
1731 1400 1810 1430 no-

193 1460 308 1506 stris
353 1470 401 1507 et
444 1477 719 1519 pauperum
763 1477 966 1507 suorum
1012 1462 1258 1508 desideria
1301 1471 1548 1519 oportuno
1591 1470 1812 1518 tempore

192 1538 434 1584 exaudire
467 1538 740 1596 consueuit,
778 1554 911 1596 ecce,
948 1539 1164 1597 inquam,
1191 1539 1239 1585 in
1261 1539 1374 1585 Rdi.
1402 1539 1454 1585 P.
1482 1539 1700 1585 aduentu
1733 1539 1812 1585 ad-

196 1616 424 1662 miranda
448 1626 665 1662 moestos
698 1631 902 1662 suorum
936 1616 1127 1662 animos
1160 1616 1462 1674 perfundere
1487 1616 1718 1674 dignatus
1741 1625 1814 1662 est

192 1694 550 1740 consolatione.
579 1693 706 1739 Cum
731 1694 858 1740 enim
881 1695 929 1740 in
952 1694 1125 1740 eadem
1152 1694 1481 1740 obstinatione
1504 1695 1811 1751 praedictum

192 1771 403 1818 fratrem
427 1771 716 1818 offendisset
749 1774 800 1818 R.
838 1771 912 1829 P„
949 1781 1158 1830 paterna
1192 1788 1302 1818 eum
1337 1787 1462 1818 voce
1492 1772 1679 1819 affatus
1702 1788 1811 1818 con·
1869 1789 1876 1799 ¹

191 1850 386 1896 sulebat
419 1849 499 1895 vel
532 1850 714 1895 orabat
747 1850 923 1907 potius,
951 1860 1002 1896 vt
1025 1849 1357 1907 poenitentiae
1391 1850 1574 1907 aliquid
1596 1865 1811 1896 assume-

194 1936 286 1984 ret,
313 1936 362 1973 et
384 1926 524 1974 flexis
558 1927 766 1984 genibus
799 1927 1115 1985 extensisque
1139 1928 1365 1974 manibus
1388 1937 1683 1985 precaretur
1705 1943 1812 1974 coe-

192 2007 365 2052 lestem
396 2004 616 2063 Patrem,
645 2014 698 2052 vt
731 2021 783 2051 se
817 2006 881 2051 ab
914 2006 1009 2051 hac
1042 2006 1314 2052 tentatione
1347 2005 1598 2052 liberaret.
1623 2005 1813 2051 Morem

193 2083 326 2141 gerit
349 2092 398 2129 et
421 2098 540 2129 ecce
571 2082 807 2140 postridie
831 2083 893 2128 ad
917 2083 1118 2128 Patrem
1153 2083 1350 2129 rediens
1373 2082 1710 2129 confessorem
1733 2098 1814 2139 po-

191 2162 358 2218 stulat3
384 2159 529 2219 jussit
551 2176 628 2206 me
661 2160 815 2206 Rdus.
842 2160 994 2206 Pater
1029 2176 1140 2206 eum
1173 2160 1364 2217 audire,
1391 2160 1519 2217 quod
1544 2160 1709 2207 multis
1732 2175 1812 2206 an-

191 2248 273 2285 tea
296 2254 407 2285 cum
442 2255 501 2285 eo
536 2238 768 2296 egissem,
795 2245 844 2283 et
870 2237 1021 2283 vitam
1056 2237 1158 2283 eius
1192 2253 1254 2283 ex
1289 2246 1432 2295 parte
1455 2237 1552 2282 iam
1577 2237 1812 2283 haberem

194 2325 524 2374 perspectam.
567 2315 943 2362 Confessionem
988 2314 1107 2360 fecit
1149 2315 1436 2372 generalem
1479 2330 1590 2361 cum
1628 2315 1813 2373 ingenti

193 2394 358 2440 cordis
377 2394 472 2440 mei
492 2393 697 2451 laetitia;
718 2392 840 2439 fusis
861 2392 988 2438 enim
1009 2392 1279 2449 lacrhymis
1296 2408 1439 2439 suam
1463 2409 1525 2439 ex
1549 2393 1713 2438 animo
1737 2392 1813 2438 de-

195 2472 425 2529 plorabat
448 2471 714 2528 miseriam;
740 2470 988 2528 publicam
1023 2470 1196 2516 deinde
1227 2470 1398 2527 petiuit
1432 2481 1478 2516 et
1510 2469 1628 2516 fecit
1651 2468 1811 2527 poeni-

195 2549 416 2595 tentiam.
440 2547 697 2596 Exercitia
716 2562 909 2605 quoque
938 2553 954 2574 ³
978 2562 1105 2604 quae
1129 2547 1267 2604 prius
1290 2563 1320 2593 a
1343 2547 1482 2593 nobis
1500 2547 1669 2593 oblata
1687 2545 1812 2592 refu-

194 2635 410 2683 tauerat‚
437 2625 682 2672 instanter
706 2625 929 2682 exposcit
953 2639 1111 2681 eaque
1135 2624 1225 2670 sibi
1249 2639 1505 2682 concessa,
1525 2639 1603 2670 me
1621 2623 1812 2669 traden-

193 2713 262 2761 te,
288 2703 661 2762 diligentissime
686 2712 735 2749 et
757 2702 973 2749 maximo
997 2717 1108 2748 cum
1132 2701 1297 2748 fructu
1329 2701 1557 2748 absoluit.
1583 2700 1813 2759 Repetita

195 2781 342 2827 etiam
366 2780 591 2838 generali
615 2780 942 2838 confessione,
971 2790 1088 2826 vota
1122 2794 1212 2825 sua
1246 2779 1439 2826 ardenti
1462 2779 1570 2826 Deo
1601 2778 1812 2839 seruien-

195 2857 241 2903 di
276 2858 521 2904 desiderio
559 2868 606 2904 et
645 2868 784 2904 casto
818 2857 1005 2904 affectu
1038 2866 1153 2904 ante
1185 2855 1483 2904 sanctissimi
1515 2853 1813 2902 sacramenti

242 3113 260 3133 ὃ
303 3105 544 3153 spiritualia.
