1900 3380
485 217 893 254 154—1NGOLSTA010
919 217 966 253 26
991 217 1169 254 APRILIS
1198 216 1298 254 1528.
1588 216 1657 253 603

78 322 154 357 cto
180 311 225 356 in
250 311 414 357 limine
440 321 614 368 portae
639 312 933 357 vestimento
958 322 1005 357 et
1028 311 1154 368 pileo
1190 321 1378 368 nostro,
1416 328 1583 358 secum
1620 314 1702 358 ab·

77 388 226 434 duxit.
251 387 315 434 Et
335 388 584 434 credimus
603 399 650 433 et
674 388 829 433 oculis
856 389 1036 434 nostris
1061 389 1428 445 conspeximuS‚
1455 399 1701 434 sartorem

77 481 268 523 quoque
293 481 352 510 ac
377 481 488 510 eum
514 481 576 510 ex
607 465 777 522 Praga
811 466 1064 521 nouitium,
1102 466 1277 510 horum
1313 467 1556 511 malorum
1591 482 1701 512 con-

77 542 247 599 scium;
275 542 367 587 Dei
399 542 526 588 enim
559 542 871 598 prouidentia
905 542 1071 588 statim
1107 554 1214 599 post
1250 543 1459 588 aliorum
1495 544 1699 596 abitum.

76 619 362 665 subodorati
388 634 557 664 sumus
581 619 709 665 hunc
733 635 926 676 quoque
956 619 1016 665 de
1051 635 1260 675 egressu
1296 621 1491 677 collegii
1527 621 1702 667 sollici-

75 707 174 741 tum
200 712 325 750 esse,
354 712 566 752 eumque
599 705 870 753 expectare
905 706 1099 753 tempus
1135 697 1374 742 orationis
1409 708 1524 743 ante
1560 699 1701 744 meri-

75 773 214 829 diem,
242 789 338 831 quo
364 773 517 819 libere
542 783 590 818 et
612 773 717 818 sine
742 774 1002 819 obstaculo
1027 774 1152 819 alios
1170 775 1576 832 subsequeretur.
1605 774 1703 821 Sed

74 849 235 895 statim
277 850 537 906 impeditus
570 850 662 896 fuit
696 866 725 895 a
759 851 915 907 nobis3
951 850 1249 907 deprehendi
1287 852 1414 898 enim
1450 854 1540 899 sub
1575 855 1704 899 lecto

74 928 339 985 sarcinam,
367 944 513 985 quam
549 928 842 985 transferre,
881 928 1022 974 nobis
1056 945 1228 974 coram
1264 930 1700 984 inambulantibus,

75 1021 167 1051 non
193 1015 393 1063 poterat
417 1006 609 1052 etiamsi
634 1007 822 1052 abitum
841 1007 1171 1063 dissimulare,
1199 1019 1308 1054 arte
1333 1025 1430 1065 qua
1450 1010 1700 1062 Vtebatur.

73 1083 160 1129 nisi
185 1082 315 1129 forte
340 1084 572 1141 neglecta
595 1084 811 1140 sarcina,
839 1084 1091 1130 voluisset.
1117 1084 1289 1142 Itaque
1315 1094 1367 1130 vt
1398 1102 1591 1131 omnem
1627 1103 1702 1132 su·

50 1160 340 1217 -spicionem
366 1160 580 1207 fratrum
605 1162 981 1218 praecluderem
1005 1162 1064 1207 de
1089 1163 1317 1208 absentia
1348 1164 1563 1209 maxime
1587 1165 1701 1210 alio-

76 1254 196 1295 rum,
224 1238 504 1284 humaniter
527 1253 637 1283 eum
662 1248 711 1284 et
734 1239 912 1284 blande
936 1248 1162 1285 tractare
1196 1255 1472 1297 aggressus
1506 1256 1630 1296 sum,
1657 1250 1703 1286 et

72 1316 378 1373 persuadere
404 1327 455 1361 vt
480 1316 636 1362 literis
661 1317 781 1362 meis
806 1317 1073 1374 Viennam,
1100 1318 1183 1363 vbi
1203 1318 1339 1375 prius
1357 1318 1555 1375 integro
1575 1335 1704 1364 anno

72 1394 178 1450 fuit,
204 1394 291 1439 sed
317 1409 583 1451 numquam
616 1394 913 1451 tractabiliS‚
946 1395 1148 1450 rediret,
1182 1406 1283 1441 tum
1317 1404 1370 1440 vt
1405 1407 1703 1442 conuentum

71 1471 279 1517 aliorum
301 1471 591 1523 declinaret,
612 1481 714 1516 tum
737 1481 789 1518 vt
807 1472 1032 1518 securius
1051 1472 1304 1518 Viennam
1325 1474 1701 1530 perduceretur.

70 1548 109 1594 si
138 1547 268 1594 forte
309 1547 470 1593 Deum
511 1548 602 1595 sibi
642 1549 917 1606 propicium
956 1549 1003 1595 in
1043 1550 1411 1607 peregrinando
1452 1551 1700 1598 redderet.

72 1625 188 1671 Feci
213 1625 344 1683 quod
369 1625 502 1682 potui
528 1635 576 1671 et
596 1626 753 1672 debui.
779 1626 1053 1673 Confessus
1072 1627 1199 1672 enim
1221 1628 1356 1685 prius
1377 1645 1524 1686 quarn
1544 1630 1705 1675 abiret

71 1702 168 1748 Pri.
197 1702 487 1748 Hermanno
513 1705 543 1761 ¹,
572 1704 800 1749 salutatis
824 1703 1067 1750 fratribus
1090 1721 1326 1762 egressus
1345 1715 1420 1751 est
1439 1706 1701 1764 collegium

70 1779 195 1839 [sz'c].
223 1780 400 1838 Itaque
421 1780 564 1826 huius
588 1780 871 1827 dimissione
895 1782 1122 1827 omnibus
1156 1782 1358 1828 conscia
1387 1782 1576 1829 factum
1612 1793 1700 1839 est,

71 1874 129 1903 ne
154 1857 329 1915 aliquis
353 1858 413 1903 de
432 1858 645 1904 aliorum
671 1859 897 1905 absentia
922 1860 1100 1905 anxius
1124 1872 1357 1916 quereret
1381 1869 1466 1906 aut
1500 1862 1702 1907 mirare-

70 1945 148 1982 tur
171 1935 231 1981 de
255 1945 357 1981 tam
382 1936 641 1993 repentina
666 1937 956 1983 mutatione.
985 1937 1079 1983 Hic
1102 1947 1271 1983 sartor
1300 1938 1391 1984 fuit
1426 1939 1702 1985 inconstan-

71 2013 301 2067 tissimus,
328 2029 579 2070 nunquam
614 2014 823 2071 quietus,
850 2013 1048 2060 infinitis
1071 2015 1279 2073 denique
1306 2016 1616 2073 passionibus
1640 2017 1685 2062 in

70 2091 445 2137 extricabilibus
469 2091 681 2148 deditus,
709 2101 762 2137 vt
786 2092 1136 2139 viennensibus
1167 2102 1214 2139 et
1248 2094 1579 2151 pragensibus
1609 2110 1703 2139 non

71 2169 337 2230 obscurum
362 2177 449 2214 est.
473 2169 671 2226 Reliqui
703 2170 800 2215 duo
833 2179 1102 2227 antequam
1139 2171 1393 2228 prodirent
1427 2180 1475 2216 et
1509 2171 1554 2216 in
1585 2172 1704 2217 noti-

71 2245 189 2291 tiam
214 2246 367 2292 nostri
393 2246 704 2303 deuenirent‚
731 2248 1041 2293 adornarunt
1065 2248 1254 2305 fugam.
1291 2248 1464 2305 Itaque
1499 2265 1591 2294 non
1629 2260 1703 2295 est

72 2337 161 2368 cur
183 2323 359 2368 soliciti
390 2323 542 2369 simus
577 2324 635 2369 de
669 2323 778 2370 illis.
817 2324 1067 2382 Cuperem
1102 2338 1267 2371 tamen
1302 2342 1579 2383 pragenses
1613 2342 1701 2372 seu

73 2400 367 2446 viennenses
400 2416 497 2446 non
523 2401 717 2447 mittere
742 2403 806 2447 ad
834 2417 924 2448 nos
948 2403 1164 2449 nouitios
1205 2403 1347 2459 vllos,
1385 2413 1592 2460 propter
1623 2420 1702 2449 oc-

72 2477 361 2535 cupationes
385 2487 588 2524 nostras
606 2488 654 2524 et
675 2479 872 2536 collegii
896 2480 1051 2526 nostri
1072 2480 1404 2526 inordinatam
1427 2480 1702 2537 dispositio-

71 2570 199 2613 nem,
226 2570 353 2612 quae
378 2556 529 2602 etiam
554 2557 764 2602 celestes
787 2557 990 2614 spiritus
1015 2558 1179 2604 taedio
1204 2556 1446 2603 afficeret.

127 2633 169 2679 5.
237 2633 468 2680 Confessi
500 2643 615 2680 sunt
648 2635 694 2681 in
729 2635 824 2681 hac
858 2635 1246 2698 quadragesima
1281 2635 1468 2693 infiniti,
1504 2635 1595 2682 nisi
1630 2652 1705 2682 me

72 2709 211 2756 fallat
234 2711 444 2756 animus.
473 2711 626 2757 Pater
650 2711 920 2769 Dionysius
955 2713 970 2737 ²
1005 2713 1135 2769 apud
1169 2727 1260 2757 nos
1293 2713 1499 2769 singulis
1533 2713 1706 2759 diebus

71 2796 279 2833 vocatus
309 2787 400 2833 fuit
431 2789 493 2833 ad
519 2804 698 2846 agrum
723 2789 833 2845 Dei,
862 2789 943 2835 vbi
969 2801 1015 2835 et
1040 2789 1354 2846 euangelium
1380 2790 1634 2836 dominicis
1658 2800 1705 2836 et

119 2973 127 2990 ¹
179 2971 224 3009 P.
246 2972 511 3010 Hermannus
530 2972 758 3021 Thyraeus.

117 3032 129 3050 ²
179 3030 230 3068 P.
257 3031 481 3080 Dionysius
500 3032 759 3081 Feyrabend.
781 3032 845 3071 Cf.
867 3033 1227 3079 BRAUNSBERGER‚
1249 3035 1322 3071 loc.
1345 3034 1426 3080 eit„
1446 3032 1528 3071 392.
