1909 3328
270 181 339 217 684
742 179 961 216 LITTERAE
989 178 1344 223 QUADRIMESTRES

224 292 363 321 mnas
388 274 696 332 praeteritae
723 274 854 320 vitae
880 283 928 319 et
954 274 1229 319 calamitosi
1254 274 1396 319 huius
1425 274 1626 331 saeculi,
1663 289 1851 330 permo-

224 364 302 398 tus
327 352 553 408 exemplo
579 361 626 397 et
651 352 1015 398 hortationibus
1045 351 1200 397 nostri
1227 351 1464 407 Caterini,
1493 351 1572 408 qui
1597 352 1711 397 olim
1728 367 1851 408 -quo-

225 446 316 487 que
342 431 387 475 in
414 429 588 475 eadem
608 429 753 475 domo
777 439 953 486 patruo
974 444 1063 474 suo
1083 429 1344 484 seruierat,
1367 429 1488 474 satis
1507 429 1697 474 ardenti
1719 444 1852 474 amo-

224 523 276 552 re
302 507 363 551 ad
388 522 478 551 nos
502 521 554 550 se
579 506 829 563 applicuit.
860 506 1071 551 sltoleste
1095 506 1521 563 tnz'qztz'ssz‘moqzte
1545 506 1720 551 (mismo
1745 506 1801 551 td
1822 520 1854 551 a

225 584 369 629 nohis
395 584 473 628 vel
495 597 527 628 a
554 583 675 629 Xro.
698 584 878 640 potius
896 584 1128 642 factmn,
1165 584 1281 628 tulit
1315 583 1581 640 Claudius,
1619 596 1718 628 71072
1753 596 1852 628 vno

225 677 354 707 snae
387 662 634 719 familiae
678 662 862 707 thm.
900 661 1188 707 Donu'nnm
1222 665 1270 706 et
1306 665 1589 706 creatorem
1623 661 1855 706 omnium

215 740 394 798 fnisse
433 743 743 796 contentmn,
778 739 882 785 nisi
910 743 957 783 et
980 739 1201 784 alterum
1225 753 1289 783 ex
1312 738 1582 784 hominum
1605 739 1854 783 seruitute

225 817 297 862 ad
318 816 419 862 Dea·
440 816 727 862 libertatem
753 816 1142 873 assumpsisset.
1180 815 1359 861 Multis
1390 816 1491 860 viis
1528 815 1779 861 Claudius
1812 820 1859 860 et

223 895 398 948 frater
421 894 762 939 adolescentis
785 894 890 950 ipsi
911 893 1083 938 crebro
1106 897 1230 938 sunt
1251 893 1503 938 insidiati.
1532 892 1663 950 Quis
1687 896 1860 938 (tutem

226 973 318 1018 iste
344 971 597 1017 Claudius
619 972 700 1016 vel
721 972 1042 1017 vanissimus
1065 971 1212 1019 cinis.
1245 971 1335 1028 qni
1366 970 1598 1027 Spiritus
1630 970 1857 1026 omnipo-

225 1050 441 1096 tentiam
460 1053 693 1094 retentem
713 1053 761 1094 et
777 1049 1130 1094 exundantem
1150 1049 1434 1105 impediat?
1453 1047 1579 1093 Cum
1604 1047 1656 1093 Ρ.
1684 1047 1858 1093 Victo-

227 1127 300 1173 ria
320 1126 624 1172 Franciscus
641 1125 867 1172 Sanchez
887 1133 922 1183 ³,
945 1126 1119 1171 nobilis
1136 1125 1386 1183 hispanus,
1406 1125 1611 1182 reginae
1627 1124 1858 1182 famulUS,

226 1205 427 1250 Vienna
451 1205 545 1250 huc
571 1204 707 1250 venit
736 1204 1076 1260 exercitiaque
1106 1203 1384 1261 spiritualia
1412 1218 1509 1248 non
1538 1202 1642 1248 sine
1676 1217 1860 1266 magno

227 1292 380 1339 gustu
407 1291 455 1328 et
480 1282 715 1338 profectu
739 1282 817 1327 hic
842 1282 1044 1339 Pragae
1075 1281 1306 1338 suscepit.
1335 1280 1449 1326 Duo
1474 1280 1817 1325 adolescentes
1839 1278 1858 1306 b

226 1375 288 1405 ex
323 1359 506 1406 nostris
539 1360 722 1405 scholis
760 1358 1066 1405 Societatem
1106 1358 1299 1416 ingredi
1339 1358 1698 1415 efflagitarunt,
1736 1358 1861 1403 alter

226 1436 588 1494 Ingolstadium
615 1437 792 1482 missus
817 1446 906 1491 est,
934 1436 1078 1482 alteri
1102 1436 1217 1482 dum
1237 1435 1541 1492 persuadere
1564 1434 1778 1491 nitimur,
1806 1442 1858 1479 vt

227 1526 421 1572 patrem
460 1515 718 1572 operiatur
758 1530 869 1561 cum
908 1514 1111 1571 eiusque
1155 1529 1279 1570 pace
1319 1512 1481 1558 omnia
1524 1511 1659 1569 fiant,
1706 1511 1861 1557 omnis

228 1593 366 1639 istius
406 1600 672 1649 suspectae
709 1607 881 1637 morae
915 1591 1192 1648 impatiens,
1229 1590 1407 1636 timens
1440 1589 1861 1646 importunitatem

229 1679 508 1728 paternam,
549 1670 709 1726 magis
743 1669 852 1715 Deo
879 1684 1025 1726 quam
1048 1669 1177 1726 patri
1201 1668 1247 1713 in
1271 1677 1510 1714 aeternae
1534 1682 1655 1712 suae
1689 1665 1861 1712 salutis
1906 1724 1907 1733 ἶ

228 1747 432 1793 consilio
457 1756 827 1805 optemperans,
853 1746 917 1792 ad
942 1746 995 1792 P.
1025 1745 1279 1792 Canisium
1304 1761 1452 1803 quam
1472 1744 1730 1790 celerrime
1749 1758 1861 1789 con·
1906 1780 1907 1783 ,

229 1825 374 1882 fugit.
403 1824 738 1882 Hieronimus,
765 1839 890 1869 vnus
915 1840 977 1869 ex
1001 1824 1184 1870 nostris
1208 1821 1641 1878 commensalibus,
1669 1821 1750 1878 qui
1773 1820 1863 1866 sub

233 1912 446 1960 Vtraque
470 1902 736 1959 aliquando
767 1901 1152 1948 obstinatissime
1182 1901 1322 1958 vixit,
1355 1901 1453 1946 iam
1488 1900 1551 1945 ad
1584 1899 1770 1957 pascha
1804 1899 1862 1944 de
1904 1904 1907 1958 J

170 2005 171 2009 =
231 1980 578 2026 communione
610 1980 863 2036 cooptauit
897 1979 1155 2025 consilium
1210 1978 1317 2043 Cui·
1341 1993 1437 2023 non
1476 1977 1596 2023 satis
1630 1985 1705 2022 est
1743 1977 1862 2021 istas
1903 1966 1906 2016 J

232 2057 471 2115 perfidiae
495 2067 704 2103 satanae
729 2057 920 2114 rupisse
945 2066 1167 2114 catenas,
1194 2056 1285 2101 nisi
1304 2055 1456 2101 tutius
1474 2064 1523 2101 et
1540 2054 1765 2100 securius
1783 2069 1861 2099 ca·
1904 2071 1906 2095 z

233 2135 447 2181 tholicae
471 2135 582 2180 fidei
618 2136 789 2180 fruens
818 2133 1068 2180 beneficiis
1102 2134 1163 2179 ad
1203 2132 1507 2179 Societatem
1541 2131 1858 2177 assciscatur.

233 2213 409 2271 Inquit,
443 2213 482 2259 si
515 2213 606 2259 sub
640 2213 801 2259 altera
832 2211 1203 2258 communicans
1227 2211 1355 2257 inter
1378 2210 1666 2256 saeculares
1688 2208 1865 2254 fluctus

236 2291 390 2337 vitam
421 2291 591 2348 degat,
627 2305 822 2347 semper
855 2305 908 2335 se
942 2289 1091 2335 matri
1124 2289 1332 2335 inuisum
1366 2297 1415 2334 et
1449 2303 1657 2333 exosum
1691 2287 1766 2344 iri,
1802 2286 1864 2331 ab

234 2385 392 2427 eaque
417 2384 469 2414 se
493 2368 868 2426 deprauandum
892 2376 941 2413 et
963 2367 1075 2413 hinc
1099 2383 1128 2412 a
1152 2366 1292 2412 nobis
1322 2365 1633 2411 auocandum
1667 2363 1864 2409 tandem
1902 2360 1903 2374 ³

234 2445 541 2491 reformidat.
565 2445 740 2506 Julius,
763 2445 887 2491 alius
906 2444 1266 2497 commensalis,
1286 2443 1439 2490 literis
1459 2443 1521 2488 ad
1542 2442 1607 2487 V.
1627 2441 1687 2486 R.
1708 2441 1760 2486 P.
1783 2441 1863 2486 da·

235 2524 311 2580 tis,
347 2532 559 2569 mentem
594 2539 735 2569 suam
770 2523 843 2579 (vt
877 2522 1071 2579 opinor)
1106 2521 1355 2579 explicuit.
1393 2519 1619 2566 Solerter
1653 2518 1865 2576 quotidie

234 2616 325 2646 sua
359 2610 533 2658 sponte
566 2601 825 2647 nobiscum
860 2608 1220 2656 argumentans
1253 2608 1302 2645 et
1335 2598 1398 2644 ad
1432 2613 1626 2644 omnem
1660 2605 1864 2647 sanctae

236 2679 547 2725 obedientiae
578 2680 885 2725 voluntatem
911 2694 972 2723 ac
1005 2686 1176 2723 nutum
1209 2692 1320 2723 sese
1353 2675 1591 2731 offerens,
1634 2688 1863 2732 quocum·

239 2770 332 2811 que
355 2756 500 2801 modo
526 2754 768 2802 Societati
793 2772 845 2802 se
877 2755 1098 2801 inserere
1134 2762 1360 2811 conatur3
1397 2753 1535 2799 cuius
1568 2758 1864 2809 argumenta
1898 2772 1905 2787 .-

284 2941 301 2961 a
347 2934 557 2972 Praeced.
579 2947 619 2972 v.
649 2939 787 2981 supra
815 2944 994 2971 versum
1021 2934 1237 2979 scriptum
1269 2935 1331 2968 est
1355 2932 1447 2968 alia
1476 2941 1628 2972 manu,
1658 2929 1795 2966 deleto
1824 2938 1862 2964 v.
1900 2944 1905 2981 s

240 2993 419 3031 Santius.
474 2994 538 3020 -b
584 2995 792 3041 Sequitur
807 3005 845 3031 v.
868 2993 1009 3038 delet„
1029 2992 1146 3039 quod
1164 2992 1250 3038 legi
1265 2991 1425 3037 nequit.
