1909 3328
281 292 351 331 516
747 292 967 330 LITTERAE
995 294 1353 339 QUADRIMEs‘rREs

237 399 413 435 auctus
437 399 512 434 est
538 391 566 434 ¹.
596 389 839 446 Aspirant
858 400 1123 447 praeterea
1146 390 1209 435 ad
1233 389 1538 435 Societatem
1557 389 1770 446 plurimi.
1798 388 1889 438 Et

238 467 277 512 si
302 483 471 512 omnes
496 467 892 522 admitterentur,
921 468 1016 512 iam
1042 467 1194 512 solius
1217 465 1484 512 Societatis
1509 467 1675 522 plures
1700 476 1863 512 essent

239 545 315 589 hic
341 560 486 600 quam
512 544 733 601 triginta.
762 544 948 590 Omnes
974 545 1103 589 docti
1139 553 1251 589 sunt
1285 553 1333 589 et
1368 544 1531 589 multis
1564 544 1702 588 donis
1728 553 1862 589 natu-
1888 542 1891 545 Δ

239 622 425 666 salibus
450 622 679 666 exornati
705 638 734 666 a
758 621 882 668 Deo.
910 623 1115 678 Augeat
1151 622 1195 666 in
1232 622 1302 667 eis
1326 621 1462 666 Deus
1495 622 1674 666 bonam
1701 621 1863 666 uolun-

238 708 392 743 tatem
419 709 465 743 et
491 715 578 755 per
603 715 688 744 eos
713 714 851 744 noua
875 707 891 725 ²¹
906 699 1172 756 aliquando
1199 699 1244 743 in
1268 697 1543 744 Germania
1566 698 1584 725 b
1605 698 1864 755 erigantur

239 776 471 832 collegia.

297 854 340 898 ἶ).
408 854 571 910 Atque
600 860 615 880 ⁰
646 869 732 899 eos
767 854 935 899 iuuant
970 854 1148 898 Patres
1182 853 1261 910 qui
1295 869 1425 898 nunc
1464 862 1575 898 sunt
1610 852 1861 899 Coloniae.

240 931 367 975 Nam
393 931 438 976 hi
476 933 962 989 praeterquamquod
997 932 1043 976 in
1079 932 1290 988 collegio
1326 931 1504 975 docent
1531 916 1587 975 *et
1621 930 1864 975 conuicto-

241 1025 349 1054 rum
379 1024 552 1054 curam
586 1009 784 1066 habent,
812 1010 857 1054 in
883 1010 976 1054 hoc
1001 1009 1149 1054 etiam
1184 1018 1340 1065 agunt
1374 1018 1427 1053 ut
1461 1007 1682 1064 discipuli
1709 1007 1753 1051 in
1779 1007 1866 1064 spi-

240 1086 334 1131 ritu
366 1085 642 1143 proficiant,
669 1087 1006 1132 confessiones
1031 1086 1249 1143 audiunt,
1277 1086 1340 1131 ad
1365 1102 1487 1143 quas
1512 1101 1708 1142 quoque
1734 1085 1867 1131 multi

240 1164 434 1209 externi
470 1164 784 1210 conueniunt.
814 1164 1155 1209 Concionandi
1182 1179 1301 1209 uero
1326 1163 1525 1208 occasio
1549 1172 1689 1207 tanta
1723 1156 1886 1228 offer-„J

241 1251 336 1299 tur,
364 1257 475 1286 cum
500 1258 588 1298 per
611 1242 754 1299 alios,
780 1251 883 1287 tum
916 1258 1006 1299 per
1040 1242 1109 1286 Ill.
1135 1242 1362 1287 comitem
1390 1241 1447 1285 de
1472 1240 1725 1294 Mansfelt,
1752 1240 1903 1305 Res-J·

242 1319 298 1364 si.
326 1319 687 1376 archiepiscopi
713 1320 868 1364 nostri
894 1319 1031 1377 quasi
1062 1319 1318 1376 vicarium,
1340 1328 1393 1363 ut
1419 1319 1457 1363 si
1482 1334 1570 1363 sex
1595 1317 1671 1362 hic
1695 1316 1867 1385 Patres
1895 1316 1897 1323 ⁴

242 1406 422 1453 essent,
457 1397 537 1453 qui
568 1398 701 1442 nulla
726 1413 779 1442 re
804 1398 894 1442 nisi
919 1397 1239 1443 concionibus
1263 1404 1651 1453 occuparentur,
1679 1411 1775 1440 non
1799 1395 1885 1440 eis*

242 1474 378 1519 locus
417 1474 614 1519 deesset
639 1474 673 1519 d.
721 1474 984 1531 Paulatim,
1028 1490 1192 1532 spero,
1239 1474 1375 1520 Deus
1415 1473 1550 1519 dabit
1594 1472 1863 1529 operarios:
1908 1463 1909 1466 ¹

243 1552 417 1597 messis
456 1561 593 1597 certe
628 1553 783 1598 multa
817 1564 891 1598 est
925 1562 970 1597 et
1006 1553 1181 1610 ingens
1220 1553 1299 1597 hic
1339 1554 1519 1598 bonum
1554 1550 1660 1596 fieri
1695 1559 1866 1608 potest,
1907 1570 1909 1603 2

243 1630 373 1685 quod
396 1639 507 1686 post
532 1630 577 1674 in
602 1639 758 1675 totam
784 1630 1036 1675 emanabit
1060 1629 1398 1676 Germaniam.

301 1707 340 1752 ὁ.
405 1707 554 1764 Apud
577 1708 735 1764 ipsun]
760 1724 953 1765 quoque
977 1717 1205 1753 senatum
1230 1724 1326 1753 non
1351 1723 1527 1764 parum
1553 1708 1734 1752 bonum
1769 1703 1876 1766 fieris}
1904 1706 1905 1710 ’

243 1794 421 1841 potest.
449 1785 577 1830 Nam
601 1786 796 1842 plurimi
822 1786 867 1831 in
892 1802 950 1831 eo
976 1784 1283 1831 Societatem
1303 1786 1504 1830 multum
1526 1784 1748 1841 diligunt;
1771 1776 1882 1838 eius*

244 1863 501 1908 consilium
526 1872 696 1920 petunt
720 1872 768 1909 et
792 1864 1002 1909 libenter
1030 1873 1361 1920 exequuntur.
1398 1862 1613 1920 Quidam
1646 1851 1870 1907 instinctu

245 1940 512 1986 Societatis
537 1950 585 1986 et
608 1941 865 1986 cuiusdam
888 1942 1045 1987 nostri
1070 1941 1292 1997 discipuli
1315 1941 1361 1986 in
1386 1950 1562 1986 senatu
1581 1955 1737 1996 nuper
1759 1937 1874 1984 effe*

245 2018 324 2075 cit,
354 2022 409 2063 ut
432 2025 448 2045 e
487 2018 683 2075 quidam
707 2019 927 2064 uendens
947 2019 1098 2065 libros
1122 2019 1404 2064 haereticos
1423 2028 1705 2075 caperetur,
1730 2025 1870 2073 utque

246 2096 524 2141 uisitandae
568 2097 663 2141 sint
708 2096 936 2141 officinae
981 2097 1217 2142 librariae
1263 2106 1310 2141 et
1354 2096 1598 2141 malorum
1639 2095 1870 2140 librorum
1892 2115 1895 2122 Δ

247 2173 580 2220 conficiendus
603 2175 665 2220 sit
688 2174 970 2231 catalogus.
1003 2174 1369 2220 Animaduertit
1391 2183 1660 2230 praeterea
1678 2168 1870 2239 senatus
1890 2204 1891 2207 η

247 2260 418 2297 noster
442 2251 487 2297 in
513 2252 796 2297 haereticos
820 2268 905 2297 eos
929 2253 1237 2308 expellendo.
1264 2251 1415 2296 Faxit
1438 2251 1575 2296 Deus
1605 2259 1656 2295 ut
1690 2250 1754 2295 ab
1785 2249 1870 2294 hac

246 2329 357 2374 fera
400 2339 646 2386 purgetur
690 2329 882 2375 ciuitas.
924 2330 1059 2375 Bene
1099 2330 1246 2375 etiarn
1289 2329 1428 2374 nobis
1466 2329 1641 2374 fauere
1686 2327 1870 2372 uidetur

249 2407 360 2452 mihi
386 2407 432 2452 in
458 2407 630 2452 uicinis
653 2407 931 2463 ditionibus,
959 2416 1007 2452 et
1031 2407 1297 2464 collegiuin
1322 2417 1547 2452 nostrum
1567 2411 1871 2473 promouent?¹
1894 2423 1898 2458 ρ

248 2483 351 2529 Irno
390 2495 461 2529 tot
505 2485 655 2530 habet
693 2485 882 2530 amicos
919 2485 1012 2529 hoc
1052 2485 1314 2541 collegium
1353 2493 1456 2529 tum
1496 2483 1736 2529 Coloniae
1775 2475 1869 2530 tutfi

249 2570 394 2607 extra
418 2561 695 2619 Coloniam,
734 2572 784 2607 ut
818 2562 914 2607 iam
951 2562 1170 2618 catalogi
1201 2562 1467 2607 lectionum
1493 2562 1556 2606 ad
1578 2575 1748 2623 omnes
1770 2558 1869 2604 fere
1894 2563 1896 2566 '

298 2737 314 2757 ὃ
383 2731 509 2766 varia.
566 2731 632 2758 —b
672 2730 825 2767 Praec.
861 2740 900 2766 v.
942 2734 1080 2775 supra
1110 2739 1288 2766 versum
1320 2730 1469 2775 scripl.
1504 2732 1578 2773 est,
1611 2728 1748 2765 deleto
1774 2723 1891 2768 alim*

251 2790 367 2836 qnod
382 2791 640 2837 legiuequil.
693 2797 756 2817 ——c
806 2789 996 2825 Multum.
1053 2789 1118 2815 ——d
1159 2793 1266 2826 esset
1285 2787 1509 2825 defuturus.
1577 2794 1640 2815 —e
1684 2791 1737 2832 vt;
1770 2783 1869 2830 dele-

251 2854 291 2886 lo
310 2854 353 2886 ut
372 2850 550 2886 obscure
568 2854 758 2887 exm‘ato.

298 2995 312 3014 ⁸
362 2994 406 3030 In
432 2995 619 3041 catalogo
649 2993 814 3040 collegii
845 2992 1086 3029 coloniensis
1117 2992 1266 3028 mensis
1297 2991 1511 3028 Februarii
1546 2990 1638 3027 1559
1668 2990 1723 3035 (in
1740 2985 1864 3035 codice
1889 3003 1893 3012 i

253 3054 394 3091 Germ.
415 3053 503 3097 131,
525 3053 593 3091 fol.
613 3054 702 3098 36v)
721 3057 959 3090 recensetur
977 3052 1083 3089 inter
1103 3051 1334 3088 sacerdotes
1361 3051 1414 3089 D.
1446 3050 1639 3088 Andreas
1658 3045 1868 3096 Aquensis,
1888 3063 1890 3081 ι

253 3115 300 3151 de
321 3127 398 3161 quo
417 3115 484 3160 agi
506 3114 676 3150 videtur.
1836 3107 1854 3146 a*
1873 3120 1878 3142 ι
