1909 3328
257 223 325 259 728
726 220 948 256 LITTERAE
975 218 1331 263 QUADRIMESTRES

212 320 284 363 lus
330 318 592 374 prouenire
643 316 874 371 videtur),
924 315 1166 360 maximus
1210 313 1563 370 poenitentium
1607 328 1842 358 numerus

211 412 319 441 cum
351 411 562 450 semper,
603 403 703 438 tum
739 393 1045 449 potissimum
1080 407 1167 448 per
1201 400 1359 436 totum
1393 390 1486 435 hoc
1520 389 1840 446 quadragesi-
1890 439 1905 447 ο

213 474 339 517 male
374 482 565 527 tempus
605 471 665 515 ad
707 480 906 515 nostros
944 468 1234 514 sacerdotes
1274 467 1528 524 confluxit,
1565 482 1628 511 ex
1667 467 1843 524 quibus

213 550 346 594 multi
372 549 511 593 liuius
538 548 753 593 ciuitatis
779 546 1018 604 primarii,
1045 551 1097 590 vt
1116 545 1252 590 vrbis
1275 545 1584 601 praefectztS,
1604 548 1841 600 protono—

212 628 379 671 tarius
403 631 554 683 atque
580 626 673 670 aliz·
692 624 972 681 praecipui
994 624 1133 668 ciues
1156 622 1192 679 a,
1220 623 1288 668 ita
1314 632 1366 667 vt
1389 637 1540 678 saepe
1575 622 1729 667 nostri
1755 621 1843 666 Pa-

212 716 313 748 tres
347 703 611 748 differrent
646 702 907 759 prandium
944 701 1145 757 propius
1183 699 1376 756 vesperi
1417 714 1563 755 quam
1605 699 1843 756 meridiei,

212 798 361 838 saepe
386 781 448 826 ad
473 781 739 826 secundam
768 780 845 824 vel
870 779 1067 824 tertiam
1105 778 1263 823 noctis
1296 777 1469 822 horam
1494 777 1541 822 in
1567 785 1737 821 nostro
1771 792 1845 822 sa-

213 860 336 904 cello
358 858 614 904 audiendis
633 856 1027 903 confessionibus
1047 856 1376 909 considerent,
1398 870 1547 911 saepe
1567 870 1663 899 non
1683 854 1843 912 pauci,

215 937 344 993 quod
365 952 460 981 non
482 936 602 981 satis
622 943 908 992 suppeteret
925 933 1008 980 otii
1028 933 1210 979 nostris
1229 933 1292 978 ad
1309 947 1477 978 omnes
1493 931 1842 990 expediendos,

214 1030 369 1071 aegre
396 1014 677 1066 inconfessi,
706 1012 909 1058 redituri
936 1021 1101 1057 tamen
1127 1011 1267 1064 alias,
1296 1010 1542 1056 abierunt.
1565 1009 1709 1067 Quod
1728 1025 1848 1056 sane
1907 1015 1909 1019 ’

215 1093 474 1149 aequalem
500 1092 890 1137 consolationem
914 1099 1064 1146 atque
1098 1088 1475 1134 admirationem
1510 1088 1652 1133 huius
1687 1087 1848 1145 oppidi

215 1170 387 1215 incolis
411 1169 679 1223 afferebat,
709 1184 819 1213 cum
844 1176 1044 1212 nostros
1068 1174 1207 1211 tanta
1237 1181 1348 1211 cum
1383 1165 1654 1221 diligentia,
1693 1164 1848 1210 ehari-

215 1256 334 1299 tate,
362 1246 654 1291 assiduitate
680 1261 739 1290 ac
764 1246 937 1290 labore
962 1243 1300 1289 auscultandis
1325 1242 1718 1288 confessionibus
1737 1258 1849 1299 gra-

217 1325 277 1370 tis
303 1339 491 1380 vacare
516 1323 876 1379 conspicerent.
907 1322 1072 1378 Atque
1097 1320 1310 1366 confessi
1335 1319 1597 1376 plurimum
1618 1319 1771 1365 adiuti
1791 1335 1851 1365 ac

218 1401 444 1446 instructi
479 1401 594 1445 laeti
629 1400 955 1445 discederent.
994 1398 1143 1455 Quid?
1179 1397 1352 1443 Nonne
1385 1397 1846 1453 quadragesimales

218 1478 320 1523 dies
346 1478 487 1523 nobis
511 1478 554 1533 in
583 1476 839 1522 audiendis
862 1475 1207 1521 confitentibus
1236 1474 1383 1531 duplo
1417 1474 1524 1530 plus
1559 1473 1702 1519 solito
1737 1490 1847 1530 pro-

218 1556 364 1601 tracti
389 1556 522 1600 sunt?
547 1553 957 1612 Quandoquidem
994 1567 1148 1609 vsque
1183 1552 1244 1597 ad
1279 1551 1660 1597 celeberrimum
1682 1561 1847 1608 pente-

219 1644 382 1678 costes
407 1632 533 1677 diem
560 1632 694 1676 multi
721 1630 936 1687 quotidie
966 1630 1027 1675 ad
1062 1638 1286 1674 nostrum
1316 1628 1552 1674 sacellum
1586 1628 1848 1674 confitendi

219 1726 373 1755 causa
400 1709 682 1765 veniebant,
710 1708 884 1764 quibus
908 1707 1183 1764 postposito
1209 1707 1338 1751 omni
1362 1706 1578 1762 negotio,
1605 1721 1634 1751 a
1667 1706 1849 1751 nostris

221 1787 534 1833 satisfactum
560 1795 651 1831 est.

309 1864 373 1910 Et
399 1864 656 1921 potissima
679 1863 819 1908 huius
855 1862 925 1907 rei
961 1877 1116 1907 causa
1150 1861 1242 1906 Res
1277 1870 1444 1906 rector
1479 1863 1493 1886 ¹
1529 1861 1636 1917 fuit,
1675 1860 1852 1917 quippe

223 1943 301 2000 qui
327 1959 416 1988 sua
442 1941 648 1988 solertia
673 1950 721 1986 et
744 1941 945 1986 hortatu
970 1939 1136 1985 effecit
1161 1948 1214 1985 vt
1238 1939 1455 1984 vicarius
1489 1954 1578 1995 per
1612 1952 1730 1983 enm
1754 1938 1852 1984 Pcz-
1894 1951 1897 1954 ·

221 2024 349 2065 trem
384 2020 402 2045 ¹³
437 2019 820 2064 concionantem
852 2017 1004 2063 semel
1039 2025 1188 2073 atque
1223 2015 1401 2062 iterum
1435 2015 1850 2062 excomunicatio-
1896 2007 1908 2084 {¹

222 2113 331 2142 nem
358 2097 572 2142 nondum
597 2095 837 2141 confessis
861 2094 1265 2147 comminaretur,
1294 2108 1504 2150 quorum
1537 2109 1634 2138 non
1667 2107 1852 2149 paruus

223 2186 332 2221 erat
372 2190 607 2220 numerus
646 2173 837 2219 incuria
877 2173 1171 2229 praesertim
1211 2171 1599 2228 praeteritorum
1644 2170 1853 2216 vicario·

224 2270 349 2299 rum.
377 2253 491 2310 Qua
514 2269 576 2298 ex
613 2268 683 2309 re,
722 2241 946 2308 quamvis
982 2250 1202 2307 plerique
1236 2249 1417 2306 partim
1451 2249 1644 2305 timore,
1676 2247 1854 2304 partim

224 2331 484 2386 dedecore,
523 2330 585 2375 ad
619 2344 708 2374 sua
733 2328 925 2373 scelera
950 2326 1297 2383 patefacienda
1322 2325 1461 2383 quasi
1497 2326 1696 2371 obtorto
1731 2325 1855 2370 collo
1906 2363 1909 2381 s

225 2408 561 2463 traherentur,
589 2416 809 2452 attamen
840 2413 896 2450 et‘
911 2404 1116 2461 insignis
1139 2403 1249 2449 Deo
1274 2403 1387 2460 Opt.
1415 2389 1549 2449 Max.
1588 2403 1746 2448 honor
1779 2399 1871 2447 ac?
1903 2400 1905 2402 ’

225 2485 389 2542 cessit,
416 2494 464 2530 et
488 2499 727 2541 praesens
751 2483 1011 2528 animabus
1041 2497 1187 2538 quam
1220 2481 1518 2537 grauissime
1551 2479 1854 2537 aegrotanti·
1900 2484 1909 2511 '⁴

227 2564 314 2608 bus
339 2562 549 2608 medella
583 2560 803 2607 adhibita
827 2568 915 2605 est.
944 2558 1088 2616 Quae
1114 2567 1335 2604 monstra
1358 2557 1581 2615 fuissent,
1619 2557 1738 2614 ipse,
1767 2556 1854 2601 Pa·

226 2649 318 2694 ter,
347 2639 625 2696 expendito,
652 2653 762 2684 cum
786 2637 849 2682 ad
872 2635 1152 2682 confitenda
1186 2651 1276 2680 sua
1311 2635 1491 2681 delicta
1524 2644 1761 2692 tanquam
1795 2631 1856 2678 ad
1897 2623 1907 2654 ¹:

274 2806 292 2824 Ἀ
345 2806 523 2851 primarii
543 2808 653 2843 ciues
672 2818 763 2843 cum
782 2806 867 2852 ipso
887 2803 996 2841 vrbis
1014 2801 1231 2850 praefecto.
1311 2801 1377 2829 ——b
1422 2813 1495 2848 per
1512 2801 1656 2848 ipsum.

278 2981 285 2999 ¹
343 2979 385 3016 P.
409 2979 555 3016 Petrus
574 2979 800 3017 Venustus,
822 2983 865 3014 ut
880 2978 1026 3014 dicitur
1044 2977 1085 3013 in
1103 2976 1181 3013 fine
1197 2976 1407 3023 epistolae;
1428 2975 1541 3023 cujus
1556 2974 1681 3011 vitam
1701 2977 1741 3009 et
1759 2981 1857 3008 mor-

234 3044 320 3076 tem
339 3038 430 3076 vide
450 3039 490 3075 in
508 3038 823 3083 Rz'badeneira,
844 3037 874 3083 I,
894 3035 1067 3074 556-573.
