2054 3530
369 311 423 337 ΧΠ
842 297 936 333 Ll'ri
948 308 998 332 Eu
1007 306 1060 331 ΑΕ
1088 295 1122 339 Q
1129 306 1178 329 [mx
1187 304 1445 329 DRIMES'rh’Es

320 397 472 441 mines
497 396 555 440 de
581 395 753 451 quihus
780 392 1040 448 loquimur,
1068 406 1213 446 quam
1239 388 1492 433 historiam
1518 387 1755 431 selectam
1779 385 1943 440 appel-

320 475 424 518 lare
460 473 750 525 debuerunt,
778 486 888 514 eam
914 485 1004 525 pro
1030 467 1233 513 historia
1259 464 1542 520 simpliciter
1576 464 1647 518 (ut
1681 478 1792 507 cum
1827 461 1943 507 Sac-

321 551 460 595 chino
486 548 763 606 loquamur)
783 546 953 592 haberi
980 546 1254 590 voluerunt.
1278 541 1429 597 Atqui
1457 541 1543 585 «de
1567 539 1781 585 essentia
1801 538 1944 584 histo-

323 628 425 672 riae
465 636 538 672 est
577 641 789 671 narrare
826 640 904 669 res
940 623 1155 679 insignes
1191 621 1295 665 sive
1330 621 1486 665 bonas
1510 618 1614 663 sive
1640 617 1796 662 malas
1820 631 1946 673 quae

321 703 567 760 pertinent
591 703 651 747 ad
678 711 859 747 statum
886 699 1186 755 reipublicae
1211 695 1583 749 declarandum,
1610 703 1658 738 et
1682 693 1744 738 ad
1776 707 1948 737 uerum

322 780 570 833 iudicium,
597 780 770 824 saltem
805 776 1102 834 generatim,
1130 775 1188 819 de
1223 773 1418 819 homine
1452 771 1615 826 aliquo
1650 768 1946 823 faciendum,

323 858 360 902 si
385 858 487 902 uita
512 856 615 901 eius
638 855 905 901 scribatur.
935 853 1062 899 Cum
1087 868 1208 897 uero
1240 850 1350 895 talis
1374 850 1434 895 sit
1459 847 1674 894 essentia
1699 855 1747 891 et
1770 854 1949 890 natura

325 935 576 988 historiae,
615 934 651 978 si
689 933 795 989 quis
830 932 1066 987 uulgaret
1089 930 1361 982 historiam,
1389 928 1494 972 sola
1526 923 1777 969 narrando
1804 924 1948 976 bona,

325 1013 364 1057 is
398 1012 547 1056 uellet
581 1009 810 1066 decipere
845 1024 1015 1053 omnes
1048 1006 1312 1051 homines.»
1354 1004 1494 1049 Haec
1528 1001 1802 1047 Saechinus
1841 999 1950 1044 dum

325 1088 490 1134 solidis
515 1086 822 1143 argumentis
857 1100 967 1129 eam
1005 1084 1246 1129 rationem
1273 1091 1448 1138 pacate
1473 1078 1705 1133 defendit,
1735 1092 1881 1133 quam
1906 1075 1950 1120 in

326 1166 538 1212 Simonis
574 1163 824 1209 Rodericii
861 1163 1009 1207 rebus
1034 1159 1336 1216 exponendis
1370 1167 1598 1203 tenuerat
1624 1157 1653 1200 ¹.
1682 1154 1852 1211 [taque
1881 1170 1952 1198 se-

328 1245 454 1289 lecta
494 1241 715 1295 historia,
755 1255 880 1296 quae
922 1254 1009 1295 pro
1044 1237 1248 1282 historia
1287 1234 1570 1291 simpliciter
1606 1231 1777 1277 haberi
1818 1230 1950 1283 velit,

326 1320 434 1378 jure
470 1319 645 1364 merito
682 1317 910 1363 falsitatis
945 1315 1192 1371 arguitur.
1221 1313 1346 1358 Cum
1381 1321 1547 1358 autem
1583 1310 1797 1356 Litterae
1822 1308 1951 1365 Qua-

326 1398 614 1442 drimestres
648 1396 754 1440 sola
789 1402 1055 1438 narrarent
1089 1392 1233 1443 bona,
1262 1390 1407 1435 facile
1441 1389 1642 1434 evenire
1676 1397 1873 1445 poterat
1906 1395 1956 1430 ut

329 1475 449 1518 haec
478 1489 555 1517 res
583 1472 699 1517 vitio
734 1471 826 1516 illis
853 1478 1151 1525 verteretur,
1179 1467 1416 1522 fieretque
1451 1464 1696 1510 distinctio
1721 1464 1846 1509 inter
1872 1478 1951 1507 ve-

329 1566 433 1595 ram
461 1549 797 1594 narrationem
833 1556 881 1592 et
917 1545 1257 1591 narrationem
1282 1541 1638 1589 aedificationis
1661 1557 1815 1587 causa
1838 1555 1952 1585 eon-

329 1637 534 1680 textam,
562 1626 698 1683 quasi
725 1626 847 1669 haee
872 1623 1190 1680 praecipuam
1227 1620 1449 1666 veritatis
1485 1619 1727 1664 rationem
1753 1633 1849 1663 non
1876 1617 1956 1662 ha-

330 1706 486 1750 beret.
515 1703 698 1761 ‘injuria
724 1713 888 1747 tamen
915 1702 1008 1746 hoc
1038 1700 1192 1753 fieret,
1221 1714 1334 1743 nam
1358 1712 1515 1754 neque
1541 1696 1818 1741 litterarum
1843 1710 1957 1750 qua—

333 1782 662 1827 drimestrium
700 1789 952 1834 auctores,
981 1793 1138 1834 neque
1162 1775 1429 1821 Societatis
1451 1773 1570 1832 Jesu
1596 1772 1956 1823 moderatores,

332 1875 487 1916 neque
522 1868 802 1904 nostrarum
837 1856 1157 1901 historiarum
1191 1853 1476 1909 scriptores,
1517 1866 1676 1907 neque
1711 1864 1799 1894 nos
1832 1847 1959 1894 deni-

332 1954 425 1995 que
460 1937 564 1992 ipsi,
602 1951 711 1981 cum
747 1935 790 1979 in
828 1934 1073 1991 publicam
1110 1933 1269 1977 lucem
1304 1930 1524 1976 Litteras
1558 1927 1962 1984 Quadrimestres

335 2013 649 2071 proterimus,
688 2028 772 2057 eas
808 2028 895 2068 pro
931 2009 1138 2055 historia
1177 2007 1464 2064 simpliciter
1502 2005 1675 2051 haberi
1716 2004 1958 2059 volumus,

333 2091 414 2136 sed
443 2106 532 2146 pro
558 2089 791 2134 historiae
817 2088 1049 2142 fontibus,
1077 2086 1203 2131 unde
1230 2085 1416 2130 veritas
1440 2099 1502 2129 ex
1524 2091 1668 2139 parte
1693 2089 1877 2126 manat.

423 2168 542 2212 illud
578 2157 760 2216 tamen,
799 2165 925 2222 quod
961 2180 1157 2220 semper
1191 2178 1393 2208 necesse
1428 2169 1516 2215 est,
1545 2159 1591 2204 in
1626 2174 1715 2203 usu
1749 2158 1960 2203 Littera-

340 2261 444 2290 rum
485 2243 933 2300 Quadrimestrium
969 2241 1182 2287 maxime
1216 2248 1331 2285 ante
1371 2238 1543 2284 oculos
1580 2236 1876 2289 habendum,
1916 2245 1965 2279 ut

337 2322 507 2367 sedulo
534 2338 612 2366 res
643 2321 775 2377 ipsas
798 2336 828 2365 a
853 2320 1042 2365 dicendi
1077 2318 1222 2364 modo
1258 2316 1635 2373 distinguamUS,
1663 2328 1820 2369 neque
1855 2328 1963 2369 pro-

340 2400 564 2445 nuntiata
584 2399 681 2451 illa,
705 2413 831 2453 quae
851 2414 879 2442 a
900 2395 1251 2453 metaphysicis
1270 2391 1631 2450 propositiones
1656 2389 1965 2434 universales

338 2479 589 2532 dicuntur,
638 2491 860 2532 quaeque
906 2475 951 2519 in
998 2473 1162 2519 multis
1206 2469 1650 2529 quadrimestribus
1693 2468 1962 2521 iterantur,

343 2570 539 2599 «omnes
565 2553 742 2598 Patres
766 2562 814 2597 et
838 2552 1025 2597 fratres
1049 2549 1192 2608 hujus
1217 2548 1412 2604 collegii
1432 2561 1622 2592 summa
1647 2543 1901 2601 diligentia
1920 2542 1964 2587 in

344 2631 573 2676 virtutem
599 2630 911 2675 incumbunt»
949 2637 1034 2673 aut
1068 2627 1166 2672 alia
1201 2624 1457 2683 ejusmodi,
1495 2638 1570 2680 ne,
1608 2622 1821 2679 inquam,
1858 2635 1965 2677 pro-

341 2708 563 2753 nuntiata
595 2708 689 2752 ista
721 2707 1055 2762 metaphysice
1090 2706 1491 2760 interpretemur,
1519 2701 1587 2747 ita
1610 2709 1663 2745 ut
1687 2699 1733 2744 id
1757 2698 1885 2755 quod
1909 2697 1968 2742 de

340 2784 563 2830 omnibus
587 2784 633 2828 in
659 2783 941 2829 universum
963 2782 1259 2837 affirmatur,
1283 2781 1341 2825 de
1365 2778 1570 2836 singulis
1594 2777 1743 2823 etiam
1766 2790 1966 2831 separa-

341 2862 426 2907 tim
453 2876 626 2906 verum
662 2875 772 2905 esse
807 2861 1000 2916 debeat3
1027 2860 1113 2904 sed
1144 2857 1414 2912 moraliter,
1441 2855 1509 2900 ita
1543 2863 1595 2899 ut
1628 2850 1687 2899 de
1721 2852 1968 2909 plerisque

341 2939 518 2983 saltem
542 2936 635 2982 dici
659 2936 827 2993 possit,
856 2936 1150 2993 praesertim
1176 2950 1286 2980 eum
1311 2932 1488 2978 litteris
1523 2928 1968 2988 quadrimestribus

393 3106 401 3124 ¹
457 3103 650 3140 Monum-
677 3103 835 3146 Levat„
857 3115 934 3139 ser.
957 3102 1027 3145 4³²,
1049 3102 1077 3144 I,
1099 3101 1179 3138 702.
