1925 3509
500 284 887 321 7.-—VALLISOLETO
916 283 931 318 1
957 282 1159 329 JANUARH
1190 282 1279 317 1557
1612 280 1657 316 39

72 381 268 439 pissime
291 379 562 437 configunt,
589 378 821 425 continuo
845 392 961 423 suas
984 377 1190 422 technas
1214 384 1262 421 et
1285 390 1559 420 uenenatas
1589 390 1701 431 sug-

73 457 325 516 gestiones
349 471 518 502 coram
543 456 767 501 omnibus
790 453 1127 511 propalantes.

131 534 171 579 2.
239 533 388 578 Hisce
407 532 614 588 denique
634 530 922 576 firmissimis
942 528 1276 574 fundamentis
1296 527 1477 584 optime
1495 527 1702 572 insiden-

71 621 160 669 tes,
187 610 320 656 facili
344 610 545 666 negotio
569 609 667 654 alia
701 607 865 652 omnia
898 621 1047 663 super
1081 604 1361 651 aedificant.
1399 604 1527 650 Nam
1562 604 1702 649 scho-

71 687 229 734 lastici
258 702 380 732 suae
410 687 613 743 quisque
638 684 865 730 facultati
889 683 1152 740 diligenter
1176 682 1297 728 satis
1321 682 1534 738 insudat,
1562 697 1702 738 prae-

72 766 203 811 uisas
242 764 369 810 enim
404 762 619 821 quotidie
653 762 889 808 lectiones
924 769 1112 806 attente
1152 760 1372 816 audiunt,
1410 759 1703 815 auditasque

71 841 356 888 memoriter
379 841 619 897 recolunt,
648 848 696 885 et
725 838 925 884 tandem
958 846 1069 894 post
1104 836 1359 882 meridiem
1393 836 1556 881 omnia
1590 851 1702 881 con-

73 919 254 975 ferunt,
279 917 429 963 latine
454 932 650 973 semper
673 924 898 973 agentes.

127 997 169 1041 4.
239 995 436 1041 Octauo
460 1009 655 1051 quoque
680 992 756 1038 die
786 992 1007 1038 deidicae
1037 991 1309 1048 sapientiae
1343 999 1391 1036 et
1425 990 1703 1036 liberalium

70 1073 251 1119 artium
285 1071 518 1128 cultores,
557 1070 759 1116 mutatis
795 1069 1000 1122 vicibus,
1035 1084 1151 1113 suas
1176 1068 1481 1113 assertiones
1506 1067 1704 1113 fortiter

70 1165 129 1195 ac
164 1149 416 1206 ingeniose
454 1148 576 1194 satis
610 1147 893 1210 discutiunt;
937 1145 1217 1191 admirabili
1256 1154 1420 1191 tamen
1461 1145 1705 1190 modestia

70 1227 227 1273 aciem
272 1242 332 1272 ac
381 1225 626 1270 luxuriem
669 1225 819 1281 ipsius
863 1223 1140 1269 intellectus
1188 1232 1365 1280 suapte
1409 1232 1592 1268 natura
1636 1222 1702 1267 ef-

68 1305 259 1351 frenem
283 1304 305 1325 ἢ
328 1305 660 1349 moderantes.

129 1382 148 1392 .-

126 1397 169 1427 o.
236 1381 332 1438 Ipsi
356 1381 504 1426 etiam
528 1380 706 1425 Patres
731 1395 827 1425 non
862 1379 1039 1424 minori
1074 1378 1221 1423 animi
1256 1386 1441 1423 conatu
1475 1377 1521 1422 in
1556 1377 1703 1422 vinea

68 1459 266 1505 Domini
291 1459 599 1504 incessanter
622 1458 869 1503 laborant.
896 1456 1167 1512 Hucusque
1187 1454 1446 1501 lectionem
1465 1471 1528 1500 ex
1546 1454 1706 1499 Thre-

68 1536 143 1582 nis
165 1535 407 1581 Ieremiae
432 1534 686 1580 dominicis
711 1534 883 1579 diebus
906 1533 1037 1578 dorni
1061 1533 1337 1587 habuimus,
1366 1547 1511 1588 quem
1535 1540 1703 1576 noster

70 1613 151 1659 Pr.
180 1612 480 1658 Franciscus
504 1611 739 1668 copiosae
762 1610 926 1667 populi
951 1609 1248 1655 multitudini
1273 1624 1385 1654 cum
1409 1608 1595 1665 ingenti
1630 1608 1704 1664 (vt

70 1690 238 1746 credo)
279 1688 498 1747 ejusdem
538 1688 750 1734 Vtilitate
790 1687 921 1745 cepit
960 1686 1329 1743 interpraetari,
1367 1686 1444 1731 cui
1484 1686 1547 1730 ob
1586 1700 1703 1730 suas

70 1767 354 1812 innumeras
393 1765 746 1822 occupationes
785 1765 1024 1810 successit
1063 1763 1143 1809 Pr.
1188 1764 1364 1809 doctor
1404 1762 1599 1807 Madrid
1643 1777 1703 1807 ac

71 1843 219 1889 etiam
258 1843 339 1888 Pr.
381 1843 558 1888 doctor
596 1842 905 1899 Rodriguez,
948 1842 1028 1898 qui
1068 1856 1163 1886 non
1208 1840 1384 1885 minori
1424 1840 1703 1885 animarum

70 1920 237 1966 fructu
281 1920 489 1977 idipsum
529 1920 809 1965 executioni
855 1919 1153 1964 mandarunt
1197 1919 1228 1963 ¹.
1276 1918 1490 1963 Peracto
1534 1926 1703 1963 autem

70 1997 227 2055 primo
252 1998 429 2055 capite,
457 1998 666 2043 arbitrio
690 1996 835 2054 hujus
869 2005 1071 2042 nostrae
1106 1996 1386 2053 prouintiae
1420 1995 1700 2041 moderato-

71 2075 154 2131 ris,
190 2075 356 2120 Patris
391 2075 575 2132 Araoz,
613 2074 740 2120 idem
764 2074 846 2120 Pr.
872 2074 1161 2130 Rodriguez
1184 2088 1382 2118 sacram
1409 2071 1595 2117 Christi
1620 2072 1701 2117 do-

72 2153 281 2198 ctrinam
320 2152 390 2198 sic
428 2152 619 2198 erudite
658 2152 787 2209 cepit
826 2150 1197 2208 interpraetari,
1240 2160 1293 2195 vt
1332 2150 1504 2195 doctus
1543 2149 1702 2207 quiuis

72 2228 332 2285 plurimum
356 2229 600 2274 commodi
624 2237 792 2285 posset
815 2236 1094 2284 reportare:
1120 2227 1248 2284 quod
1271 2242 1390 2272 sane
1415 2225 1702 2283 experimur

72 2321 134 2350 ex
156 2321 214 2351 eo
239 2306 367 2363 quod
391 2305 565 2364 ingens
589 2306 753 2363 populi
777 2305 1038 2351 multitudo
1063 2313 1166 2350 tum
1190 2304 1452 2349 illustrium
1478 2302 1702 2348 virorum

73 2391 121 2427 et
143 2382 455 2433 feminarum.
489 2399 599 2429 cum
632 2383 781 2428 etiam
813 2398 987 2428 eorum
1021 2382 1101 2439 qui
1137 2381 1313 2427 officiis
1347 2380 1601 2438 regalibus
1636 2379 1701 2425 in-

71 2459 307 2515 seruiunt,
347 2459 744 2516 frequentissime
777 2459 841 2505 ad
875 2459 1137 2504 salutifera
1167 2457 1351 2504 Christi
1381 2465 1701 2503 sacramenta

72 2536 328 2593 accedunt;
366 2537 606 2593 adeoque,
644 2546 697 2582 vt
730 2552 848 2593 sepe
882 2552 971 2581 sex
1005 2535 1184 2582 Patres
1217 2534 1471 2581 audiendis
1510 2533 1700 2580 confes-

71 2612 285 2658 sionibus
308 2629 405 2658 non
428 2613 691 2659 sufficiant.

129 2688 171 2735 6.
236 2689 486 2735 Multoties
525 2690 673 2736 etiam
713 2699 957 2736 vocantur
1001 2705 1091 2747 pro
1131 2689 1356 2745 infirmis,
1403 2703 1594 2733 necnon
1637 2687 1701 2733 ad

121 2867 140 2886 ἢ
190 2867 332 2904 effrem
351 2879 431 2905 ms.

122 3034 132 3052 ¹
183 3033 424 3071 Franciscus
452 3034 622 3081 Borgia,
655 3033 861 3071 Antonius
892 3032 1069 3078 Madrid,
1105 3031 1416 3078 Christophorus
1448 3031 1695 3078 Rodri'guez.

75 3090 138 3129 Cf.
159 3092 403 3136 Formam,
428 3094 596 3137 Chron„
617 3093 691 3137 VI,
711 3093 781 3129 579
799 3098 839 3129 et
857 3092 938 3129 651.
