1910 3380
570 212 842 248 50.—BURG1s
868 213 889 248 4
916 212 1024 258 MAJ1
1054 213 1143 249 1557
1554 216 1624 251 205

806 459 881 510 50

524 571 875 617 ANTONIUS
910 571 1187 618 TORRES

608 683 754 709 simois
780 674 802 709 4
829 684 922 720 MAJI
954 674 1042 709 1557
1072 676 1094 710 ¹.

33 761 108 798 1-3.
137 760 363 797 Sociorum
382 772 596 798 muneras
615 766 653 799 et
673 764 1021 800 ›ministeria-4.
1054 763 1395 801 Exercitationes
1409 765 1667 810 spirituales

101 823 141 856 et
172 820 429 865 regularum
460 820 1134 859 observantia.——5.—L1'ttemm·a
1153 823 1305 859 stadia
1325 827 1364 860 et
1389 825 1665 860 exercitia.—

101 878 143 914 6.
176 878 328 925 Aliqui
343 880 594 916 scholastici
611 881 671 917 ad
688 883 939 927 religiosam
954 884 1094 919 vitam
1109 882 1416 927 aspirant—7.
1449 882 1666 920 Obtrecta-

100 940 210 974 tores
228 939 371 985 aliqui
388 943 537 976 contra
559 940 815 977 Societatem
835 942 1001 978 latrare
1019 953 1104 978 uon
1125 942 1347 986 desinunt,
1364 942 1442 979 sed
1456 943 1575 979 intra
1588 947 1666 988 pa-

102 998 227 1034 rietes
243 999 443 1044 privatos
462 1002 656 1036 tautum..

92 1092 130 1138 1.
196 1095 224 1143 †
258 1093 353 1138 [hs.
381 1094 665 1140 Admodum
690 1096 814 1141 Rde.
844 1096 889 1141 in
920 1095 1071 1142 Chro.
1110 1097 1277 1143 Pater.
1315 1096 1422 1142 Pax
1459 1096 1662 1144 Christi.

30 1167 226 1227 [Multis
258 1171 427 1216 verbis
460 1172 597 1229 dicit,
637 1174 758 1218 novi
779 1173 910 1218 nillil
931 1174 983 1218 in
1008 1174 1221 1229 collegio
1246 1174 1531 1227 accidz‘sse.]
1557 1174 1662 1220 Iam

8 1256 191 1291 >autem
215 1262 278 1292 ex
301 1262 476 1293 eorum
499 1253 536 1304 a,
564 1249 644 1305 qui
678 1249 725 1294 in
758 1249 853 1295 hac
885 1250 1032 1295 domo
1071 1261 1286 1307 manent,
1323 1251 1445 1296 satis
1478 1251 1663 1308 exiguo

28 1337 233 1369 numero
253 1323 415 1380 (quem
434 1325 566 1370 intra
583 1326 927 1372 duodecimum
946 1327 1185 1383 proximis
1204 1328 1379 1373 litteris
1399 1326 1457 1373 T.
1477 1328 1530 1373 P.
1552 1344 1662 1374 con-

28 1399 202 1445 sistere
225 1400 503 1457 significaui
535 1402 585 1459 2),
624 1419 768 1448 nemo
802 1419 1009 1459 prorsus
1043 1414 1129 1449 aut
1162 1404 1435 1450 subductus
1470 1416 1543 1451 est
1577 1415 1665 1451 aut

28 1477 236 1534 additus,
273 1479 471 1524 tametsi
505 1478 523 1506 b
553 1480 848 1535 quotidianis
883 1480 1327 1538 efflagitationibus
1361 1481 1484 1527 duos
1518 1483 1660 1534 alios,

28 1562 112 1599 aut
148 1554 211 1598 ad
251 1569 495 1600 summum
533 1565 653 1612 tres,
703 1557 970 1613 superaddi
1009 1558 1381 1615 contendamus,
1429 1574 1540 1604 cum
1583 1560 1663 1616 qui

28 1630 201 1676 adsunt
234 1631 339 1677 sine
373 1633 520 1689 graui
555 1633 727 1679 labore
762 1643 811 1679 et
845 1634 1068 1690 plurimis
1103 1635 1379 1681 studiorum
1420 1636 1660 1682 intermis-

28 1707 240 1754 sionibus
259 1709 456 1766 collegii
481 1710 624 1755 huius
648 1710 922 1756 ministeria
941 1712 1104 1757 omnia
1128 1713 1295 1758 subire
1314 1722 1401 1758 aut
1419 1714 1660 1760 tollerare

26 1795 284 1841 nequeant.
313 1786 394 1831 Ad
416 1786 541 1832 haec
564 1788 650 1833 uix
673 1787 766 1833 hoc
790 1789 1017 1844 proximo
1052 1790 1503 1847 quadragessimali
1538 1800 1659 1837 tem-

27 1876 143 1918 pore
172 1863 235 1908 ab
259 1863 514 1909 audiendis
540 1865 952 1922 confessionibus,
979 1882 1072 1912 nec
1096 1868 1266 1924 paucis
1290 1869 1485 1925 quidem
1509 1885 1658 1926 gene-

28 1938 226 1992 ralibus,
250 1941 467 1986 maximo
487 1957 599 1986 cum
618 1941 786 1988 fructu
805 1944 1048 2000 tantisper
1067 1955 1140 1990 est
1159 1955 1461 1991 caessatum.
1475 1946 1659 1992 Mendi-

5 2029 193 2062 ·corum
216 2018 365 2063 etiam
391 2020 556 2077 turba,
584 2035 694 2065 cum
719 2021 766 2065 in
790 2021 1039 2077 parochiis
1064 2031 1250 2079 quanta
1275 2039 1367 2080 par
1391 2034 1502 2069 erat
1526 2025 1656 2070 ratio

25 2107 118 2138 non
150 2093 437 2152 haberetur,
475 2095 539 2141 ad
573 2112 663 2142 nos
696 2113 749 2142 se
788 2098 1010 2156 contulit,
1048 2099 1224 2156 quibus
1263 2100 1504 2157 omnibus,
1547 2101 1656 2146 aliis

29 2169 416 2217 confessionibus
440 2173 634 2218 omissis
657 2173 705 2218 in
728 2183 998 2232 posterum,
1026 2176 1144 2221 data
1168 2185 1244 2222 est
1266 2192 1420 2233 opera
1439 2178 1656 2223 maxima

28 2261 137 2292 eum
161 2263 333 2293 eorum
358 2249 565 2295 laetitia.

82 2322 123 2368 2.
189 2324 267 2369 Ad
292 2326 625 2372 eucharistiae
649 2327 867 2373 diuinum
902 2341 1288 2387 sacramentum,
1326 2331 1655 2376 foeminarum

28 2399 347 2459 potissimum,
375 2403 550 2459 ingens
576 2414 651 2449 est
674 2404 860 2450 feruor.
885 2405 1010 2451 Sunt
1045 2407 1174 2452 enim
1208 2423 1335 2464 quae
1369 2408 1655 2464 frequenter

26 2475 72 2520 in
93 2475 404 2524 hebdomada
438 2481 805 2527 communicant
833 2489 860 2526 ⁰.
896 2482 1097 2528 Utinam
1132 2500 1303 2530 earum
1339 2485 1652 2531 sanctitatem

27 2553 104 2598 vel
126 2554 291 2611 aliqua
314 2571 377 2601 ex
399 2566 543 2613 parte
567 2557 669 2614 ipse
693 2558 982 2605 immitarer!
1009 2560 1169 2606 Pudet
1201 2561 1345 2616 enim,
1382 2570 1531 2618 atque
1563 2562 1651 2608 uti-

70 2708 87 2729 a
129 2704 266 2741 Prius
284 2718 333 2742 ex
351 2706 424 2743 his.
479 2706 543 2734 —b
591 2712 634 2743 tf]
661 2708 693 2744 si
726 2719 806 2745 ms.
860 2717 923 2737 —c
968 2710 1104 2747 Prius
1135 2709 1311 2756 quotidie
1339 2712 1649 2754 communicant,

29 2765 109 2807 aut,
126 2762 158 2799 si
173 2763 413 2811 denegatur,
431 2766 550 2803 tertio
565 2779 724 2814 quoque
740 2768 816 2805 die.

72 2891 83 2911 ¹
132 2891 195 2929 Ex
213 2895 478 2942 autographo,
500 2902 542 2933 ut
563 2897 735 2942 videtur,
757 2898 797 2934 in
824 2898 959 2935 codice
987 2899 1119 2945 Hisp.
1154 2899 1222 2943 95,
1253 2900 1276 2936 2
1306 2900 1347 2937 ff.
1378 2914 1443 2938 nn.
1475 2901 1533 2947 99,
1569 2902 1647 2948 100;

25 2950 133 2995 prius
154 2951 232 2996 148,
257 2953 334 2991 149.
356 2954 513 3002 Aliqua
531 2956 616 3002 ipse
636 2962 777 2993 auctor
796 2958 1041 2999 emendavit,
1061 2962 1104 2994 ut
1123 2958 1163 2995 in
1178 2965 1312 2996 annot.
1335 2960 1569 2999 indicamus.

71 3010 84 3029 '²
132 3010 239 3050 Vide
258 3026 352 3060 pag.
372 3013 430 3051 66.
