2054 3530
360 298 414 324 xx
823 286 1042 322 LITTERAE
1069 285 1163 330 Qua
1170 295 1427 321 DRIMESTRES

401 382 542 427 Haec
579 390 626 427 et
666 381 762 426 alia
802 380 1079 438 hujusmodi
1120 379 1284 436 quanti
1318 379 1379 424 ad
1414 379 1669 424 historiam
1706 378 1934 423 momenti

313 460 423 515 sint,
451 470 497 504 et
537 474 706 503 omnes
741 458 1018 514 intelligunt
1052 468 1097 502 et
1134 465 1365 502 auctores
1405 456 1721 501 historiarum
1762 454 1934 500 confir-

313 544 464 592 mant,
492 551 601 581 cum
625 551 687 580 ex
710 535 802 579 hoc
825 534 960 580 fonte
995 549 1144 590 saepe
1177 533 1406 578 hauriant
1431 548 1556 589 quae
1590 533 1649 577 de
1684 532 1934 577 sociorum

314 613 565 658 laboribus
589 621 842 667 enarrant,
870 611 915 656 id
940 612 1069 667 quod
1094 611 1186 656 loci
1206 619 1468 655 auctorum
1488 609 1713 666 superius
1737 609 1933 654 indicati

315 690 434 736 satis
459 705 704 747 superque
728 689 1069 746 comprobant.

397 767 569 824 Itaque
604 766 818 823 vestigia
844 766 896 811 P.
925 765 1128 811 Caecilii
1165 764 1354 811 Gomez
1391 765 1619 821 Rodeles,
1647 764 1727 820 qui
1752 764 1797 808 in
1823 780 1933 820 ope-

312 860 364 890 re
389 843 468 889 La
494 843 784 900 Compasz'z'a
814 843 876 888 de
898 844 1060 901 νῙθεινὶε
1084 842 1367 900 cateqm'sta
1402 842 1620 887 Litteras
1644 840 1934 897 Quadrime‘-

309 930 437 966 stres
461 930 666 977 usurpat
689 920 874 965 centies
898 919 1199 976 quadragies
1230 919 1426 975 septies,
1464 927 1732 974 sequentur
1766 934 1937 963 omnes

308 997 583 1054 quicunque
619 995 883 1042 Societatis
907 996 1027 1055 jesu
1051 996 1331 1053 singulares
1355 996 1555 1041 labores
1582 995 1847 1052 variasque
1875 995 1936 1040 vi-

310 1074 618 1121 cissitudines
642 1074 832 1120 erudite
858 1074 1253 1131 pertractabunt.

395 1152 464 1198 Ut
486 1152 637 1208 igitur
670 1168 700 1198 a
734 1161 872 1197 recta
908 1151 1133 1196 veritatis
1168 1151 1249 1196 via
1283 1150 1541 1196 recederet
1565 1151 1642 1206 qui
1678 1149 1933 1195 historiam

313 1229 598 1287 simpliciter
632 1245 692 1275 ex
718 1229 922 1274 Litteris
946 1227 1403 1285 Quadrimestribus
1437 1237 1705 1273 contexere
1729 1243 1932 1272 conare-

307 1316 403 1361 tur;
441 1306 510 1352 sic
544 1306 928 1364 reprehensione
961 1306 1108 1362 gravi
1144 1321 1237 1350 non
1271 1313 1472 1350 careret
1506 1305 1585 1362 qui
1618 1305 1708 1350 has
1742 1305 1933 1350 litteras

308 1383 500 1441 penitus
524 1384 864 1441 negligendas,
890 1385 996 1429 sola
1030 1399 1151 1428 vero
1186 1383 1384 1439 privata
1407 1391 1726 1428 monumenta
1750 1398 1775 1427 e
1800 1392 1929 1428 tene-

306 1462 408 1507 bris
442 1461 660 1507 eruenda
694 1461 1044 1507 arbitraretur.
1073 1460 1175 1505 Nisi
1210 1460 1340 1505 forte
1374 1460 1580 1505 historia
1605 1469 1719 1505 tunc
1744 1468 1828 1505 aut
1853 1475 1925 1505 so-

306 1539 555 1585 lummodo
580 1548 666 1584 aut
690 1538 955 1595 praecipue
990 1554 1193 1583 munere
1227 1537 1450 1594 {ungitur
1475 1552 1579 1592 suo,
1608 1552 1716 1582 cum
1741 1552 1930 1582 arcana

306 1615 553 1661 hominum
578 1615 782 1661 consilia
816 1615 862 1660 in
896 1615 1053 1660 lucem
1077 1614 1282 1671 profert,
1311 1623 1396 1659 aut
1420 1622 1578 1659 tetras
1612 1614 1932 1670 conspiratio-

308 1708 394 1738 nes
419 1692 622 1749 detegit,
649 1703 732 1738 aut
756 1707 905 1737 unum
940 1691 1151 1748 aliquem
1187 1691 1351 1736 nescio
1376 1706 1519 1747 quem
1543 1706 1687 1736 secus
1710 1691 1931 1747 ignotum

310 1781 477 1815 terrae
507 1769 672 1825 filium,
700 1770 830 1815 malo
864 1785 1121 1826 pravoque
1155 1768 1367 1826 ingenio,
1395 1768 1596 1814 insidias
1630 1769 1775 1814 matri
1809 1784 1931 1814 suae

311 1845 550 1892 Societati
583 1845 795 1904 hujusve
830 1845 1226 1891 moderatoribus
1261 1845 1541 1891 molientem
1565 1845 1793 1890 illustrat:
1822 1861 1934 1890 cum

310 1932 478 1970 autem
512 1924 796 1969 scholarum
835 1924 1070 1979 ordinem,
1105 1923 1462 1979 magistrorum
1492 1923 1838 1980 constantiam,
1866 1923 1931 1968 di-

311 2001 610 2059 scipulorum
634 2001 937 2057 diligentiam
963 2010 1010 2046 et
1035 2001 1342 2057 modestiam,
1368 2000 1685 2046 sacerdotum
1711 2000 1757 2045 in
1780 2000 1933 2058 quoti-

310 2078 465 2124 dianis
499 2079 754 2125 laboribus
792 2078 1236 2135 perseverantiam,
1274 2078 1502 2135 exempla
1541 2078 1748 2134 denique
1783 2077 1932 2124 virtu-

306 2165 406 2201 tum
445 2156 658 2201 omnium
695 2156 963 2201 imitatione
1002 2156 1290 2213 dignissima
1328 2164 1442 2201 ante
1482 2156 1652 2201 oculos
1685 2156 1933 2201 hominum

307 2233 456 2291 ponit3
482 2242 599 2279 tunc
622 2233 819 2279 demum
843 2233 1019 2279 desinit
1044 2249 1152 2279 esse
1177 2233 1420 2291 magistra
1446 2233 1594 2279 vitae.

808 2358 1037 2404 HL-DE
1072 2372 1171 2404 HAc
1206 2371 1444 2404 EDITIONE

393 2467 572 2512 Adhuc
605 2467 929 2524 simplicitatis
964 2468 1322 2526 brevitatisque
1355 2483 1509 2513 causa
1543 2467 1613 2513 sic
1647 2467 1704 2513 de
1739 2467 1931 2524 quadri-

307 2544 571 2590 mestribus
614 2545 788 2590 litteris
833 2545 1019 2601 loquuti
1062 2561 1252 2603 sumus,
1299 2544 1439 2602 quasi
1483 2543 1626 2602 hujus
1671 2544 1932 2589 voluminis

304 2621 541 2678 epistolae
567 2636 738 2666 omnes
761 2636 820 2666 eo
846 2621 1039 2667 nomine
1058 2622 1317 2668 donandae
1341 2630 1519 2667 essent.
1543 2621 1790 2678 Quoniam
1812 2636 1931 2666 vero

304 2697 504 2754 generis
529 2697 689 2753 magis
723 2713 868 2754 quam
903 2697 1110 2743 nominis
1144 2698 1190 2743 in
1224 2697 1582 2756 conjungendis
1604 2697 1932 2742 monumentis

304 2774 545 2819 rationem
570 2774 741 2819 haberi
766 2784 980 2831 oportet,
1007 2791 1103 2820 non
1127 2775 1287 2820 solum
1322 2790 1407 2820 eas
1440 2775 1674 2831 epistolas
1697 2775 1790 2819 huc
1814 2767 1927 2819 con->

303 2850 561 2908 gessimus,
589 2867 714 2907 quae
740 2860 918 2908 quarto
953 2867 1148 2909 quoque
1172 2867 1355 2909 mense,
1380 2852 1467 2897 sed
1491 2851 1749 2896 nonnullas
1783 2850 1931 2895 etiam

303 2942 429 2984 quae
453 2938 538 2972 aut
562 2927 768 2984 singulis
791 2927 1039 2973 mensibus
1063 2939 1147 2973 aut
1171 2929 1340 2974 oblata
1374 2927 1615 2984 singulari
1645 2927 1925 2983 occasione,

304 3003 515 3048 Romam
543 3003 880 3060 mittebantur,
908 3004 1169 3050 dummodo
1193 3013 1358 3050 tamen
1386 3019 1540 3062 «quae
1574 3002 1931 3048 aedificationis

303 3088 439 3125 sunt»
466 3080 572 3127 sive
596 3080 753 3125 solum
779 3080 884 3125 sive
909 3080 1178 3137 praecipue
1202 3081 1524 3126 continerent.
