1900 3380
388 280 610 317 APPENDIX
636 279 871 317 L—PRAGA
900 280 942 316 17
969 279 1171 327 JANUARII
1200 280 1245 325 (P)
1276 279 1366 316 1558
1573 276 1643 322 927

66 376 327 422 maiestate
352 377 383 430 ¹,
411 376 751 422 uehementius
776 391 921 433 quam
946 376 1071 422 alias
1094 375 1275 421 fuimus
1305 373 1520 420 nonnihil
1545 373 1695 430 impe-

65 453 162 498 diti.
193 452 270 497 Ac
294 453 521 508 quamuis
547 468 627 498 res
652 453 911 499 bohemica
936 452 1005 498 sic
1040 452 1295 498 nobiscum
1330 458 1622 508 perseueret
1645 459 1697 495 ut

65 530 225 586 potius
249 529 308 574 T.
336 529 389 574 P.
418 530 670 576 orationes
695 546 754 576 ac
790 530 1007 576 omnium
1044 545 1366 575 romanorum
1399 528 1614 574 fratrum
1638 542 1697 573 ac

65 607 267 652 Patrum
293 603 590 652 charitatem
616 608 859 664 imploret,
887 617 1053 653 tamen
1079 607 1263 664 nescio,
1289 607 1328 652 si
1353 622 1450 652 non
1474 607 1521 652 in
1545 605 1696 651 omni-

66 686 170 741 bus,
198 700 258 729 ac
282 693 420 729 certe
446 684 491 729 in
515 685 758 742 aliquibus
784 686 875 731 hoc
899 685 1262 742 quadrimestre
1288 684 1528 730 maiorem
1549 683 1697 729 diuini

65 761 251 807 seruitii
276 776 413 817 spem
438 761 615 807 erexit.

123 838 164 884 2.
232 837 360 883 Nam
386 847 436 884 ut
460 839 519 883 de
544 839 716 884 studiis
740 839 952 895 primum
987 838 1169 896 aliquid
1204 838 1379 894 dicam,
1406 837 1634 894 dialogus
1668 852 1698 882 a

66 916 229 972 pueris
253 915 311 961 de
337 915 597 962 natiuitate
621 925 695 962 est
718 918 1018 969 celebratuS,
1040 916 1198 962 tribus
1232 915 1577 973 praesentibus
1602 915 1697 972 epi-

65 993 227 1049 scopis
261 994 293 1048 ²,
336 1008 521 1050 magna
556 993 803 1039 hominum
839 993 1133 1050 frequentia,
1171 993 1500 1039 admiratione
1534 1002 1583 1039 et
1616 1008 1698 1050 ap-

66 1071 256 1127 plausu;
284 1070 363 1127 qui
389 1080 696 1127 quantopere
720 1070 1068 1128 satisfecerint,
1096 1071 1257 1117 exitus
1282 1071 1385 1128 ipse
1405 1070 1695 1127 declarauit,

67 1163 177 1194 cum
200 1152 222 1173 a
245 1164 275 1193 a
297 1148 520 1204 plurimis
543 1148 749 1194 eruditis
773 1157 821 1194 et
847 1148 1090 1194 nobilibus
1123 1148 1349 1205 personis
1382 1148 1445 1194 sit
1484 1148 1698 1193 maxime

67 1225 377 1271 collaudatus
400 1234 448 1271 et
472 1241 567 1271 non
593 1226 762 1282 paucis
785 1225 984 1283 aliquod
1009 1226 1114 1271 eius
1138 1226 1396 1283 exemplar
1419 1225 1697 1271 describen-

71 1303 184 1349 dum
209 1302 562 1360 efflagitatum.

125 1380 170 1426 3.
237 1379 466 1425 Nonnulli
493 1380 562 1425 sic
586 1379 814 1437 quadam,
843 1395 970 1436 quae
994 1380 1121 1426 inter
1139 1379 1303 1425 Patris
1323 1379 1451 1425 illius
1469 1380 1578 1436 piae
1604 1395 1697 1425 me-

70 1457 257 1503 moriae
275 1457 291 1481 3
311 1457 520 1503 facetias
540 1457 809 1513 relucebat,
829 1457 1011 1514 pietate
1027 1457 1323 1514 compuncti,
1343 1456 1467 1502 filios
1482 1472 1598 1503 suos
1616 1472 1697 1502 no—

72 1535 141 1582 bis
157 1535 530 1581 commendatos
547 1543 595 1581 et
613 1535 659 1580 in
678 1543 903 1581 nostrum
920 1535 1202 1581 conuictum
1222 1535 1435 1581 traditos
1454 1535 1699 1581 humanis-

69 1612 190 1659 sime
215 1613 531 1670 expetebant,
559 1628 765 1670 quorum
791 1613 970 1659 bonam
994 1629 1130 1670 spem
1154 1613 1316 1670 magis
1339 1612 1400 1659 R.
1424 1612 1477 1659 P.
1500 1622 1666 1658 rector
1685 1613 1700 1636 ⁴

68 1689 253 1736 distulit
276 1705 367 1747 pro
392 1691 567 1736 maiori
591 1690 786 1747 collegii
810 1690 1176 1749 commoditate,
1204 1707 1350 1748 quam
1377 1691 1594 1737 abstulit.

126 1768 169 1812 4.
237 1766 611 1824 Disputationes
634 1767 834 1813 habitae
857 1776 970 1813 sunt
1000 1767 1060 1813 de
1088 1776 1406 1814 sacramento
1440 1766 1699 1813 confirma-

73 1844 219 1891 tionis
242 1844 258 1868 5
281 1853 420 1890 tanto
444 1843 694 1890 hominum
717 1859 963 1890 concursu
986 1853 1035 1891 et
1058 1844 1331 1890 eorundem
1357 1844 1701 1902 episcoporum

49 1931 118 1968 -et
142 1921 351 1967 aliarum
377 1936 558 1978 magne
582 1921 835 1979 dignitatis
859 1937 920 1968 ac
943 1922 1201 1968 doctrinae
1226 1922 1516 1968 celebritate
1537 1937 1699 1979 perso-

69 2014 263 2055 narum,
289 2008 342 2045 ut
364 1999 502 2044 scola
524 2014 621 2044 non
656 1999 872 2045 omnium
907 2008 1040 2045 esset
1073 2015 1252 2057 capax,
1290 1998 1597 2045 multitudine
1630 2010 1701 2045 ta-

72 2091 183 2122 men
206 2075 473 2133 disputatio
497 2075 666 2132 magis.
690 2075 891 2121 incaluit
925 2091 1073 2133 quam
1106 2076 1434 2134 argumentis,
1471 2086 1517 2122 et
1552 2075 1701 2132 (quod

75 2152 286 2198 maxime
310 2152 668 2209 deplorandum
692 2152 783 2211 est)
808 2152 999 2199 mauult
1022 2153 1115 2199 hoc
1138 2152 1387 2198 hominum
1420 2167 1578 2209 genus
1601 2152 1702 2198 suis

72 2229 458 2276 dubitationibus
502 2238 550 2275 et
597 2229 929 2276 incredulitati
973 2230 1185 2287 immori,
1232 2246 1379 2287 quam
1428 2229 1701 2275 sanandam

73 2306 434 2363 aegritudinem
459 2306 689 2363 prodere,
716 2322 838 2364 quos
871 2307 911 2353 si
937 2308 1162 2353 omnibus
1197 2307 1516 2353 humanitatis
1551 2316 1600 2352 et
1623 2308 1700 2352 be-

73 2384 384 2430 neuolentiae
408 2383 597 2429 indiciis
620 2384 682 2429 ad
701 2385 1153 2442 argumentandum
1171 2384 1448 2441 inuitemUS,
1473 2395 1698 2441 renuunt,

74 2471 122 2507 et
153 2461 372 2507 nonnulli
406 2461 542 2516 satiS‚
570 2476 692 2518 pene
725 2462 967 2520 dixeram,
1005 2461 1331 2519 impudenter,
1358 2463 1491 2508 uelut
1520 2461 1699 2508 malefi-

120 2628 139 2647 3
189 2632 274 2665 tum
294 2638 375 2665 ms.

123 2785 133 2803 ¹
185 2781 480 2824 Ferdinandus,
501 2793 758 2819 romanorum
776 2794 862 2819 rex.

123 2844 135 2862 ²
187 2842 296 2879 Vide
315 2854 408 2889 pag.
430 2839 513 2878 526.

123 2903 136 2922 ³
186 2901 389 2949 Dialogus
408 2901 456 2938 de
484 2901 696 2939 nativitate
722 2903 895 2950 scriptus
923 2901 1055 2939 fuerat
1082 2914 1105 2938 a
1131 2901 1177 2938 P.
1206 2900 1378 2938 Andrea
1409 2901 1565 2939 Frusio.
1595 2901 1703 2939 Vide

77 2961 276 3009 superius,
296 2973 389 3009 pag.
409 2960 492 2998 265.

124 3021 138 3041 ⁴
187 3020 231 3058 P.
249 3020 471 3059 Ursmarus
489 3019 742 3059 Goissonius.

125 3080 140 3100 ⁸
189 3080 297 3117 Vide
316 3093 410 3127 pag.
430 3078 513 3117 526.
