1910 3380
496 217 801 254 >13.**C01.0xm
830 218 868 254 ⁴21
904 217 1078 254 Amenffs
1108 218 1196 254 1537
1547 220 1613 254 1871)

32 313 271 360 Coloniae
294 321 495 358 nostrae
521 313 786 369 seruanda,
820 328 947 369 quae
983 313 1223 358 hactenus
1258 322 1366 369 post
1401 315 1550 357 semel
1587 329 1657 358 re-

33 401 226 448 ceptam
252 389 395 435 fidem
421 399 717 446 perseuerat
741 390 917 448 l'nfide
941 390 1146 436 stabilis.

90 469 131 514 7.
199 467 373 512 Adfuit
396 467 468 512 his
488 467 663 513 diebus
687 483 747 513 ex
769 467 1080 513 Confluentia
1100 468 1497 513 charthusianus:
1521 467 1560 511 is
1579 483 1659 511 no-

34 546 106 592 bis
130 545 296 590 retulit
321 544 609 601 episcopum
634 555 975 590 treuerensem
1001 546 1011 569 ¹
1039 545 1324 591 desiderare
1349 560 1661 600 summopere

34 632 85 669 ut
108 621 345 667 Treueris
380 621 644 677 collegium
675 621 942 668 Societatis
966 622 1209 679 erigatur.
1236 638 1411 667 uerum
1444 637 1553 667 cum
1578 628 1593 648 ³
1620 621 1663 666 id

35 700 188 758 primo
213 699 406 756 quidem
431 699 716 745 difficillime
740 699 845 745 fieri
876 700 1026 755 possit
1061 699 1095 754 b,
1123 700 1241 756 petit
1266 708 1317 745 ut
1337 715 1395 745 eo
1416 715 1541 744 vnus
1561 708 1664 744 tan-

36 778 284 824 tummodo
319 786 469 833 atque
504 778 630 823 alter
664 778 903 835 mittatur,
942 793 1152 834 quorum
1187 778 1313 823 alter
1348 777 1666 823 concionibus

35 855 267 912 populum
292 854 537 900 instruere
563 855 733 911 possit.
761 854 956 901 Orabat
981 855 1360 901 charthusianus
1385 855 1478 911 ille,
1502 864 1554 900 ut
1578 870 1668 900 nos

38 948 125 990 pro
150 932 242 976 hoc
266 932 476 987 negocio
502 932 632 988 apud
657 932 724 977 V.
751 932 811 978 R.
840 932 1276 978 intercederemus.
1304 932 1668 990 Respondimus

38 1009 229 1055 facilius
268 1008 314 1053 id
352 1008 610 1065 impetrari
651 1024 811 1066 posse,
860 1009 897 1054 si
941 1009 1149 1066 ipsemet
1186 1010 1357 1055 Rmus.
1406 1009 1667 1066 episcopus

39 1087 242 1143 elector,
269 1087 346 1131 uel
371 1101 459 1131 suo
485 1086 680 1131 nomine
705 1086 881 1143 aliquis
906 1087 951 1132 id
981 1097 1190 1144 peteret,
1228 1103 1317 1133 nos
1351 1096 1516 1133 tamen
1551 1087 1668 1133 inte-

41 1163 129 1208 rim
153 1163 213 1209 R.
237 1163 347 1208 V.²³e
367 1162 754 1221 significaturos,
777 1164 906 1222 quod
925 1165 988 1210 ab
1007 1180 1066 1210 eo
1086 1165 1487 1211 intellexerimus.
1512 1164 1669 1210 Cum-

41 1240 109 1286 bz't
131 1240 293 1298 igitur
317 1240 422 1296 illes
448 1244 600 1298 atque
624 1241 703 1298 qui
728 1241 821 1286 hoc
841 1246 1131 1298 procurant
1156 1242 1215 1299 [P]
1242 1249 1257 1269 ς
1286 1252 1399 1288 sunt
1433 1241 1670 1300 imprimis

42 1317 375 1363 charthusiani
411 1316 772 1375 Confluentiae‚
809 1318 871 1364 D.
913 1319 1279 1365 Barthomaeus
1328 1319 1346 1345 d
1378 1319 1668 1373 Lathomus,

43 1394 349 1440 consiliarius
369 1394 585 1451 episcopi
610 1402 641 1451 e,
665 1395 881 1441 decanus
898 1394 1258 1452 Confluentiae‚
1277 1405 1325 1442 et
1342 1396 1673 1442 cancellarius

44 1470 255 1528 episcopi
279 1471 598 1517 treuerensis.
627 1471 928 1529 Prosperum
955 1472 1107 1519 faciat
1132 1473 1373 1518 Dominus
1396 1489 1569 1518 eorum
1595 1489 1672 1519 co-

43 1557 227 1603 natum,
255 1563 315 1594 ea
338 1548 465 1593 enim
490 1548 668 1594 ciuitas
689 1549 958 1606 simplicem
982 1550 1131 1596 habet
1164 1551 1397 1607 populum
1429 1559 1476 1596 et
1500 1550 1579 1607 qui
1604 1550 1672 1595 fa-

44 1626 149 1684 cile,
176 1626 266 1671 nisi
290 1626 505 1683 operarii
532 1626 955 1685 desiderarentur,
983 1628 1028 1673 in
1054 1629 1236 1685 pietate
1257 1628 1546 1674 conseruari
1567 1644 1674 1685 pos-

45 1703 105 1749 sit
120 1705 150 1749 2.
172 1703 259 1749 His
277 1703 450 1760 paucis
469 1704 639 1751 ualeat
661 1705 729 1751 V.
752 1705 812 1750 R.
835 1722 980 1763 quam
1002 1722 1098 1752 una
1118 1722 1228 1752 cum
1250 1706 1480 1752 Patribus
1498 1722 1558 1752 ac
1576 1706 1673 1752 fra—

44 1781 198 1828 tribus
213 1781 440 1827 omnibus
459 1783 679 1828 salutant
695 1782 758 1827 M.
779 1782 1027 1830 Hem-icus
1045 1784 1330 1841 Dionysius,
1353 1784 1420 1829 M.
1437 1784 1678 1841 Joamzes

48 1859 301 1916 Rethtz'ns,
327 1859 591 1905 Henrz'cus
614 1860 990 1918 dz'oncmz‘ensz's‚
1018 1862 1208 1907 Petrus
1231 1862 1263 1919 ⁸,
1291 1866 1339 1906 et
1360 1862 1678 1907 szczncz'sczts

47 1936 366 1994 Hemerolus,
395 1950 491 1994 ego
515 1951 713 1995 qnoque
736 1942 784 1982 et
806 1939 998 1984 caeteri
1018 1953 1211 1985 omnes.
1240 1939 1495 1995 Cupz‘nms
1518 1939 1676 1984 etiam

43 2014 331 2071 plurimum
353 2014 581 2059 salutari
602 2014 667 2059 R.
695 2015 868 2061 Preme..
897 2016 1249 2074 Leonczz‘dum,
1275 2016 1324 2061 si
1345 2016 1619 2062 aduenere}
1647 2015 1672 2061 f.

49 2089 285 2136 Coloniae
310 2090 362 2136 21
388 2091 578 2148 Aprilis
603 2108 732 2137 anno
761 2093 888 2139 1557.

135 2168 193 2213 R.
218 2168 271 2214 Ρ.
299 2168 367 2214 V.
395 2168 625 2225 indignus
650 2185 844 2228 seruus,

461 2263 781 2311 FRANCIchs
816 2265 1098 2322 Cos'sERUS,
1127 2267 1486 2313 mechliniensis
1511 2275 1529 2301 g
1554 2269 1585 2312 4.

97 2433 114 2454 ὃ
165 2427 258 2465 Hoc
276 2440 315 2465 v.
337 2427 491 2465 eadem
512 2436 650 2464 mama
670 2429 807 2471 snpra
827 2435 936 2461 vers
959 2423 1181 2460 addz'tzmz.
1237 2423 1303 2450 -b
1343 2422 1527 2460 Emend.
1550 2433 1600 2459 ex
1618 2435 1683 2469 po-

54 2486 157 2524 terit.
211 2495 273 2515 —C
317 2492 474 2524 curant.
529 2485 593 2512 —d
627 2491 667 2522 et
688 2485 740 2521 D.
776 2484 1085 2521 Barthomaeus.
1139 2491 1202 2511 -e
1247 2483 1369 2520 Haec
1394 2482 1425 2518 2
1450 2492 1518 2518 vv.
1544 2486 1682 2528 supra

53 2556 163 2584 vers.
197 2547 350 2584 eadem
376 2558 529 2584 manu.
591 2546 641 2573 -f
691 2550 767 2582 etc.
821 2566 841 2570 —
867 2552 886 2578 g
931 2544 1046 2590 Quae
1073 2549 1298 2591 sequuntur
1329 2554 1455 2588 usque
1485 2541 1535 2578 ad
1562 2541 1683 2578 finem

55 2607 306 2654 autographa
324 2612 417 2644 sunt
434 2607 480 2644 P.
501 2606 634 2644 Hezii.

102 2745 112 2765 ¹
158 2744 336 2792 Joannes
355 2745 404 2783 de
422 2745 548 2782 Petra
568 2745 661 2791 (von
680 2745 752 2781 der
772 2744 945 2792 Leyen).

101 2804 114 2824 ²
163 2804 341 2853 Collegii
359 2805 596 2843 trevirensis
615 2805 731 2842 initia
748 2818 854 2842 anno
873 2805 1037 2842 tandem
1068 2804 1157 2840 1560
1183 2802 1320 2840 habita
1346 2807 1456 2840 sunt.
1491 2801 1554 2840 Cf.
1584 2801 1684 2840 Lai-

55 2865 122 2901 nii
137 2864 346 2909 Monam..
369 2864 423 2908 V.
448 2865 527 2910 167,
547 2865 630 2911 201,
647 2865 730 2910 333,
752 2873 829 2903 etc.

102 2923 115 2943 ⁸
163 2923 310 2961 Petrus
327 2924 482 2972 Haupt.

101 2982 116 3002 ⁴
164 2983 228 3020 De
248 2983 445 3031 epistolae
465 2989 631 3023 auctore
658 2986 759 3022 haec
787 2985 981 3032 leguntur
1009 2983 1048 3019 in
1075 2983 1263 3029 catalogo
1290 2981 1522 3029 provinciae
1552 2981 1686 3019 Rheni

58 3042 206 3079 mensis
221 3042 406 3090 Januarii
428 3043 532 3082 1565:
557 3044 610 3082 «ΙΙ
630 3045 674 3082 P.
697 3045 926 3082 Francesco
943 3043 1113 3080 Costero
1128 3047 1223 3080 nato
1242 3041 1282 3080 in
1298 3041 1521 3080 Mechlinia
1534 3041 1575 3079 in
1589 3040 1687 3078 Bra-
