1971 3369
316 186 382 222 140
786 185 1005 222 LITTERAE
1032 185 1387 230 QUADRIMESTRES

266 295 449 338 regens
473 296 571 325 una
594 296 705 326 cum
729 280 820 325 M.⁰
856 280 1073 325 Henrico
1098 279 1385 325 concionari
1409 295 1521 325 cum
1545 279 1762 324 maximo
1793 279 1893 324 ani-

266 372 462 402 morum
486 357 691 403 foenore
715 367 946 414 pergunt,
973 357 1042 402 ita
1069 366 1118 401 ut
1142 356 1425 412 lachrymas
1458 356 1728 409 excutiant,
1766 355 1894 412 quod

265 450 385 480 sane
420 443 495 480 est
529 435 600 479 his
634 434 680 479 in
710 435 935 490 partibus
968 433 1331 489 admirandum,
1368 449 1478 478 cum
1512 433 1611 478 tale
1645 432 1893 490 quippiam

266 527 364 557 non
387 511 537 556 fuerit
562 527 777 567 unquam
802 511 879 555 hic
903 511 1138 555 auditum.

325 589 368 634 8.
435 588 675 645 Discipuli
701 588 855 633 nostri
881 596 928 632 et
952 588 1157 645 singuiis
1181 588 1350 633 diebus
1375 602 1523 632 sacro
1548 587 1712 632 diuino
1747 586 1896 631 inter-

268 676 394 722 sunt,
422 674 470 710 et
493 666 651 722 primo
676 680 871 720 quoque
896 665 1076 710 mensis
1095 664 1171 710 die
1197 663 1509 710 confitentur.
1540 663 1618 708 Ad
1643 679 1732 708 nos
1757 678 1895 719 prae-

241 771 245 774 >
268 743 417 788 terita
443 741 769 794 hebdomada,
798 751 907 797 post
930 742 1100 787 uarios
1124 742 1497 798 asperimosque
1521 740 1794 795 conflictus,
1822 755 1896 785 sa-

271 820 380 864 luus
402 818 602 864 tandem
628 833 687 862 ac
712 818 968 863 incolumis
1000 817 1061 862 fr.
1090 818 1135 862 in
1171 817 1370 863 Christo
1394 817 1697 862 Franciscus
1720 816 1897 861 Home-

271 896 408 941 rulus
442 895 601 939 rediit.
639 894 884 951 Nunquid,
911 903 964 939 ut
986 903 1220 950 parentes
1245 885 1544 949 coecutiunt,
1573 895 1899 939 uolueruntne

269 972 335 1017 illi
360 973 594 1017 tenebras
618 971 949 1027 frigidamque
974 971 1256 1016 offundere?
1280 971 1407 1015 Nam
1432 986 1543 1016 cum
1566 971 1670 1015 eius
1694 969 1855 1014 frater
1873 985 1899 1014 e

269 1049 394 1094 uiuis
429 1048 742 1103 excessisset,
770 1048 896 1093 illius
930 1049 1147 1093 animum
1182 1064 1211 1093 a
1246 1048 1486 1105 religione
1521 1049 1583 1093 ad
1616 1047 1899 1103 coniugium

269 1126 536 1172 traducere
561 1126 886 1171 conabantur.
915 1124 1013 1171 Sed
1037 1125 1295 1182 Dominus,
1323 1124 1496 1171 salutis
1521 1125 1734 1170 omnium
1760 1140 1900 1170 acer-

274 1203 430 1248 rimus
455 1203 705 1257 defensor,
732 1202 869 1248 stetit
887 1218 977 1258 pro
997 1219 1070 1248 eo.
1101 1203 1169 1248 At
1193 1204 1384 1248 interea
1408 1203 1660 1259 temporis,
1688 1217 1799 1247 cum
1819 1217 1900 1246 no-

272 1279 418 1326 bilem
443 1279 690 1336 quandam
716 1288 996 1324 matronam
1022 1295 1133 1324 cum
1158 1279 1255 1324 filio
1286 1279 1540 1332 dissidere,
1577 1295 1638 1324 ac
1670 1278 1820 1323 filium
1855 1278 1901 1323 in

272 1367 483 1403 matrem
508 1365 722 1414 quatuor
747 1372 903 1401 annos
927 1356 1210 1402 intestinum
1235 1357 1397 1402 odium
1422 1357 1467 1401 in
1492 1356 1587 1401 imo
1606 1365 1809 1413 pectore
1828 1355 1897 1401 fo·

272 1434 403 1479 uisse
427 1434 749 1479 intellexisset
771 1440 803 1489 ³,
833 1434 985 1478 mouit
1010 1449 1203 1479 omnem
1229 1434 1441 1490 lapidem
1465 1443 1517 1478 ut
1541 1434 1649 1479 lites
1679 1449 1740 1479 ac
1763 1433 1897 1478 dissi-

273 1511 355 1556 dia
379 1511 647 1556 dirimeret.
678 1508 858 1566 Sicque
883 1525 994 1555 cum
1019 1511 1171 1556 semel
1192 1527 1254 1556 ex
1278 1510 1530 1567 insperato
1556 1526 1665 1555 cum
1685 1510 1766 1555 illo
1785 1509 1901 1555 ado-

274 1587 491 1633 lescente
516 1587 561 1632 in
586 1587 717 1632 uiam
741 1603 793 1632 se
824 1587 1054 1639 dedisset,
1092 1587 1350 1644 proposuit
1384 1587 1429 1631 in
1464 1597 1648 1644 quanto
1677 1587 1809 1632 uitae
1843 1601 1904 1632 ac

274 1665 448 1710 salutis
471 1664 751 1709 discrimine
777 1673 1084 1709 uersaretur.
1107 1664 1235 1709 Tum
1256 1680 1377 1709 uero
1397 1664 1557 1720 coepit
1577 1680 1681 1709 rem
1701 1663 1902 1720 diligen-

275 1741 371 1787 tius
395 1741 684 1786 adolescens
709 1741 1006 1797 expendere.
1032 1740 1256 1797 Cumque
1276 1740 1319 1785 in
1341 1742 1510 1786 urbem
1532 1751 1733 1786 uentum
1754 1750 1900 1796 esset,

275 1818 451 1864 matris
475 1818 770 1873 colloquium
795 1818 997 1874 expetit,
1025 1833 1237 1874 quacum
1262 1828 1410 1863 antea
1441 1833 1681 1862 summum
1712 1818 1903 1863 facinus
1966 1824 1969 1827 ’

277 1896 436 1941 uerba
454 1894 624 1940 facere
644 1910 839 1951 semper
859 1895 1090 1940 duxerat.
1114 1895 1278 1940 Mater
1298 1911 1417 1940 uero
1437 1895 1567 1940 haud
1587 1895 1792 1952 negauit
1808 1895 1905 1940 col-

279 1971 512 2028 loquium,
539 1972 706 2027 sicque
732 1972 863 2016 illum
890 1981 1145 2028 tamquam
1170 1971 1337 2022 filium,
1364 1972 1441 2017 hic
1471 1987 1592 2017 uero
1617 1972 1749 2016 illam
1774 1972 1906 2017 uelut

277 2057 486 2093 matrem
511 2048 733 2104 agnouit.

334 2124 376 2170 9.
443 2124 657 2181 Verum,
684 2134 736 2169 ut
761 2125 822 2169 ad
855 2125 1161 2170 colonienses
1196 2140 1273 2170 me
1309 2125 1544 2181 referam,
1581 2125 1732 2170 Pater
1767 2139 1904 2169 reve·
1960 2111 1970 2161 i>

278 2202 445 2259 rende,
488 2201 534 2246 in
574 2201 787 2246 omnium
823 2217 909 2246 ore
945 2217 1225 2258 versamur,
1263 2211 1310 2247 et
1345 2203 1527 2258 passim
1557 2202 1616 2247 de
1645 2201 1786 2247 nobis
1816 2201 1904 2247 cir-
1966 2224 1971 2252 t

277 2278 555 2325 cumfertur
584 2293 767 2323 sermo.
805 2277 989 2324 Omnes
1023 2295 1111 2324 nos
1146 2279 1338 2336 quidem
1373 2279 1632 2335 plurimum
1666 2279 1906 2334 uniceque
1958 2265 1971 2308 ss'

278 2355 488 2412 diligunt
527 2369 587 2400 ac
626 2364 810 2399 amant.
849 2354 1039 2399 Tamen
1075 2356 1168 2401 hoc
1203 2364 1276 2401 est
1309 2356 1549 2412 reliquum
1584 2356 1713 2412 quod
1747 2356 1907 2400 adhuc

279 2433 443 2478 animo
468 2431 689 2488 suspensi
715 2440 992 2487 teneantur3
1030 2448 1144 2477 nam
1179 2448 1346 2478 rerum
1381 2432 1597 2477 omnium
1632 2433 1816 2477 exitum
1840 2432 1906 2477 lu-

279 2509 474 2554 bentius
498 2524 645 2565 quam
668 2508 854 2553 initium
879 2518 1102 2554 cernunt.
1130 2508 1229 2554 Sed
1253 2509 1400 2554 dubio
1424 2509 1595 2566 procul
1615 2509 1703 2565 piis
1723 2509 1905 2554 conati-
1959 2520 1961 2522 ’

278 2587 371 2631 bus
400 2585 754 2643 foelicibusque
789 2585 1020 2641 auspiciis
1058 2586 1190 2631 haud
1229 2601 1418 2631 summa
1457 2602 1672 2642 unquam
1713 2586 1906 2632 bonitas
1955 2617 1971 2649 ἑ

281 2664 453 2708 deesse
477 2663 675 2719 poterit,
703 2678 828 2720 quae
853 2679 963 2708 cum
988 2663 1159 2708 iecerit
1188 2663 1578 2719 fundamentum,
1611 2663 1748 2709 dabit
1781 2672 1830 2708 et
1862 2663 1908 2708 in

280 2740 474 2784 culmen
499 2740 653 2785 exire.
683 2740 848 2796 Quam
872 2740 934 2785 ob
957 2755 1160 2785 causam
1186 2756 1355 2786 omnes
1378 2740 1447 2786 V.
1478 2740 1544 2802 R.
1582 2741 1635 2786 P.
1674 2741 1907 2786 obsecra-

283 2832 407 2874 mus,
440 2825 491 2861 ut
524 2832 614 2862 nos
648 2832 738 2862 sua
773 2816 1001 2862 oratione
1035 2817 1224 2875 fulciat,
1259 2818 1597 2874 maioremque
1631 2833 1660 2862 a
1694 2817 1908 2862 Domino

1955 2803 1971 2885 ξ’ῖὲ

1956 2902 1971 2932 ³³.

330 2988 348 3008 ὃ
395 2982 446 3018 Co
453 2985 641 3018 meclum
662 2993 712 3018 ex
730 2982 945 3019 intellexit.
1952 2922 1971 3047 Ξ

1948 3050 1971 3095 σέ

1951 3099 1971 3158 ³3:

1940 3153 1971 3369 i
