1971 3369
314 216 381 254 180
776 214 993 255 Lirrizioxiz
1021 219 1377 264 QUADRIMESTRE'S

265 314 377 372 quid
402 314 448 359 in
472 314 691 361 futurum
715 316 1014 373 portendens
1045 321 1084 360 ³.
1114 315 1325 372 Quando
1350 324 1564 361 vocatur
1595 330 1625 360 a
1648 312 1890 361 nobilibus

265 403 311 437 et
335 393 399 438 ab
418 393 660 449 episeopis
683 393 910 447 ihesuita‚
934 393 1212 449 respondet:
1241 409 1337 438 non
1361 408 1468 438 sum
1492 393 1653 438 adhue
1671 393 1790 438 satis
1808 393 1888 438 bo-

264 485 370 514 nus:
401 470 578 515 vellem
602 486 677 515 me
703 471 915 524 tandem,
944 470 1110 526 inquit,
1137 470 1357 515 futurum
1382 469 1401 497 b
1426 470 1670 515 idoneum.

354 548 428 593 En
453 548 600 593 etiam
635 547 825 593 litteras
850 548 1017 604 magni
1053 547 1236 604 balliui,
1264 547 1356 592 hoe
1392 556 1465 592 est
1499 546 1708 603 presidis
1741 546 1890 591 totius

264 625 518 680 prouineie
553 625 877 681 tornacensis,
906 624 985 680 qui
1020 624 1133 669 mihi
1168 624 1391 681 promisit
1426 623 1654 680 quicquid
1688 623 1886 680 poterit;

264 702 342 758 qui
367 703 514 747 etiam
540 702 672 758 eupit
695 702 862 757 plures
886 701 1267 755 concionatores
1291 701 1350 746 de
1374 701 1557 746 nostris
1580 700 1627 745 in
1650 715 1791 746 suam
1815 709 1887 745 tu-

263 780 413 825 telam
437 779 705 836 suscipere,
734 779 831 824 Vir
854 779 1003 824 etiam
1039 780 1243 824 multum
1279 778 1469 835 nobilis,
1497 779 1583 824 sed
1607 786 1655 823 et
1679 784 1694 805 0
1730 777 1890 834 magis

265 856 389 913 pius.

351 934 473 979 Item
498 933 690 979 litteras
721 933 900 978 domini
936 933 996 978 D.
1026 932 1198 991 Croix,
1226 932 1306 989 qui
1332 931 1482 977 filiurn
1516 947 1657 977 suum
1693 930 1892 976 vnieum

262 1012 443 1056 nostris
471 1012 573 1056 vult
597 1011 797 1056 tradere
821 1010 1160 1056 erudiendum.
1188 1009 1422 1055 Similiter
1446 1009 1670 1055 dominus
1705 1007 1888 1054 officia-

263 1087 320 1133 lis
345 1088 741 1133 reuerendissimi
778 1087 949 1145 nostri,
977 1088 1146 1133 habita
1181 1087 1569 1144 opportunitate,
1597 1086 1788 1131 litteras
1813 1100 1889 1131 su-

263 1181 351 1222 per
375 1166 468 1210 hoe
491 1165 694 1222 negotio
719 1165 868 1211 etiam
893 1165 1051 1210 mittet
1076 1167 1107 1210 ¹.
1150 1164 1249 1210 Sed
1274 1164 1387 1221 quid
1411 1163 1633 1210 efficiunt
1657 1171 1793 1209 tante
1817 1162 1888 1207 lit-

262 1242 389 1288 tere?
415 1242 589 1287 Posset
613 1241 718 1287 fieri
744 1243 871 1298 quod
896 1241 961 1287 V.
987 1242 1046 1287 R.
1076 1241 1216 1299 parui
1241 1240 1393 1286 faciet
1417 1241 1575 1286 verba
1608 1241 1777 1297 multa,
1806 1239 1885 1285 vbi

263 1320 426 1364 nullus
466 1319 678 1364 effeetus
717 1327 941 1376 apparet,
988 1318 1065 1363 vbi
1100 1334 1194 1363 non
1231 1326 1342 1363 sunt
1375 1317 1517 1363 firma
1550 1316 1888 1371 fundamenta;

265 1406 455 1441 eertum
492 1406 580 1453 est3
620 1396 706 1441 sed
741 1396 904 1440 omnia
939 1395 1163 1452 perfecta
1198 1395 1476 1440 habuerunt
1509 1393 1747 1451 principia
1775 1392 1809 1438 d.
1837 1392 1890 1438 In

267 1474 494 1518 omnibus
518 1475 641 1518 bene
665 1487 829 1529 spero3
858 1474 954 1518 imo
981 1473 1140 1529 magis
1165 1488 1311 1529 quam
1332 1472 1708 1529 promissiones
1731 1486 1795 1516 ex
1818 1470 1888 1516 lit-

264 1551 387 1595 teris
422 1549 586 1607 colligi
616 1560 793 1606 potest.
821 1550 994 1595 Faciet
1020 1550 1260 1595 Dominus
1287 1550 1591 1595 voluntatem
1616 1548 1887 1594 timentium

267 1637 315 1673 et
339 1628 658 1673 clamantium
694 1627 755 1672 ad
790 1642 858 1684 se;
887 1627 966 1684 qui
1002 1628 1132 1672 dedit
1166 1627 1256 1672 hiis
1290 1626 1513 1672 omnibus
1546 1627 1673 1672 velle
1697 1635 1745 1672 et
1769 1625 1889 1670 desi-

268 1706 467 1763 derare,
494 1705 629 1750 dabit
653 1705 798 1750 etiam
826 1705 1093 1761 impetrare
1119 1714 1165 1750 et
1190 1704 1430 1761 perficere
1454 1705 1487 1749 2.

323 1783 365 1827 7.
433 1782 686 1839 Quantum
733 1784 794 1828 ad
838 1798 1095 1827 numerum
1142 1782 1489 1827 mittendorum
1533 1782 1753 1838 Patrum,
1797 1781 1887 1826 hoc

262 1860 443 1905 iudicio
470 1861 532 1905 V.
558 1861 617 1905 R.
641 1861 978 1905 committitur.
1002 1859 1281 1917 Supradieti
1303 1860 1483 1905 domini
1503 1868 1742 1916 cuperent
1761 1874 1888 1904 com-

265 1938 449 1994 pletum
474 1954 732 1982 numerum
758 1954 847 1994 pro
884 1954 979 1983 vno
1005 1938 1217 1994 collegio
1243 1938 1274 1982 3.
1298 1937 1621 1982 Habebamus
1645 1937 1691 1981 in
1716 1946 1888 1982 nostra

263 2015 602 2071 instructione,
631 2031 742 2060 eum
771 2016 928 2060 Roma
955 2015 1333 2060 reuertebamur
1359 2015 1404 2059 in
1430 2014 1735 2071 Flandriam,
1758 2012 1887 2070 quod

313 2179 329 2199 ²³
370 2171 554 2208 Emend.
594 2183 643 2208 ex
680 2172 1003 2218 portendentem.
1064 2170 1124 2198 —b
1152 2171 1249 2208 fore.
1305 2178 1367 2199 —c
1411 2171 1506 2208 Hoc
1541 2182 1580 2207 v.
1613 2175 1751 2217 supra
1782 2180 1889 2207 vers,

266 2232 422 2269 eadem
443 2242 595 2269 manet.
650 2231 715 2258 *d
753 2243 823 2268 sua
846 2232 1055 2278 principia.

312 2377 318 2395 ¹
372 2375 580 2422 Epistolae
612 2375 753 2411 ballivi
790 2375 1040 2411 tornacensis
1073 2379 1112 2410 et
1148 2374 1297 2411 domini
1331 2374 1379 2411 de
1413 2374 1537 2411 Croix
1568 2374 1700 2411 editae
1731 2378 1824 2410 sunt
1853 2372 1892 2409 in

264 2436 418 2473 Lainii
434 2436 645 2479 Momm„
666 2435 714 2477 Π,
736 2434 806 2471 233
823 2447 909 2481 sqq.
932 2435 1065 2471 Lainii
1086 2447 1279 2481 responsa
1297 2434 1560 2471 inveniuntur
1578 2433 1688 2479 ibid„
1709 2433 1776 2470 361
1805 2445 1889 2480 sqq.

264 2495 346 2532 Eas
372 2496 482 2542 prius
511 2496 691 2532 ediderat
718 2494 954 2530 DELPLACE
980 2495 1018 2530 in
1043 2507 1164 2541 opere
1187 2495 1248 2531 Le
1270 2496 1630 2540 protestantisme
1656 2497 1694 2531 et
1713 2494 1756 2531 la
1779 2493 1892 2531 Com-

260 2558 424 2602 pczgm'e
441 2555 643 2602 desesus
661 2565 687 2592 a
714 2554 908 2591 Tozmzaz·
924 2565 983 2591 cm
1003 2554 1129 2591 XVIe
1154 2555 1291 2601 siecle,
1318 2554 1361 2590 61
1388 2566 1474 2601 sqq.
1502 2553 1567 2591 De
1595 2553 1756 2591 officiali
1783 2564 1890 2590 reve-

262 2615 490 2652 rendissimi
509 2615 759 2652 tornacensis
778 2615 886 2651 addit
901 2614 958 2651 B:
979 2615 1126 2651 «voluit
1142 2627 1212 2651 nos
1228 2615 1340 2651 alere
1355 2614 1397 2651 in
1412 2614 1527 2651 domo
1542 2626 1628 2656 sua.
1646 2613 1717 2651 sed
1732 2617 1892 2661 propter

262 2674 494 2712 libertatem
514 2675 553 2711 in
574 2674 775 2712 exercitiis
794 2674 952 2720 nostris,
974 2674 1097 2710 nolui:
1120 2674 1186 2710 vix
1206 2678 1266 2710 est
1285 2673 1390 2711 alius
1409 2674 1472 2710 cui
1492 2673 1659 2720 negotia
1686 2672 1811 2710 nostri
1837 2672 1891 2708 ita

263 2736 342 2771 sint
361 2735 469 2772 cordi
488 2735 589 2771 sieut
609 2735 719 2782 ipsi.»

311 2795 323 2814 ²
376 2794 439 2832 Cf.
461 2794 527 2831 Ps.
551 2793 744 2838 CXLIV,
770 2794 824 2840 19,
847 2799 886 2831 et
905 2793 1099 2838 Pfflnpiz,
1121 2794 1169 2840 II,
1194 2794 1248 2830 13.

310 2855 322 2873 ³
377 2854 604 2899 «Quantum
623 2854 672 2890 ad
691 2867 904 2891 numerum
925 2854 1212 2890 mittendorum
1237 2853 1425 2901 rescripsi
1457 2853 1559 2890 Rdo.
1581 2852 1704 2890 Petro
1730 2850 1890 2889 Ribadi-

264 2914 378 2950 neira
396 2914 501 2960 quod
520 2913 662 2950 sentio:
683 2918 879 2960 cuperent
897 2926 1037 2950 omnes
1055 2913 1173 2950 amici
1192 2913 1272 2950 iam
1291 2913 1536 2960 completum
1557 2912 1792 2959 collegium.
1811 2910 1892 2948 Re-

263 2974 403 3019 scripsi
423 2974 548 3019 igitur
567 2973 745 3020 predicto
763 2973 876 3010 Patri
895 2974 943 3010 de
962 2973 1062 3013 istis.
1083 2973 1251 3017 scilieet,
1272 2973 1321 3010 de
1340 2972 1584 3021 prouisione,
1613 2972 1662 3009 de
1681 2970 1908 3017 habitatio-G

264 3045 329 3078 ne,
350 3034 399 3068 de
421 3034 576 3069 viatico.
598 3033 643 3069 In
662 3033 860 3069 similibus
880 3034 993 3070 nulla
1012 3033 1088 3069 erit
1107 3031 1360 3070 difficultas.»
1383 3032 1436 3069 Β.
