2075 3499
776 323 1006 350 PRAEFA‘HO
1617 322 1650 346 Nl

77 429 229 470 pagg.
257 413 357 467 271,
386 412 487 466 201,
515 411 614 467 293,
643 411 743 467 204,
769 410 871 464 314,
908 409 1009 459 316,
1044 408 1146 462 321,
1183 408 1285 462 346,
1321 408 1422 461 2547,
1459 410 1560 460 1305),
1597 407 1698 458 23713,

73 492 175 543 376,
202 490 304 535 377.

163 567 333 623 Neque
357 567 420 612 ab
445 565 515 611 his
540 566 584 610 in
609 564 871 622 judicando
896 562 1254 618 scribendoque
1280 561 1500 606 dissentit
1533 562 1702 605 soller-

73 644 287 690 tissimus
312 644 364 689 P.
392 643 678 688 Bernardus
703 642 845 686 Duhr
870 641 912 685 in
941 639 1240 685 Gesclziclzte
1265 639 1357 683 der
1377 638 1614 695 J'esm'lmz
1652 638 1701 682 εἰ]

73 722 171 766 den
196 721 442 766 La'ndel'n
468 720 740 765 dezttsclzet‘
771 718 971 775 Znnge.
1009 717 1230 762 Litteras
1263 716 1389 761 enim
1428 715 1701 771 quadrime-

72 808 215 851 stres,
244 813 435 843 annuas
460 806 509 842 et
533 795 771 853 ejusmodi
807 795 947 850 alias,
985 810 1112 850 quae
1147 810 1176 838 a
1209 793 1392 838 nostris
1428 792 1704 837 hominibus

71 873 428 920 aedificationis
484 889 638 919 causa
682 873 1053 927 scribebantur,
1100 886 1195 915 non
1239 886 1383 915 secus
1427 885 1487 914 ac
1533 869 1704 925 reliqui

70 961 303 997 auctores
328 952 389 997 ad
414 952 551 996 facta
576 949 869 1007 praesertim
904 949 1204 1003 enarranda,
1243 957 1451 1003 usurpat
1487 948 1530 992 in
1567 948 1702 1004 pagi-

71 1029 144 1073 nis
166 1029 239 1085 48,
266 1029 337 1082 49,
365 1028 435 1082 73,
470 1028 566 1080 103,
598 1027 695 1083 104,
727 1027 824 1082 105,
856 1026 954 1082 106,
982 1026 1078 1081 110,
1105 1025 1202 1082 162,
1228 1024 1325 1081 168,
1352 1024 1448 1080 178,
1476 1024 1572 1079 181,
1601 1024 1701 1076 204,

72 1106 171 1162 205,
200 1105 301 1161 210,
330 1105 430 1162 224,
458 1105 560 1162 229,
587 1114 635 1150 et
659 1105 782 1150 alias
807 1120 956 1160 saepe
980 1104 1024 1148 in
1063 1104 1309 1148 volumine
1345 1102 1519 1159 primo,
1558 1102 1702 1147 idem-

73 1199 164 1239 que
190 1183 294 1228 fere
319 1182 541 1228 invenies
565 1182 611 1227 in
639 1190 851 1238 utraque
886 1191 1029 1238 parte
1065 1180 1326 1225 voluminis
1359 1180 1577 1232 secundi,
1615 1179 1704 1224 nisi

72 1260 199 1315 quod
225 1260 319 1305 huc
342 1275 592 1316 nunquam
617 1259 817 1316 proprie
843 1259 1249 1315 quadrimestres,
1272 1259 1357 1304 sed
1381 1273 1576 1303 annuae
1601 1267 1703 1303 tan-

74 1348 175 1382 tum
201 1337 498 1394 afferuntur,
528 1337 963 1394 quadrimestrium
998 1352 1172 1392 nempe
1206 1337 1315 1381 loco
1350 1351 1545 1381 annuae
1580 1335 1703 1380 litte-

70 1430 156 1460 rae
181 1430 210 1460 a
233 1413 324 1459 Sti.
352 1414 608 1460 Francisci
635 1414 854 1471 Borgiae
878 1414 1185 1470 temporibus
1209 1413 1455 1458 conscribi
1491 1421 1699 1469 coeptae

75 1502 204 1537 sunt.

161 1568 306 1624 Quae
329 1584 442 1614 cum
467 1568 534 1613 ita
558 1569 667 1625 sint,
695 1569 775 1625 qui
810 1578 975 1614 tamen
1009 1568 1198 1614 factum
1234 1580 1306 1613 est
1340 1578 1390 1612 ut
1426 1566 1701 1624 quadrime-

71 1655 198 1691 stres
223 1646 421 1691 litterae
446 1647 575 1702 apud
599 1647 880 1703 complures
905 1647 1034 1691 male
1058 1645 1283 1692 audiant?
1306 1645 1507 1691 Scilicet
1534 1645 1704 1689 volun-

70 1732 148 1768 tas
171 1723 254 1768 illa
279 1739 359 1768 res
383 1723 612 1780 proprias
637 1723 836 1769 nimium
862 1723 1147 1780 extollendi,
1181 1738 1309 1779 quae
1343 1723 1388 1767 in
1424 1737 1598 1767 earum
1634 1721 1704 1766 lit-

71 1810 295 1845 terarum
340 1800 630 1857 quibusdam
676 1812 866 1857 aparet3
914 1817 1057 1846 amor
1101 1800 1297 1857 quidam
1343 1800 1577 1845 novitatis
1622 1800 1704 1844 tri-

72 1877 297 1922 buendae
331 1877 704 1923 narrationibus
739 1878 953 1935 alioquin
989 1878 1116 1923 inter
1154 1893 1206 1923 se
1246 1893 1392 1934 quam
1432 1877 1703 1931 simillimis,

70 1954 262 2010 aliquos
285 1955 569 2010 impellebat
592 1956 653 2000 ad
679 1971 790 2000 eam
819 1956 946 2000 viam
970 1955 1362 2012 ingrediendam,
1390 1970 1520 2011 quae
1555 1954 1705 1999 rebus

69 2031 316 2076 historicis
341 2047 516 2088 parum
541 2047 762 2077 consona
787 2042 876 2078 est.
904 2031 1066 2089 Hujus
1090 2033 1289 2090 generis
1314 2033 1593 2089 exemplum
1625 2048 1702 2088 pe-

69 2109 324 2167 regrinum
350 2109 502 2155 habes
526 2110 574 2154 in
597 2110 807 2166 epistola
832 2127 877 2156 n.
906 2111 977 2162 21,
1012 2111 1059 2156 in
1094 2126 1191 2167 qua
1225 2110 1446 2168 Joannes
1480 2110 1539 2155 de
1574 2110 1703 2155 Mar-

69 2186 182 2231 tinis
221 2186 539 2232 Pelletarium
579 2198 844 2244 rectorem,
887 2204 983 2233 non
1023 2204 1168 2234 secus
1206 2188 1314 2234 fere
1348 2205 1409 2234 ac
1443 2188 1623 2234 Cicero
1658 2189 1703 2233 in

72 2263 337 2308 miloniana
363 2264 591 2310 oratione
615 2264 907 2322 Pompejum
933 2282 1021 2323 per
1051 2267 1387 2323 apostrophen
1423 2266 1701 2322 compellat.

162 2341 231 2386 At
255 2350 456 2397 praeter
480 2342 601 2404 istas
625 2357 808 2387 causas
832 2343 980 2388 aliam
1005 2343 1135 2389 forte
1161 2344 1420 2400 assignare
1445 2344 1571 2388 licet.
1605 2343 1703 2387 Ali-

71 2418 151 2474 qui
176 2417 443 2475 (fuerintne
469 2420 605 2465 multi
629 2436 691 2465 an
717 2420 860 2476 pauci
892 2420 1006 2466 nihil
1041 2420 1214 2477 refert)
1249 2421 1450 2466 fuerunt
1484 2421 1546 2465 ad
1581 2421 1705 2465 haec

70 2510 224 2552 usque
248 2504 493 2553 tempora,
522 2497 601 2553 qui
626 2497 917 2543 existimare
953 2498 1208 2544 videretur
1243 2498 1501 2543 Ecclesiae
1535 2498 1702 2542 catho-

73 2572 198 2618 licae
222 2581 308 2618 aut
332 2573 516 2618 ordinis
542 2574 760 2631 religiosi
784 2574 1058 2631 historiam,
1086 2575 1201 2620 nihil
1226 2584 1429 2632 praeter
1464 2574 1701 2619 virtutum

72 2651 301 2707 exempla
345 2651 581 2697 exhibere
625 2651 809 2697 debere
854 2653 920 2709 (v.
967 2668 1016 2709 g.
1063 2653 1295 2698 historias
1336 2653 1559 2697 virorum
1600 2652 1702 2697 illu-

71 2727 261 2784 strium,
289 2728 368 2784 qui
393 2729 528 2774 nulla
551 2729 597 2774 in
617 2744 672 2774 re
692 2729 979 2787 deficerent)
999 2731 1044 2776 in
1067 2731 1242 2788 quibus
1261 2730 1479 2775 historiis
1499 2729 1579 2775 illa
1600 2739 1704 2775 tan-

72 2814 176 2849 tum
201 2815 528 2851 cernerentur
553 2822 679 2863 quae
705 2807 841 2853 Deus
865 2808 968 2864 ipse
992 2809 1038 2854 in
1063 2808 1155 2854 illis
1180 2807 1456 2853 hominibus
1480 2816 1566 2853 aut
1595 2823 1703 2853 coe-

71 2881 201 2927 tibus
225 2882 386 2938 posuit
410 2882 702 2940 perfecitve,
730 2899 858 2941 quae
882 2885 1076 2942 quidem
1109 2885 1274 2929 omnia
1309 2885 1439 2930 bona
1475 2884 1702 2942 profecto

71 2968 197 3004 sunt.
235 2958 348 3018 Jam
382 2959 454 3016 (ut
486 2959 533 3005 id
567 2975 763 3017 quoque
796 2976 885 3017 per
918 2970 1241 3006 transennam
1279 2961 1537 3019 dicamus),
1582 2963 1705 3007 haec

73 3035 279 3081 historia
302 3036 505 3093 selecta,
533 3037 686 3082 certis
710 3037 1019 3094 temporibus
1043 3037 1278 3095 adhibita,
1304 3038 1569 3084 dummodo
1593 3038 1706 3084 falsi

75 3113 191 3158 nihil
214 3113 506 3172 contineret,
535 3115 668 3160 nullo
692 3116 839 3161 modo
874 3124 1004 3161 esset
1027 3115 1374 3173 vituperanda.
1401 3116 1499 3163 Ast
1527 3117 1591 3162 illi
1624 3117 1704 3162 ho-
