1900 3380
568 233 933 271 lSO.—SYRACUsis
959 234 982 267 Q
1004 233 1114 279 jULII
1143 232 1234 269 1558
1606 231 1675 266 743

84 334 258 369 nostra
291 325 474 382 chiesa,
504 337 552 372 et
581 328 715 374 vdita
741 330 787 374 la
812 344 991 385 messa,
1019 327 1304 374 anchorche
1339 327 1472 371 fosse
1497 325 1543 370 di
1570 327 1718 372 molte

79 402 392 458 occupationi
416 415 653 461 granato,
682 406 978 451 nondimeno
1005 406 1197 451 dimoro
1223 420 1311 462 per
1335 404 1592 449 intendere
1618 419 1715 449 una

78 479 305 533 oratione
330 480 419 525 che
443 496 532 526 era
558 491 832 539 preparata
858 498 945 539 per
973 483 1249 538 recitargli.
1273 480 1324 526 Si
1345 481 1611 526 doueuano
1637 497 1720 526 an-

26 615 29 619 !
79 555 168 600 che
189 556 404 601 recitare
431 558 559 603 uersi
585 559 725 616 greci
749 568 797 605 et
822 559 975 616 latini,
1005 560 1015 604 i
1036 559 1168 616 quali
1193 559 1236 604 ci
1260 574 1410 615 passe
1431 559 1523 603 ben
1544 558 1723 604 lascia-

81 647 134 677 re
175 632 398 678 uedendo
439 651 530 680 sua
570 637 857 682 excellenza
902 646 1040 682 tanto
1087 645 1350 693 occupata.
1396 634 1720 680 Recitandosi

83 709 310 766 adonque
350 710 626 767 Foratione,
667 713 713 757 vi
747 714 785 758 si
820 717 966 758 trouo
1002 714 1159 758 anche
1194 713 1484 769 monsignor
1523 727 1617 757 con
1651 713 1720 770 gli

81 786 282 844 giurati,
310 803 339 832 a
364 785 529 844 iquali
554 791 665 835 tutti
692 791 1135 846 incredibilmente,
1163 800 1212 836 et
1234 791 1473 835 l’oratore
1505 799 1553 835 et
1576 789 1719 834 l'ora-

80 863 211 909 tione
236 864 462 920 piaeque.
490 866 574 911 Ma
600 865 629 910 il
657 867 841 924 vicere,
868 867 1051 923 perche
1076 867 1253 912 diceua
1288 867 1379 912 che
1411 881 1507 911 non
1532 866 1720 912 l'intese

79 950 257 998 troppo
283 942 408 987 bene
432 959 521 999 per
553 959 652 988 non
687 959 825 989 esser
848 946 978 989 cossi
1003 955 1213 1000 experto
1238 944 1371 999 negli
1391 943 1536 989 studii
1562 943 1715 998 latini,

80 1018 262 1063 mando
296 1034 326 1064 a
360 1019 609 1066 chiederci
645 1021 691 1066 la
726 1021 871 1077 copia
905 1021 1047 1066 accio
1082 1020 1121 1066 si
1156 1021 1202 1065 la
1236 1020 1417 1066 facessi
1453 1020 1719 1066 dechiarai-

80 1095 258 1142 d'altri.
287 1095 381 1141 Noi
408 1097 667 1143 l‘oratione
692 1107 741 1143 et
766 1098 797 1144 li
822 1097 954 1143 uersi
980 1098 1070 1143 che
1095 1113 1183 1154 per
1208 1098 1406 1143 breuita
1431 1113 1527 1142 non
1551 1098 1591 1143 si
1615 1110 1717 1154 pot-

80 1181 188 1218 tero
213 1173 448 1230 recitare,
476 1175 842 1231 allegramente
867 1174 935 1231 gli
960 1174 1250 1220 offersemo.

166 1249 354 1306 Queste
379 1266 512 1308 cose,
540 1251 601 1297 R.
629 1252 676 1297 in
702 1251 857 1297 Chro.
885 1251 958 1308 P.‚
986 1252 1030 1297 ci
1066 1267 1224 1297 sonno
1259 1266 1468 1296 occorse
1503 1251 1566 1296 da
1599 1252 1718 1296 scri-

80 1328 239 1384 uerui,
268 1328 311 1373 le
343 1328 477 1384 quali
511 1330 696 1386 perche
731 1345 821 1374 son
855 1329 1017 1386 pochi,
1044 1345 1135 1386 par
1171 1329 1261 1374 che
1296 1329 1360 1374 da
1393 1345 1447 1374 se
1471 1338 1628 1374 stesse
1653 1328 1718 1373 di-

77 1404 309 1450 mandino
333 1405 415 1462 pisi
438 1406 673 1462 operarii.
695 1406 986 1464 Imperoche
1010 1421 1152 1451 come
1177 1406 1256 1451 noi
1281 1405 1425 1462 pochi
1445 1415 1717 1462 poteuamo

81 1483 233 1528 molte
257 1497 375 1528 cose
399 1482 532 1528 fare?
558 1483 642 1529 Ma
661 1483 708 1529 di
735 1493 909 1541 questo
933 1499 1086 1540 penso
1111 1499 1252 1529 esser
1276 1492 1410 1529 stato
1435 1483 1611 1529 scritto
1636 1483 1718 1539 piu

80 1560 395 1616 largamente
419 1576 448 1606 a
473 1560 541 1606 V.
569 1560 623 1606 P.
651 1561 712 1607 R.
740 1561 822 1607 dal
855 1570 1028 1607 nostro
1063 1560 1117 1607 P.
1146 1570 1352 1607 rettore.
1380 1560 1539 1606 Resta
1569 1560 1716 1606 adon-

78 1652 172 1694 que
196 1652 225 1683 a
250 1637 298 1682 la
321 1637 382 1683 R.
410 1637 463 1683 Ρ.
492 1638 559 1683 V.
588 1639 871 1696 supplicare
894 1638 933 1684 si
959 1638 1106 1695 degni
1129 1654 1188 1684 ne
1221 1638 1266 1684 le
1289 1653 1378 1684 sue
1402 1638 1479 1695 pie
1503 1638 1717 1684 orationi

75 1723 126 1759 et
155 1714 282 1759 santi
313 1713 546 1760 sacrificii
580 1715 950 1761 assiduamente
985 1715 1365 1761 recomendarci
1400 1716 1446 1760 al
1481 1713 1713 1771 Signore.

80 1791 143 1836 Di
167 1789 426 1848 Syracusa
450 1807 480 1837 a
504 1791 535 1837 li
558 1792 588 1838 9
610 1792 657 1837 di
682 1792 863 1850 Luglio
891 1792 1020 1838 1558.

168 1868 264 1913 Per
297 1869 661 1915 commessione
695 1869 774 1915 del
808 1869 867 1917 N.
895 1870 1024 1916 Rdo.
1063 1870 1116 1916 Ρ.
1151 1879 1359 1927 rettore,
1389 1869 1516 1915 della
1552 1869 1605 1914 P.
1644 1869 1711 1914 V.

79 1944 187 1991 R.‹¹³
210 1960 359 1991 seruo
384 1946 553 1991 inutile
578 1956 627 1992 et
650 1947 866 2004 indegno
890 1947 1094 2005 figliolo‚

1062 2025 1281 2071 ANGELo
1315 2025 1526 2070 XIBILIA
1561 2025 1591 2068 ¹.

166 2117 460 2174 Inscriptio.
487 2123 513 2171 ἢ·
538 2119 602 2163 ΑΙ
626 2120 780 2164 molto
805 2119 933 2165 Rdo.
962 2119 1009 2165 in
1034 2119 1237 2166 Christo
1262 2119 1443 2176 Padre,
1471 2119 1502 2164 il
1526 2118 1578 2164 P.
1608 2118 1714 2163 ΜΗΘ

78 2194 279 2240 Iacomo
304 2195 525 2252 Laynez,
548 2196 739 2242 vicario
763 2197 1004 2254 generale
1027 2197 1157 2242 della
1183 2196 1499 2254 Compagnia
1530 2196 1574 2241 di
1605 2194 1709 2241 Ihu.

68 2280 172 2318 ete.
201 2272 247 2317 in
271 2272 451 2318 Roma.

126 2452 135 2471 ¹
192 2451 296 2488 Vide
316 2464 411 2498 pag.
432 2450 514 2496 523,
537 2456 672 2488 annot.
694 2450 729 2497 3;
749 2450 832 2496 567,
852 2456 990 2488 annot.
1015 2452 1044 2488 1.
