1910 3380
504 244 575 280 ΗΓ
615 243 779 279 Timum<
805 243 849 278 21
879 242 1054 278 Arauris
1086 242 1173 277 1537
1541 243 1602 276 187

30 343 173 388 immo
198 348 517 397 praeceptum
543 339 602 384 de
633 337 1074 395 quadrimestribus
1097 343 1113 363 ²¹
1149 336 1516 381 conscribendis
1551 352 1648 380 ser-

28 433 147 464 uare
172 431 485 473 cogeremur.
510 414 760 472 Siquidem
795 431 823 460 a
860 430 1028 459 mense
1063 413 1278 469 Augusti
1309 412 1472 457 miseri
1512 413 1552 456 bi
1590 413 1649 457 ci-

28 511 135 549 ues,
181 509 273 550 que
317 509 376 538 ac
420 503 604 549 quanta
653 493 784 549 passi
835 492 930 537 sint
973 491 1037 536 ab
1080 490 1368 546 importunis
1423 490 1652 534 militibus

27 585 294 627 eorumque
331 570 642 626 praepositis,
670 570 870 626 longum
906 578 953 614 et
989 568 1271 613 miserabile
1303 576 1433 612 esset
1457 567 1652 623 singula

28 662 288 693 recensere
314 648 345 691 ¹.

84 725 123 770 2.
192 724 373 777 Primo,
396 723 477 768 diu
501 723 733 780 occupati
760 733 872 768 sunt
896 723 940 767 in
967 722 1282 768 conficiendis
1306 708 1653 777 erigendisque

27 801 293 859 aggeribus
318 816 378 846 ac
403 800 808 857 propugnaculis:
838 799 1301 856 superuenientibus
1337 799 1527 844 interea
1553 799 1652 843 vin-

29 879 210 935 demiis,
249 879 596 923 detinebantur
631 894 690 924 ne
726 879 1086 935 egrederentur
1127 877 1186 922 ad
1228 877 1422 922 fructus
1456 885 1504 922 et
1539 876 1654 920 vina

30 956 322 1013 colligenda,
360 965 413 1001 vt
453 956 582 1001 bona
622 972 739 1012 pars
784 971 956 1000 eorum
999 955 1184 1000 amissa
1224 955 1300 1000 sit.
1345 954 1461 999 Inde
1507 953 1653 999 adue-

30 1033 269 1079 nientibus
294 1033 567 1078 cesarianis
603 1033 852 1089 militibus,
881 1034 1182 1078 locustarum
1218 1032 1263 1077 in
1298 1047 1486 1077 morem
1511 1047 1564 1076 se
1588 1031 1653 1076 ef-

28 1111 284 1157 fundentes
318 1110 365 1155 in
399 1125 617 1167 campos,
653 1111 699 1156 in
736 1110 923 1167 vineas,
958 1109 1003 1154 in
1039 1109 1226 1168 hortos,
1264 1109 1513 1165 extemplo
1550 1108 1655 1154 fere

29 1189 217 1234 fructus
241 1188 508 1233 multorum
535 1187 719 1233 milium
745 1203 1012 1233 aureorum
1037 1186 1283 1243 absumpti
1308 1195 1434 1243 sunt3
1465 1201 1555 1231 nec
1579 1201 1654 1231 sa-

28 1265 87 1311 tis
120 1265 209 1311 fuit
242 1265 352 1315 hoc:
380 1265 513 1322 quin,
540 1265 613 1310 his
646 1266 959 1321 abeuntibus,
993 1264 1467 1321 succedentibusque
1502 1264 1653 1309 eccle-

29 1343 234 1389 siasticis
259 1343 507 1399 militibus,
534 1359 625 1389 nec
650 1345 713 1390 ab
747 1344 1015 1389 arboribus
1048 1353 1096 1388 et
1131 1343 1312 1388 vitibus
1351 1342 1369 1369 ¹³
1400 1342 1515 1399 ipsis
1549 1357 1654 1387 suc-

30 1420 243 1466 cidendis
266 1421 626 1466 abstinuerunt.

85 1498 127 1543 3.
194 1498 364 1544 Taceo
409 1514 504 1555 que
549 1499 680 1544 domi
727 1499 859 1556 passi
905 1508 1032 1554 sunt,
1081 1499 1229 1555 longe
1273 1497 1653 1552 miserabiliora;

30 1590 141 1620 nam
175 1575 329 1631 preda
366 1590 540 1622 eorum
574 1575 727 1622 veluti
761 1586 942 1633 essent,
980 1592 1074 1634 que
1099 1576 1292 1621 miseris
1316 1575 1423 1620 filiis
1447 1590 1655 1632 paraue-

31 1660 156 1708 rant‚
184 1651 360 1698 milites
396 1652 459 1709 vi,
487 1652 681 1710 fraude,
714 1653 945 1711 furtibus,
973 1653 1063 1699 sibi
1098 1653 1410 1710 diripiebant,
1437 1668 1496 1697 ac
1531 1652 1656 1697 insu-

29 1744 114 1785 per
137 1729 450 1786 cogebantur
474 1730 624 1775 etiam
648 1729 726 1787 qui
751 1730 865 1776 olim
896 1731 1069 1788 stipem
1093 1731 1183 1777 sibi
1208 1730 1412 1787 filiisque
1447 1730 1656 1775 emendi-

30 1821 145 1852 care
178 1807 420 1864 solebant,
448 1806 648 1853 foenum
683 1808 961 1865 aequitibus
995 1824 1175 1866 emere,
1203 1808 1397 1865 quando
1432 1807 1522 1853 nisi
1556 1823 1655 1852 ma-

30 1899 125 1940 gno
148 1884 306 1940 pretio
332 1884 539 1930 inueniri
566 1901 662 1930 non
687 1895 902 1942 poterat.
931 1885 1240 1932 Cubitabant
1264 1886 1431 1931 miseri
1455 1885 1586 1930 humi
1612 1885 1656 1929 in

30 1961 247 2018 stabulis,
275 1962 354 2007 uel
384 1961 430 2006 in
455 1962 619 2018 aliquo
656 1963 1031 2009 incommodior-i
1067 1964 1194 2020 loco,
1221 1963 1384 2009 coacti
1420 1964 1575 2008 lectos
1609 1971 1657 2007 et

30 2039 363 2085 commodiora
397 2040 508 2086 loca
543 2041 715 2086 domus
750 2041 970 2098 linquere
1005 2042 1251 2098 militibus,
1280 2057 1490 2098 quorum
1525 2041 1655 2085 inhu-

34 2115 277 2161 maniores
296 2117 381 2162 vix
404 2117 556 2162 credo
582 2118 805 2163 inueniri.

86 2192 127 2238 4.
193 2193 430 2240 Pretereo
465 2195 791 2251 plurimarum
827 2195 1086 2242 domorum
1123 2197 1340 2253 parietes
1366 2204 1555 2241 tantum
1583 2211 1653 2240 re-

31 2268 184 2326 lictos,
221 2271 447 2317 trabibus
487 2273 838 2330 asseribusque
873 2274 1156 2330 combustis,
1195 2274 1279 2319 vix
1313 2274 1505 2331 aliquas
1547 2272 1652 2317 reli—

32 2356 236 2403 querunt
260 2358 431 2405 portas
456 2365 581 2407 quas
604 2366 699 2396 non
720 2351 835 2396 item
861 2351 960 2408 igni
985 2351 1296 2397 tradiderint.

85 2423 127 2470 5.
193 2424 380 2471 Omitto
417 2442 566 2483 saepe
601 2428 817 2473 abducta
842 2428 1075 2485 iumenta,
1104 2428 1346 2475 abductos
1370 2427 1569 2483 saepius
1593 2426 1656 2471 ab

33 2502 212 2547 aratris
245 2500 413 2559 boues,
453 2505 753 2561 depredatos
791 2521 994 2563 greges,
1031 2515 1094 2562 et,
1131 2522 1192 2552 ne
1228 2505 1423 2562 longius
1456 2505 1653 2560 abeam,

32 2587 210 2634 quanta
234 2580 364 2636 passi
389 2580 499 2639 sint,
521 2583 601 2627 vel
627 2597 690 2627 ex
713 2583 807 2628 hoc
831 2583 1079 2629 coniicere
1103 2592 1264 2639 potest
1284 2582 1344 2626 R.
1368 2580 1422 2626 P.
1446 2581 1504 2626 T.
1527 2581 1656 2638 quod

0 2674 1 2691 1
33 2653 114 2699 vix
141 2655 201 2701 sit
223 2656 399 2703 domus
422 2658 470 2704 in
494 2675 595 2716 qua
618 2675 715 2705 non
741 2660 917 2717 aliquis
941 2660 1003 2706 sit
1026 2659 1260 2708 infirmus,
1289 2674 1400 2704 cum
1426 2659 1468 2703 in
1494 2659 1657 2704 multis

77 2827 96 2847 ἢ
144 2830 449 2876 quadrimestris
469 2843 548 2869 ms.
603 2833 669 2860 —b
703 2833 795 2870 vitis
815 2845 894 2871 ms.

79 2987 89 3007 ¹
139 2988 301 3027 Bellum
321 3003 368 3027 eo
387 2995 573 3038 tempore
593 2993 815 3040 gerebatur
830 2993 934 3030 inter
950 3004 1148 3029 summum
1164 2992 1392 3039 pontificem
1406 2992 1581 3031 Paulum
1594 2993 1657 3033 IV

34 3049 73 3082 et
91 3058 230 3095 regem
249 3049 487 3098 Hispaniae.
511 3051 574 3089 Cf.
597 3052 843 3097 POLANCUM,
869 3054 1013 3096 Cl1011.,
1036 3050 1108 3097 VI,
1128 3052 1174 3088 57
1192 3065 1276 3100 sqq.
