1950 3348
203 259 273 297 368
673 262 892 299 LITTERAE
919 263 1271 309 QUADRIMESTRES

156 367 206 401 ta
230 372 336 414 sua,
365 373 493 414 quae
518 359 680 404 multis
703 358 922 405 fortasse
956 360 1096 404 annis
1130 359 1524 416 occultauerant,
1562 369 1679 405 tunc
1712 360 1791 405 de-

157 449 289 480 mum
313 435 551 493 detegere
576 446 841 495 coguntur;
869 453 966 494 qua
991 453 1053 482 ex
1078 452 1131 481 re
1155 437 1337 481 multus
1361 452 1482 482 sane
1507 437 1794 494 excerpitur

157 513 365 559 fructus.
394 513 523 570 [Hoc
547 514 747 559 dnobus
770 515 1023 571 exemplis
1047 513 1427 571 conlimatur]

214 591 258 636 4.
325 590 618 637 RdissimuS.
647 592 914 638 cardinalis
934 592 1233 649 burgensis¹
1267 592 1401 637 hisce
1435 591 1662 649 proxime
1696 593 1791 638 ela-

156 668 255 725 psis
284 668 456 714 diebus
491 669 535 714 in
570 669 862 726 Hispaniam
897 670 1217 727 traiectu1·uS‚
1254 670 1317 714 ad
1350 669 1479 715 hanc
1512 685 1565 715 se
1589 670 1796 716 contulit

156 746 427 803 ciuitatem,
456 746 535 802 qui
561 746 688 792 mira
712 747 927 804 quadam
950 747 1144 804 excepit
1164 747 1395 793 comitate
1415 747 1616 793 Patrem
1636 758 1793 793 recto-

156 839 261 869 rem
306 824 369 869 ad
412 840 465 869 se
503 824 818 870 salutationis
856 825 1024 882 gratia
1066 824 1360 883 venientem3
1403 825 1588 882 gaudio
1627 825 1792 871 trium-

157 901 328 958 phans,
357 902 486 959 quod
520 917 580 947 ea
614 918 741 959 quae
776 903 838 948 ad
872 912 1095 948 nostram
1130 902 1435 949 Societatem
1469 903 1791 960 pertinerent,

157 994 397 1036 prospere
421 994 474 1024 se
498 979 685 1025 habere
711 979 1024 1026 intellexerit.
1052 980 1157 1026 Nec
1180 981 1333 1026 multo
1357 996 1480 1026 uero
1514 989 1624 1038 post
1657 981 1796 1026 iussit

157 1056 359 1102 Patrem
403 1065 628 1102 nostrum
674 1057 735 1102 ad
775 1073 828 1104 se
866 1058 1121 1115 accersiri,
1166 1067 1215 1103 ut
1255 1067 1371 1103 ante
1416 1057 1791 1115 profectionem,

156 1150 282 1191 quae
307 1133 370 1180 ad
405 1134 619 1180 animam
654 1144 955 1193 spectarent,
993 1135 1191 1193 integra
1226 1135 1538 1181 confessione
1572 1135 1793 1193 dispone—

156 1221 248 1270 ret;
277 1220 387 1269 post
421 1211 784 1258 confessionem
819 1223 1003 1269 autem,
1042 1228 1152 1258 cum
1189 1214 1342 1259 multa
1377 1213 1513 1270 prius
1552 1213 1796 1270 variaque

157 1290 216 1334 de
241 1287 494 1335 Societate
518 1290 676 1347 deque
700 1289 920 1336 eiusdem
945 1290 1181 1336 laudabili
1206 1290 1430 1336 instituto
1455 1291 1586 1336 inter
1608 1307 1662 1336 se
1682 1306 1794 1337 con-

155 1368 396 1424 tulissent3
424 1367 737 1414 confirmauit
762 1368 934 1414 Rmus.
964 1368 1248 1426 cardinalis,
1276 1368 1322 1414 id
1346 1369 1477 1425 quod
1500 1368 1666 1414 multis
1686 1384 1793 1414 uer-

155 1445 228 1490 bis
246 1445 491 1502 pollicitus
522 1454 595 1491 est
629 1445 687 1503 (si
722 1455 888 1491 tamen
922 1446 1181 1491 incolumis
1215 1461 1356 1491 mare
1379 1446 1473 1491 hoc
1496 1454 1793 1503 tempestuo-

154 1539 263 1569 sum
288 1523 680 1581 transmisisset),
708 1525 861 1569 multa
886 1539 938 1569 se
963 1533 1012 1569 et
1034 1524 1179 1580 plura
1209 1540 1356 1581 quam
1392 1525 1632 1570 hactenus
1665 1524 1792 1570 fece-

156 1602 234 1660 rit,
261 1601 473 1659 collegio
497 1601 735 1659 burgensi
760 1610 909 1658 atque
939 1602 1307 1648 salmanticensi
1333 1603 1634 1648 collaturum
1660 1601 1794 1658 (duo-

157 1694 265 1724 rum
291 1678 417 1724 enim
446 1679 623 1724 horum
658 1679 982 1735 collegiorum
1018 1695 1109 1724 sua
1144 1679 1366 1736 impensa
1400 1679 1561 1736 prima
1595 1678 1795 1725 fuerunt

155 1755 287 1801 iacta
311 1756 670 1815 fundamenta);
699 1766 747 1802 et
772 1756 901 1813 quod
926 1766 1075 1813 caput
1095 1766 1186 1815 est,
1210 1758 1342 1802 nulla
1362 1757 1556 1803 ratione
1575 1755 1794 1802 Societa-

155 1834 189 1879 ti
214 1843 417 1880 nostrae
441 1849 657 1891 unquam
681 1833 981 1880 defuturum.
1009 1834 1156 1891 Quod
1180 1844 1349 1881 autem
1374 1834 1436 1880 ad
1460 1835 1679 1881 eiusdem
1698 1834 1794 1891 epi-

156 1921 413 1967 scopatum
438 1920 574 1957 recte
598 1920 747 1968 atque
772 1921 943 1957 sancte
967 1912 1411 1958 administrandum
1431 1912 1623 1970 attinet,
1649 1911 1794 1958 Vtilis-

155 1989 279 2035 sima
303 2005 423 2035 sane
447 1989 610 2035 Patris
634 1990 791 2035 nostri
817 1991 1026 2036 rectoris
1050 1991 1270 2049 consilia,
1293 1991 1491 2037 omnino
1512 2000 1563 2036 ut
1583 1990 1794 2048 primum

157 2083 215 2112 eo
248 2067 575 2124 peruenisset,
613 2077 939 2113 executurum
974 2067 1262 2126 affirmauit,
1304 2084 1366 2114 ex
1401 2084 1498 2126 quo
1532 2068 1796 2126 plurimum

157 2145 381 2191 utilitatis
404 2145 452 2190 in
475 2145 761 2191 uniuersam
786 2145 890 2191 eius
919 2145 1187 2192 dioecesim
1222 2147 1618 2192 redundaturum
1650 2144 1794 2191 confi-

155 2223 330 2268 dimus.
362 2222 644 2280 [Lectorem
679 2223 751 2268 ad
779 2223 1079 2280 superiores
1112 2224 1313 2270 litteras
1347 2225 1362 2248 2
1397 2224 1585 2279 rez'icz'tj
1613 2228 1796 2280 preces

150 2299 423 2358 postulat]

245 2375 455 2423 Genuae
479 2386 661 2423 octauo
687 2377 764 2423 die
788 2376 1099 2434 Septembris
1127 2378 1256 2425 1557.

246 2455 324 2501 Ex
357 2455 668 2512 praescripto
698 2454 758 2500 R.
786 2454 839 2500 P.
868 2455 929 2501 D.
958 2455 1162 2514 Loarte‚
1190 2456 1374 2502 inutilis
1398 2472 1578 2502 seruus
1612 2456 1658 2501 in
1694 2456 1792 2501 Do·

159 2532 305 2586 mino,

937 2610 1247 2657 ALPHONsUs
1280 2610 1605 2656 HERNANDEZ
1640 2611 1672 2655 3.

246 2717 537 2774 Inscriptio,
574 2724 603 2773 †
638 2717 918 2763 Admodum
943 2717 989 2762 in
1014 2717 1104 2762 X.⁰
1126 2717 1254 2762 Rdo.
1293 2717 1393 2763 Pri.
1431 2717 1676 2774 magistro
1710 2716 1793 2775 Ja-

157 2795 292 2840 cobo
313 2794 531 2853 Laynez,
560 2794 750 2841 vicario
773 2793 997 2852 generali
1022 2793 1290 2840 Societatis
1315 2794 1453 2852 Jesu.
1481 2794 1710 2839 Romam.

206 2974 215 2992 ¹
268 2972 510 3026 Franciscus
529 2973 578 3010 de
599 2973 820 3011 Mendoza.

204 3032 217 3052 2
268 3031 376 3069 Vide
395 3046 487 3080 pag.
509 3032 591 3079 289,
613 3039 749 3071 annot.
775 3033 836 3072 La

204 3092 217 3112 ³
267 3092 332 3129 De
351 3093 425 3129 hoc
444 3093 531 3129 viro
550 3092 597 3129 cf.
616 3093 863 3141 POLANCUM,
888 3093 1056 3138 Chron„
1078 3091 1154 3138 VI,
1179 3092 1267 3138 174„
