1900 3380
381 287 600 325 APPENDIX
627 286 972 326 IIL-OLlsif’oxE
997 289 1043 325 30
1064 287 1173 336 JUNn
1205 289 1292 325 1:338
1318 289 1365 334 (ἓ)
1571 287 1641 324 963

70 385 280 430 luiturae
304 385 627 431 crederentur
651 385 766 443 (non
792 385 920 430 enim
950 383 1290 430 ecclesiastico
1325 384 1448 441 iure,
1476 384 1603 441 quod
1644 383 1688 428 in

67 463 259 519 longius
293 478 502 519 poenam
526 463 652 508 solet
676 478 974 520 prorogare,
1002 471 1050 508 et
1084 462 1348 518 aliquando
1382 461 1686 515 condonare,

67 541 150 585 sed
174 539 441 585 forensium
466 540 679 585 iudicum
714 540 846 585 iussu
872 540 917 585 in
952 555 1209 585 carcerem
1235 539 1412 584 ductae
1453 537 1686 594 fuerant),

65 617 325 674 episcopus
359 617 454 673 ille,
490 616 631 674 cujus
665 616 893 674 superius
928 617 1141 674 memini,
1177 632 1206 662 a
1240 615 1423 661 nostris
1457 615 1691 660 Patribus

66 694 237 750 petiuit
261 705 313 739 vt
337 694 450 740 illuc
473 694 545 740 ire
571 695 769 751 vellent,
792 694 1085 751 illarumque
1109 693 1285 739 animis
1310 692 1583 738 remedium
1607 691 1691 736 ad-

67 771 249 829 hibere;
278 772 406 828 quod
446 771 818 829 diligentissime
857 781 1088 817 curatum
1122 782 1210 826 est,
1240 786 1298 816 ne
1338 769 1521 827 aliquid
1560 769 1689 827 quod

67 848 260 895 illarum
284 849 459 894 animis
484 849 601 895 vtile
625 859 771 906 esset,
799 849 889 895 fuit
913 849 1335 906 praetermissum.
1365 847 1443 893 Ex
1468 847 1642 903 quibus
1664 847 1693 891 5

67 936 176 984 post
199 937 303 973 tres
326 928 405 973 vel
430 927 492 972 ad
514 943 758 972 summum
781 928 863 972 4.οΓ
887 927 989 972 dies
1014 926 1307 983 productae,
1334 925 1530 982 ignibus
1564 940 1691 970 com-

69 1006 244 1050 bustae
268 1014 395 1050 sunt.
425 1004 529 1050 Nec
554 1020 676 1050 vero
701 1004 875 1061 minus,
897 1013 951 1049 vt
975 1004 1154 1049 Patres
1178 1002 1257 1059 qui
1283 1003 1324 1048 ei
1361 1002 1432 1047 rei
1453 1001 1692 1059 praescri-

68 1082 135 1139 pti
159 1082 373 1137 fuerant,
402 1082 580 1139 quique
603 1097 691 1128 eas
715 1082 870 1127 donec
894 1081 1085 1127 animas
1109 1080 1391 1126 emitterent
1414 1088 1525 1124 sunt
1549 1078 1692 1123 comi-

68 1160 174 1217 tati,
200 1160 342 1206 nobis
364 1169 538 1217 postea
562 1160 854 1215 retulerunt,
882 1159 1058 1204 harum
1098 1159 1294 1204 animae
1318 1157 1483 1203 diuino
1508 1156 1693 1213 flagra-

70 1239 188 1284 bant
211 1253 399 1294 amore,
423 1237 718 1294 praesertim
756 1252 867 1283 curn
907 1236 954 1282 in
988 1252 1046 1281 eo
1086 1252 1181 1293 quo
1221 1236 1605 1289 accusabantur,
1645 1243 1697 1279 vt

70 1311 206 1368 ipsae
230 1310 476 1366 dicebant,
498 1310 629 1355 omni
653 1310 798 1366 culpa
823 1317 1083 1366 vacarent;
1106 1324 1195 1353 sua
1215 1308 1410 1353 tandem
1430 1316 1565 1352 sorte
1586 1322 1695 1351 con-

70 1396 252 1445 tentae,
274 1396 482 1433 mortem
502 1403 613 1433 cum
633 1386 736 1433 vita
755 1395 1123 1432 commutarunt
1143 1386 1362 1431 dicentes
1381 1385 1501 1430 satis
1520 1400 1571 1430 se
1598 1384 1696 1441 qui-

70 1465 179 1511 dem
197 1465 243 1510 id
268 1465 349 1510 vel
371 1464 579 1521 grauius
602 1463 753 1510 etiam
776 1463 1066 1521 supplicium
1105 1464 1167 1509 ob
1197 1463 1296 1508 alia
1321 1463 1474 1507 multa
1498 1462 1694 1517 delicta,

72 1558 199 1599 quae
218 1551 586 1599 perpetrarant,
613 1542 764 1587 fuisse
799 1541 1133 1599 commeritas,
1162 1540 1305 1597 idque
1337 1540 1426 1586 sibi
1462 1550 1697 1596 tanquam

72 1620 235 1666 diuino
259 1635 464 1666 munere
488 1619 639 1665 fuisse
659 1635 963 1676 concessum,
987 1628 1038 1664 vt
1058 1619 1152 1664 hoc
1170 1619 1353 1676 exiguo
1373 1618 1610 1674 breuique
1631 1617 1697 1661 vi-

72 1706 153 1743 tae
183 1697 435 1743 curriculo
466 1712 669 1742 suorum
693 1707 1014 1754 peccatorum
1037 1711 1225 1753 poenas
1259 1697 1527 1741 soluerent.
1555 1694 1698 1751 Quae

73 1774 236 1820 omnia
255 1790 365 1820 curn
386 1773 592 1819 Patrum
613 1784 899 1819 nostrorum
919 1789 1074 1830 opera
1093 1782 1141 1819 et
1158 1773 1428 1830 diligentia,
1451 1781 1553 1818 tum
1578 1787 1699 1817 vero

72 1851 166 1897 Dei
192 1852 450 1897 voluntate
474 1860 587 1896 sunt
610 1849 810 1896 effecta.

131 1929 174 1974 5.
240 1927 363 1973 Illud
388 1927 537 1973 etiam
560 1927 674 1972 mihi
703 1943 799 1973 non
832 1927 1027 1973 silentio
1061 1927 1554 1984 praetermittendum
1589 1942 1699 1972 esse

74 2003 205 2063 duxi,
233 2005 415 2051 multos
438 2019 546 2050 esse
572 2004 652 2061 qui
675 2020 801 2062 erga
824 2014 1048 2050 nostram
1083 2003 1386 2050 Societatem
1422 2005 1546 2050 bene
1579 2004 1699 2050 affe-

0 2102 7 2107 ·
74 2083 155 2140 cti,
182 2098 332 2140 saepe
362 2083 521 2128 solent
546 2081 592 2127 in
615 2091 788 2128 nostro
811 2082 995 2139 templo
1029 2092 1238 2138 peccata
1271 2081 1496 2127 confiteri
1520 2090 1568 2127 et
1591 2098 1699 2127 san-

74 2159 346 2205 ctissimam
371 2159 726 2205 eucharistiam
750 2159 997 2216 accipere,
1034 2159 1160 2204 adeo
1197 2168 1248 2204 vt
1278 2158 1542 2215 aliquando
1567 2158 1699 2203 mini-

77 2252 153 2282 me
177 2236 394 2282 omnium
419 2236 675 2282 desideriis
697 2236 850 2293 possit
873 2235 1120 2291 satisfieri,
1152 2251 1263 2281 curn
1298 2235 1503 2281 Patrum
1543 2235 1622 2292 qui
1656 2235 1702 2280 id

76 2313 262 2370 possint
295 2313 482 2371 facere,
509 2314 640 2370 apud
662 2330 752 2360 nos
775 2314 903 2360 mira
927 2313 988 2359 sit
1011 2313 1253 2370 paucitas,
1280 2313 1427 2358 nihilo
1452 2313 1609 2358 minus
1632 2322 1702 2358 ta-

78 2407 187 2437 men
211 2392 371 2437 solent
394 2406 543 2448 saepe
567 2400 807 2449 aegrotos
841 2407 928 2449 per
962 2392 1137 2437 vrbem
1170 2391 1399 2447 inuisere,
1435 2391 1703 2447 pigrosque

77 2479 126 2515 et
149 2469 323 2515 tardos
346 2469 409 2514 ad
433 2469 613 2527 diuina,
639 2469 702 2515 ad
725 2470 941 2516 humana
960 2485 1081 2516 vero
1100 2478 1148 2515 et
1167 2469 1330 2515 inania
1349 2476 1618 2525 promptos,
1641 2467 1703 2513 ad

78 2546 331 2592 meliorem
356 2546 491 2591 vitae
515 2546 758 2592 rationem
782 2546 1051 2592 cohortari.

136 2624 180 2670 6.
247 2624 394 2681 Quod
418 2624 481 2670 ad
505 2633 704 2670 nostras
726 2625 922 2671 scholas
946 2624 1136 2680 attinet,
1160 2624 1206 2668 id
1230 2623 1437 2680 primum
1457 2624 1705 2681 intelligas

80 2703 226 2748 velim
250 2718 344 2748 non
369 2702 665 2748 mediocrem
697 2718 806 2749 esse
840 2703 1249 2749 scholasticorum
1283 2717 1553 2759 numerum;
1591 2717 1705 2759 qua-

80 2780 328 2838 dringenti
353 2779 481 2825 enim
504 2789 590 2826 aut
613 2795 672 2826 eo
697 2782 863 2837 plures
886 2789 1015 2838 sunt,
1037 2789 1084 2825 et
1103 2779 1316 2837 quotidie
1334 2779 1440 2825 fere
1459 2779 1606 2835 aliqui
1625 2780 1706 2824 ad-

81 2858 404 2904 mittebantur
428 2858 473 2902 in
498 2857 595 2903 6.³¹¹¹
617 2857 723 2904 fere
749 2859 975 2915 classem;
1010 2857 1095 2903 sed
1129 2857 1370 2913 aliquibus
1404 2856 1572 2901 diebus
1596 2871 1704 2901 cum

81 2944 249 2981 tantus
272 2950 445 2981 eorum
469 2943 600 2980 esset
622 2951 872 2990 numerus,
901 2946 953 2981 vt
977 2934 1173 2979 minime
1208 2949 1293 2979 eos
1326 2943 1493 2990 posset
1526 2949 1708 2990 capere

82 3012 272 3069 classis,
299 3020 500 3058 cautum
525 3021 598 3058 est
621 3028 681 3058 ne
705 3013 811 3069 quis
834 3012 969 3070 prius
993 3026 1141 3068 quam
1165 3010 1490 3076 migrationes
1514 3010 1704 3066 fierent,

83 3090 143 3136 de
166 3106 297 3136 nouo
322 3089 646 3146 reciperetur.
675 3089 860 3136 Omnes
890 3098 1055 3134 autern
1091 3089 1164 3146 (vt
1198 3098 1552 3145 praeceptores
1584 3088 1707 3134 refe-
