2043 3467
389 292 435 329 72
854 289 1073 326 LITTERAE
1100 289 1456 333 QUADRIMESTRES

341 387 525 445 plioris,
552 386 684 431 nulla
714 383 827 429 mihi
862 384 992 440 apud
1026 383 1213 428 amicos
1247 398 1359 439 spes
1393 382 1621 439 affulget,
1658 382 1747 428 nisi
1781 398 1978 440 graues-

341 465 462 510 istas
486 462 753 517 molestias,
781 476 844 506 ex
862 461 1038 517 quibus
1062 475 1147 517 spe
1166 476 1261 505 non
1282 459 1429 505 dubia
1448 460 1780 505 incredibilem
1802 475 1977 505 sumus-

342 541 606 587 vtilitatem
631 537 831 584 tandem
855 536 1128 593 collecturi,
1161 537 1207 582 in
1242 552 1404 582 nouae
1438 536 1638 582 scholae
1668 535 1968 582 aedificatio-

341 634 450 664 nem
476 616 660 674 paucis,
689 625 741 664 vt
765 630 929 672 spero,
958 614 1206 659 mensibus
1229 613 1594 671 perficiendam,
1631 614 1878 670 patienter
1901 613 1968 660 fe-

342 710 528 741 ramus.

398 772 441 818 3.
508 770 640 815 Ante
664 770 882 815 natalem
906 767 1188 814 Saluatoris
1216 768 1371 814 nostri
1395 768 1513 826 Jesu
1547 767 1731 813 Christi
1761 768 1823 813 ad
1857 783 1970 813 con-

341 847 567 894 fessionis
591 855 962 892 sacramentum
986 861 1156 891 omnes
1186 845 1401 902 suscepti
1426 854 1554 900 sunt,
1587 845 1779 890 nemine
1813 845 1971 890 refra-

340 935 508 983 gante,
535 923 894 970 demirantibus
923 923 1308 980 quamplurimis,
1346 922 1634 980 parentibus
1667 931 1870 979 stupore
1904 922 1969 967 in-

340 1003 485 1048 solito
509 1001 723 1055 affectis,
751 1016 959 1057 quorum
983 1000 1271 1057 improbitas
1296 1015 1423 1045 nunc
1447 1001 1510 1045 ab
1534 999 1650 1056 ipsis
1674 1014 1796 1055 quos
1820 1000 1971 1044 lacta-

340 1088 536 1134 uerunt,
563 1088 801 1135 tanquam
825 1077 1108 1123 foedissima
1133 1079 1486 1134 exprobratur,
1522 1077 1791 1133 reuelatur,
1825 1085 1971 1133 atque

340 1166 394 1202 vt
428 1156 734 1202 detestabilis
767 1155 1095 1212 conuincitur,
1132 1155 1210 1211 qui
1246 1164 1422 1200 contra
1461 1169 1771 1200 communem
1810 1169 1969 1211 vsum,

341 1234 620 1291 exemplum
661 1233 945 1290 disciplinae
983 1248 1012 1277 a
1053 1232 1254 1278 rudibus
1292 1232 1459 1289 pueris
1498 1232 1715 1289 capiunt,
1762 1231 1972 1277 virtutes

340 1312 588 1368 hauriunt,
615 1320 663 1356 et
692 1311 738 1356 in
767 1326 886 1356 vera
910 1310 1093 1367 pietate
1118 1319 1166 1355 et
1189 1310 1457 1356 christiana
1486 1309 1726 1366 religione
1760 1310 1824 1354 ab
1856 1308 1972 1365 ipsis

340 1389 564 1445 denique,
603 1389 778 1444 quibus
812 1403 1039 1433 normam
1074 1387 1271 1433 viuendi
1305 1389 1619 1444 praeberent,
1662 1386 1968 1441 erudiuntur,

340 1465 735 1523 dirigunturque.
763 1464 1028 1522 Siquidem,
1056 1474 1174 1510 nato
1199 1464 1399 1510 Christo
1430 1465 1745 1521 redemptore
1779 1472 1969 1520 nostro,

340 1543 397 1588 23
419 1558 482 1588 ex
506 1543 776 1589 maioribus
800 1558 978 1588 sacrae
1003 1542 1359 1588 communionis
1382 1541 1649 1598 participes
1684 1540 1868 1598 effecti,
1904 1541 1970 1586 in-

340 1620 728 1677 comparabilem
762 1621 901 1666 nobis
935 1620 1050 1676 ipsis
1085 1629 1132 1665 et
1166 1635 1312 1665 sacro
1352 1620 1696 1665 assistentibus
1732 1618 1971 1664 laetitiam

341 1706 655 1754 pepererunt,
683 1697 871 1750 ordine,
899 1697 1140 1754 decentia,
1178 1712 1237 1742 ac
1271 1696 1513 1754 singulari
1551 1697 1753 1742 honoris
1787 1696 1970 1742 exhibi-

339 1775 471 1821 tione
495 1791 743 1832 nunquam
769 1776 982 1821 antehac
1007 1776 1130 1829 visa,
1159 1791 1254 1831 qua
1279 1791 1488 1832 puerum
1507 1774 1685 1827 Iesum,
1707 1774 1787 1831 qui
1806 1774 1978 1831 pueris

339 1853 594 1897 caelorum
618 1868 828 1909 regnum
853 1852 1077 1908 promisit
1108 1854 1138 1905 ¹,
1174 1852 1328 1908 pueri,
1366 1852 1674 1908 stupentibus
1708 1852 1971 1909 matribus,

340 1928 539 1985 reliquis
563 1928 801 1985 attonitis,
829 1928 1037 1985 hospitio
1064 1928 1319 1974 vnanimes
1339 1938 1660 1986 exceperunt.
1683 1928 1812 1985 Quid
1833 1944 1976 1985 repe-⁷

341 2006 425 2051 riri
450 2015 550 2050 tam
575 2005 805 2051 eximium
830 2016 877 2051 et
901 2005 1261 2062 expectandum
1299 2006 1345 2050 in
1371 2006 1463 2050 hac
1498 2005 1755 2062 prouincia
1788 2015 1967 2063 potest,

341 2099 488 2140 quam
514 2082 641 2139 quod
667 2083 747 2138 illi,
775 2082 950 2138 quibus
981 2083 1141 2128 adhuc
1174 2083 1303 2128 lacte
1334 2083 1440 2128 fere
1480 2099 1602 2140 opus
1635 2092 1725 2139 est,
1763 2083 1970 2128 solidum

340 2160 503 2206 cibum
533 2160 807 2216 praebeant
839 2159 1182 2217 nutrientibus,
1220 2169 1453 2217 parentes
1486 2161 1727 2206 bonorum
1763 2175 1969 2217 operum

341 2237 654 2294 admoneant,
682 2252 948 2293 omnesque
972 2237 1034 2282 ad
1054 2237 1133 2294 pia
1158 2247 1205 2282 et
1230 2237 1433 2283 laudata
1457 2237 1756 2284 christianae
1774 2237 1968 2295 religio-

341 2314 413 2359 nis
437 2313 602 2359 officia
635 2314 873 2370 exemplis
907 2323 1196 2370 prouocent,
1234 2315 1484 2371 instigent,
1522 2315 1969 2371 adhortenturque?

341 2390 484 2448 Quae
508 2406 661 2448 opera
684 2406 780 2436 non
804 2391 1104 2437 mediocrem
1128 2391 1314 2437 medios
1337 2392 1464 2437 inter
1494 2392 1628 2437 ciues
1661 2392 1969 2437 nobilitatem

341 2469 522 2525 ignotis
546 2468 794 2514 conflauit.

399 2547 443 2591 4.
509 2545 740 2602 Quatuor
763 2546 854 2591 illis
879 2545 1211 2603 praefecimus
1235 2547 1505 2603 magistros
1534 2562 1818 2604 germanos,
1855 2546 1977 2592 licet

343 2624 532 2669 duabus
556 2632 747 2669 tantum
771 2623 1012 2669 classibus
1035 2633 1083 2669 et
1107 2623 1423 2670 inferioribus
1447 2623 1704 2681 imperent.
1741 2622 1830 2669 His
1864 2639 1968 2680 spe-

343 2701 549 2746 ctaculis
579 2711 900 2747 accesserunt
934 2700 1285 2747 disertissimae
1319 2711 1467 2759 atque
1500 2702 1673 2759 ipsam,
1710 2711 1764 2748 vt
1796 2703 1967 2747 autho·

343 2793 447 2824 rem
472 2793 613 2823 suum
639 2779 971 2835 declararent,
998 2778 1244 2836 spirantes
1266 2779 1477 2836 Italiam,
1500 2778 1752 2825 orationes
1771 2779 1974 2836 elegan-·

343 2864 432 2900 tes.
458 2854 654 2900 Isthaec
673 2855 850 2913 studia,
871 2856 1109 2912 actioneS,
1131 2866 1437 2912 conatusque
1456 2856 1551 2902 hoc
1568 2856 1690 2902 lucri
1709 2855 1973 2914 dederunt,¹

344 2938 397 2975 vt
421 2939 526 2976 tota
550 2931 726 2976 ciuitas
750 2932 894 2988 plena
917 2931 979 2978 sit
1012 2947 1137 2989 erga
1171 2946 1261 2977 nos
1295 2932 1601 2990 clementiae,
1639 2931 1974 2978 mansuetudi-

396 3099 403 3116 ¹
458 3097 642 3136 MATTH..
664 3097 821 3142 XVIII,
842 3098 876 3135 3.
