1925 3509
506 303 785 341 19.—G.xx1)1A
811 305 853 341 31
880 304 1085 351 JANUARII
1116 305 1204 340 1557
1579 308 1626 342 313

39 399 83 444 in
123 397 311 454 laqueis
350 398 585 455 detineat;
634 400 705 444 his
749 399 898 444 etiam
944 399 1213 444 adhibitum
1260 409 1334 444 est
1380 401 1668 446 remedium.

92 474 135 520 9.
203 473 349 519 Pueri
375 475 614 520 docentur
638 475 961 521 christianam
993 476 1268 521 doctrinam
1305 492 1415 521 cum
1453 477 1670 522 maximo

33 552 195 610 gentis
229 566 494 605 concursu,
522 553 590 598 ita
615 562 666 597 vt
689 568 848 608 neque
872 553 1001 597 intus
1025 569 1182 609 neque
1207 554 1251 598 in
1276 552 1467 599 foribus
1493 563 1579 600 aut
1603 556 1670 599 fe-

33 629 210 674 nestris
233 629 440 674 daretur
464 629 605 674 hodie
631 630 783 674 locus.
817 629 1017 674 Dantur
1051 630 1316 686 aliquando
1353 631 1423 675 his
1458 631 1538 687 qui
1573 647 1668 677 me-

32 706 123 751 lius
156 706 331 759 sciunt,
369 716 455 751 aut
488 716 660 751 errant
694 707 739 751 in
777 707 1112 763 paucioribus,
1151 717 1384 764 sparteae
1419 708 1665 765 quaedam

31 783 253 839 cistulae,
291 793 438 839 prout
464 783 661 839 Vtrique
684 784 823 828 sexui
849 785 1165 841 conueniunt;
1193 800 1321 841 quae
1345 786 1571 841 praemia
1598 787 1666 830 vi-

30 859 251 904 ctoribus
274 859 459 905 fratres
483 860 638 906 nostri
664 870 954 914 contexunt,
977 871 1025 906 et
1044 862 1241 918 quidem
1268 872 1438 908 rector
1462 862 1491 917 ¹,
1515 873 1568 908 vt
1593 863 1666 908 his

30 935 199 981 mediis
224 936 513 982 libentiores
537 936 819 983 efficiantur
843 947 891 983 et
915 938 977 989 ad
1001 939 1294 984 veniendum
1315 940 1666 998 promptiores;

30 1027 155 1069 quae
179 1013 307 1058 enim
332 1029 452 1058 uero
477 1023 618 1059 tanta
641 1014 730 1059 fuit
754 1030 893 1070 ansa,
926 1025 976 1060 vt
1001 1031 1149 1072 quum
1174 1027 1324 1061 antea
1349 1017 1668 1073 quodammo-

29 1089 89 1134 do
112 1089 377 1146 frigerent,
405 1106 551 1148 nunc,
578 1092 747 1137 audito
772 1092 1083 1147 tintinabulo,
1106 1109 1205 1138 vna
1229 1109 1399 1139 omnes
1424 1094 1535 1139 ilico
1556 1111 1668 1140 con-

28 1177 249 1213 currant.
279 1167 357 1213 Ex
381 1184 476 1225 quo
503 1179 676 1214 sancta
700 1170 945 1226 quaedam
971 1170 1235 1215 admiratio
1270 1180 1452 1216 cuncto
1487 1173 1668 1229 populo

31 1245 259 1290 accessit.

89 1321 156 1367 10.
213 1323 294 1368 Ad
324 1322 597 1368 audiendas
626 1322 935 1369 infirmorum
971 1324 1312 1370 confessiones
1345 1334 1393 1371 et
1427 1326 1667 1371 adiuuan-

27 1398 139 1443 dum
162 1400 431 1445 morientes
455 1400 561 1445 fere
586 1415 783 1457 semper
803 1416 1061 1457 vocamur3
1083 1416 1179 1446 non
1205 1401 1332 1447 enim
1357 1402 1448 1447 sibi
1468 1402 1515 1447 in
1535 1402 1667 1448 infir-

28 1475 197 1521 mitate
221 1476 552 1533 satisfaciunt,
584 1477 673 1522 nisi
708 1477 926 1523 habeant
961 1487 1163 1524 nostrae
1197 1477 1464 1525 Societatis
1499 1496 1666 1537 quem-

27 1567 191 1610 quam3
214 1555 342 1610 quod
367 1555 406 1600 si
429 1554 663 1604 habeant,
690 1555 988 1600 tutissimum
1014 1556 1103 1602 sibi
1128 1566 1326 1613 portum
1352 1557 1662 1614 pollicentur.

58 1666 60 1669 ,
88 1630 154 1676 11.
221 1631 439 1676 Dissidia
463 1631 591 1677 inter
622 1633 758 1677 viros
788 1643 836 1677 et
871 1648 1073 1690 onres,
1111 1643 1158 1678 et
1192 1634 1321 1679 inter
1356 1634 1480 1679 alios
1514 1635 1666 1681 etiam

27 1708 199 1753 sedata
218 1718 346 1754 sunt.
370 1708 434 1754 Et
454 1725 513 1754 ne
532 1718 581 1754 te
600 1709 886 1766 prolixitate
906 1710 1132 1767 fatigem,
1156 1710 1310 1756 Pater
1328 1711 1663 1762 dilectissime.

25 1784 84 1830 de
107 1801 204 1830 vno
228 1786 570 1831 tantummodo
594 1787 773 1839 dicam,
801 1786 881 1844 qui
910 1788 1149 1833 scaeleris
1183 1788 1439 1834 cuiusdam
1477 1790 1665 1835 ocasio-

23 1878 100 1919 ne,
126 1879 340 1920 peregre
365 1863 795 1921 proficiscebatur,
823 1864 1060 1910 deserens
1084 1881 1295 1911 vxorem
1321 1877 1368 1911 et
1392 1865 1517 1911 filios
1542 1867 1663 1912 mul-

26 1948 102 1985 tos
134 1950 417 1996 pereuntes,
455 1950 503 1986 et
536 1941 661 1987 alios
694 1957 789 1987 non
827 1942 929 1987 sine
964 1958 1150 2000 magno
1175 1943 1486 1999 detrimento,
1514 1930 1665 2002 quum

20 2006 101 2062 ¹vir
122 2027 254 2064 esset
276 2019 590 2076 negociat0r3
618 2029 667 2065 et
690 2019 840 2076 (quod
864 2030 975 2066 erat
1007 2020 1052 2065 in
1088 2036 1148 2066 ea
1183 2036 1237 2066 re
1271 2020 1470 2078 fortius)
1505 2037 1664 2079 neque

24 2095 299 2142 aduersarii
335 2096 570 2143 volebant
604 2097 647 2142 ei
681 2097 985 2150 condonare,
1023 2108 1072 2144 et
1105 2100 1258 2144 multo
1298 2098 1458 2144 minus
1491 2098 1660 2157 judex,

24 2189 180 2229 neque
199 2175 260 2219 ad
281 2176 392 2219 eam
414 2190 518 2220 rem
538 2175 815 2221 suffecerat
834 2175 1011 2232 aliquis
1030 2192 1092 2221 ex
1110 2177 1274 2221 multis
1290 2177 1371 2233 qui
1388 2186 1660 2235 tentarant3

23 2251 237 2309 tandem,
272 2264 548 2309 praeeunte
582 2253 826 2310 oratione,
863 2253 1062 2311 quidam
1097 2269 1160 2299 ex
1193 2255 1375 2299 nostris
1406 2255 1662 2311 negotium

69 2442 79 2461 ¹
130 2441 273 2479 Mense
292 2442 403 2490 junio
423 2443 518 2479 anni
538 2443 636 2488 1556,
660 2448 702 2480 ut
722 2443 947 2480 POLANCUS
967 2444 1061 2480 dicit
1079 2444 1271 2489 (Chrom,
1294 2444 1367 2489 VI,
1388 2444 1486 2488 516),
1517 2445 1661 2482 consti-

21 2505 129 2537 tutus
148 2507 209 2538 est
227 2503 392 2549 collegii
411 2508 546 2539 rector
564 2503 610 2541 P.
633 2502 949 2551 Christophorus
978 2504 1227 2550 Rodriguez;
1249 2505 1313 2540 cui
1341 2505 1414 2541 hoc
1442 2505 1528 2550 ipso
1556 2518 1662 2542 anno

23 2558 312 2598 Vallisoletum
332 2562 466 2605 misso,
488 2563 681 2599 successit
702 2562 746 2600 P.
768 2562 979 2610 Philippus
998 2562 1226 2607 Pancrudo,
1248 2569 1292 2600 ut
1311 2564 1519 2610 colligitur
1533 2577 1583 2601 ex
1598 2577 1660 2601 ca-

22 2619 158 2666 talogo
176 2621 244 2665 qui
263 2621 469 2658 invenitur
487 2622 527 2658 in
554 2623 690 2659 codice
710 2623 901 2669 Aragon.
923 2623 988 2667 15,
1009 2622 1078 2660 fol.
1098 2622 1156 2664 26,
1187 2623 1261 2659 sub
1288 2624 1362 2659 hoc
1389 2624 1519 2660 titulo:
1553 2623 1662 2661 «Me-

23 2679 149 2716 moria
178 2680 227 2717 de
258 2682 319 2717 los
348 2682 476 2718 her.0S
495 2682 544 2718 de
575 2681 751 2724 Gandsa,
778 2697 803 2730 y
833 2682 936 2720 Res„
970 2683 1015 2720 In
1048 2696 1095 2720 eo
1126 2683 1284 2719 dicitur:
1322 2682 1392 2719 «El
1424 2682 1473 2719 P.
1499 2683 1660 2730 Philipe

23 2737 247 2782 Pancrudo,
269 2746 415 2778 rector:
437 2742 486 2778 de
506 2741 723 2788 Valencia;
745 2743 795 2779 de
813 2742 861 2779 25
878 2748 977 2780 anos
995 2757 1021 2790 y
1040 2744 1089 2780 de
1110 2742 1278 2789 Comp.a
1296 2743 1421 2779 cinco.
1443 2742 1499 2779 Es
1525 2756 1659 2790 gram-

23 2798 182 2843 matico,
203 2813 228 2847 y
255 2812 298 2837 es
326 2806 502 2838 maestro
529 2814 581 2838 en
608 2807 731 2847 artes,
752 2816 777 2850 y
804 2816 828 2839 a
854 2804 956 2850 oydo
984 2804 1022 2839 el
1050 2815 1167 2839 curso
1193 2803 1242 2838 de
1269 2802 1493 2850 theologia.
1527 2803 1584 2840 Es
1610 2803 1660 2841 de

19 2855 152 2895 buena
167 2861 420 2907 complexion
437 2874 463 2908 y
478 2862 672 2899 suniecto.
690 2862 820 2899 Tiene
835 2863 942 2900 buen
957 2863 1112 2899 talento
1129 2874 1179 2898 en
1194 2860 1413 2907 confessar,
1431 2876 1456 2910 y
1472 2863 1659 2900 mediano

21 2927 71 2952 eu
95 2919 316 2964 predicar.»
344 2920 423 2957 Hic
454 2920 575 2957 Pater
600 2922 812 2969 ingressus
840 2928 901 2959 est
928 2921 1177 2960 Societatem
1205 2934 1311 2958 anno
1338 2922 1436 2965 1552,
1465 2928 1509 2959 ut
1535 2923 1660 2960 habet

19 2974 250 3023 POLANCUS,
271 2980 346 3016 loc.
367 2980 446 3020 cit..
467 2980 517 3026 II,
537 2980 620 3027 64&
641 2982 747 3018 unde
766 2987 936 3029 apparet
952 2982 1057 3018 hunc
1072 2981 1307 3029 catalogum
1322 2982 1517 3029 scriptum
1532 2982 1658 3020 fuisse

21 3042 196 3075 exeunte
214 3051 320 3076 anno
340 3039 432 3076 1556
448 3045 519 3077 aut
535 3041 703 3078 ineunte
724 3042 827 3079 1557.
849 3041 960 3079 Obiit
978 3041 1023 3078 P.
1045 3041 1259 3078 Pancrudo
1277 3042 1416 3089 paucis
1434 3047 1524 3089 post
1543 3055 1657 3079 men-

21 3093 140 3139 sibus,
160 3103 204 3134 ut
222 3098 391 3136 inferius
408 3099 626 3137 videbitur.
