1900 3380
596 292 864 330 9²2.⁷‹GE>1UA
890 292 914 328 8
940 292 1209 330 Ξιῑῐ”ι·ΕΜῑ-ῑῑυς
1240 293 1329 329 1537
1677 292 1747 329 367

148 390 286 448 Opus
310 406 429 436 sane
453 389 668 436 omnium
694 406 790 435 uno
828 405 916 435 ore
950 405 1271 446 summopere
1308 389 1579 445 laudatum,
1617 390 1795 446 quippe

148 469 276 526 quod
300 468 465 514 omnia
490 468 597 514 fere
623 478 894 525 praecepta
919 467 1192 522 contineat,
1231 482 1358 523 quae
1384 467 1460 512 uir
1495 467 1796 512 christianus

149 548 415 604 diligenter
439 547 691 592 seruanda
715 546 778 590 ad
802 545 956 591 uitam
981 554 1240 590 aeternam
1278 544 1679 600 consequendam
1705 544 1795 589 sibi

152 639 432 682 proponere
479 624 641 676 debet,
691 624 756 668 ita
803 623 1014 668 dilucide
1060 632 1108 667 et
1162 622 1402 668 concinne
1455 631 1691 676 tractata,
1746 631 1797 666 ut

150 717 321 747 omnes
345 701 425 757 qui
450 702 528 746 uel
563 701 884 746 mediocriter
918 700 1089 757 legere
1123 699 1417 755 didicerunt,
1456 715 1551 743 non
1588 715 1796 755 paruam

152 779 339 837 possint
363 778 477 824 inde
502 779 766 824 Vtilitatem
791 778 1011 830 haurire,
1040 787 1088 822 et
1113 777 1346 833 quoniam
1370 778 1597 822 consulto
1623 793 1796 822 uerna-

151 857 263 902 cula
301 856 472 913 lingua
505 855 598 901 fuit
632 872 662 901 a
697 856 849 901 Patre
885 855 1234 912 compositum,
1272 863 1324 899 ut
1358 855 1586 900 omnibus
1620 856 1797 899 emolu-

152 943 318 980 mento
343 950 452 980 esse
476 944 659 991 posset,
690 935 773 980 vix
806 935 900 980 dici
938 942 1099 991 potest
1135 942 1322 990 quanta
1358 933 1421 978 ad
1456 949 1546 977 nos
1581 932 1801 978 confluat

100 1034 101 1037 ¹
154 1012 430 1068 multitudo,
461 1013 577 1058 illud
601 1029 630 1058 a
655 1012 809 1058 Patre
834 1023 1006 1058 nostro
1031 1012 1277 1056 instanter
1302 1010 1590 1067 efflagitans
1614 1017 1646 1054 ³.
1672 1011 1799 1055 Nam

152 1100 355 1148 praeter
378 1090 689 1136 utilissimam
716 1090 863 1136 libelli
888 1089 1185 1142 doctrinam,
1222 1089 1314 1134 lioc
1348 1089 1497 1134 etiam
1533 1090 1800 1133 multorum

153 1167 305 1213 allicit
329 1167 537 1222 animos,
566 1184 842 1225 pauperum
868 1167 1179 1224 praesertim,
1208 1166 1338 1223 quod
1373 1167 1507 1211 nullo
1544 1166 1801 1223 proposito

155 1245 315 1302 pretio
341 1245 568 1291 omnibus
592 1245 823 1302 donatur;
851 1246 979 1302 quod
1006 1260 1101 1301 quo
1127 1244 1290 1289 rarius
1315 1255 1389 1289 est
1412 1243 1546 1304 hisce
1571 1243 1801 1300 tempori-

158 1323 266 1378 bus,
307 1322 353 1367 in
394 1323 570 1379 quibus
604 1331 744 1368 tanta
784 1322 1107 1380 pecuniarum
1148 1322 1254 1368 sitis
1290 1322 1512 1367 homines
1547 1321 1805 1367 excruciat

157 1409 307 1458 atque
335 1410 502 1452 vexat,
531 1402 795 1447 eo-certius
819 1401 1080 1447 charitatis
1105 1417 1252 1457 quam
1273 1401 1319 1446 in
1340 1405 1471 1456 ipsos
1491 1415 1802 1457 exercemus,

158 1479 360 1536 capiunt
378 1479 626 1525 indicium.
649 1478 937 1535 Intelligunt
956 1478 1195 1535 siquidem
1214 1478 1260 1523 id
1277 1478 1405 1535 quod
1426 1477 1485 1522 D.
1512 1477 1698 1522 Paulus
1718 1477 1800 1522 ait:

161 1572 249 1602 nos
271 1572 368 1602 non
396 1572 524 1614 quae
549 1572 639 1602 sua
662 1566 775 1602 sunt
800 1572 1064 1614 quaerere,
1102 1556 1187 1601 sed
1222 1556 1414 1613 seipsos
1449 1557 1480 1600 1.
1517 1554 1658 1600 Multi
1694 1563 1806 1600 sunt

161 1633 406 1680 distributi
430 1650 518 1691 per
542 1634 739 1691 singula
763 1635 906 1680 huius
931 1635 1065 1680 urbis
1090 1644 1191 1679 tam
1218 1633 1434 1679 fratrum
1458 1649 1607 1691 quam
1639 1649 1806 1678 mona-

163 1712 369 1758 charum
393 1712 656 1768 coenobia,
685 1713 814 1769 quod
841 1729 936 1757 non
963 1713 1266 1758 mediocrem
1290 1712 1515 1757 cumillis
1534 1712 1675 1757 nobis
1694 1727 1805 1757 con-

165 1789 349 1834 ciliauit
371 1789 789 1835 beneuolentiam.
819 1789 917 1835 Alii
943 1806 1094 1847 porro
1121 1805 1207 1847 per
1239 1789 1402 1835 uicina
1437 1790 1548 1835 huic
1582 1789 1692 1835 urbi
1728 1804 1806 1834 ca-

165 1867 308 1913 stella
333 1876 381 1913 et
416 1883 592 1925 pagos,
630 1867 693 1913 ad
727 1867 1064 1913 Mediolanum
1103 1884 1258 1924 usque
1284 1878 1331 1913 et
1355 1867 1592 1914 Galliam.
1620 1867 1808 1924 Magna

164 1960 253 1990 nos
276 1955 410 1991 tenet
435 1961 563 2004 spes,
590 1946 794 1992 labores
819 1956 969 2004 atque
990 1945 1189 2003 vigilias
1213 1956 1412 1991 nostras
1433 1962 1527 1991 non
1549 1945 1807 2003 infrugife-

165 2038 290 2081 rum‚
317 2023 406 2069 sed
432 2023 651 2069 maximo
685 2038 797 2069 curn
831 2023 1040 2069 foenore
1075 2039 1242 2069 semen
1279 2017 1580 2078 reddituras;
1619 2033 1810 2069 metere

164 2099 404 2157 siquidem
443 2100 540 2146 iam
575 2100 879 2158 incoepimus
920 2101 1049 2158 quod
1087 2117 1246 2158 nuper
1284 2100 1655 2146 seminauimus.
1699 2100 1810 2145 Non

166 2178 294 2224 enim
318 2178 494 2224 desunt
518 2179 599 2235 qui
624 2179 836 2224 lectione
860 2179 972 2224 libri
997 2178 1248 2236 commoti,
1275 2194 1417 2224 suam
1437 2179 1535 2224 iam
1556 2177 1811 2235 coeperint

169 2264 454 2302 anteactam
490 2257 728 2303 detestari
766 2257 937 2314 vitam,
975 2272 1121 2314 quam
1158 2257 1306 2313 longe
1341 2258 1404 2302 ab
1438 2257 1566 2302 illius
1596 2255 1812 2301 consiliis

170 2334 493 2380 abhorruisse
518 2334 781 2380 manifesto
807 2344 1133 2391 cognoscunt.

227 2411 269 2457 3.
337 2411 608 2458 Plurimum
632 2421 901 2469 praeterea
926 2413 1128 2458 subsidii
1155 2424 1304 2469 atque
1328 2411 1594 2458 adiumenti
1619 2427 1648 2456 a
1673 2411 1813 2457 nobis

169 2489 418 2545 praestari
453 2490 579 2535 solet
612 2489 846 2547 hispanis,
885 2489 966 2546 qui
1001 2489 1306 2547 frequentes,
1346 2501 1397 2536 ut
1435 2490 1481 2535 in
1521 2489 1814 2546 Hispaniam

170 2566 438 2624 traiiciant,
465 2567 528 2612 ad
551 2567 680 2613 hanc
703 2568 879 2613 urbem
905 2567 1159 2613 aduolant:
1188 2567 1233 2612 hi
1256 2567 1438 2624 partim
1468 2567 1646 2612 timore
1680 2566 1814 2612 naui-

173 2643 403 2702 gationis,
430 2659 559 2700 quae
589 2644 720 2701 quod
754 2644 919 2690 multis
953 2654 1028 2690 est
1061 2644 1279 2690 obnoxia
1314 2644 1564 2701 periculis,
1601 2659 1697 2689 non
1732 2659 1814 2700 pa-

174 2735 284 2766 rum
305 2721 479 2767 incutit
511 2722 740 2778 terroris,
778 2722 836 2767 iis
870 2723 1187 2781 praesertim,
1225 2723 1303 2779 qui
1340 2722 1547 2767 alicuius
1580 2731 1694 2768 sunt
1726 2722 1817 2768 sibi

175 2799 359 2845 conscii
384 2800 625 2858 criminis,
641 2800 820 2857 partim
846 2800 1161 2857 aegritudine
1185 2801 1352 2856 aliqua
1377 2800 1613 2858 correpti,
1641 2816 1815 2857 pecca-

223 2984 241 3005 ἃ
305 2980 435 3025 prius
454 2977 744 3026 efflagitatura.

223 3121 234 3141 ¹
287 3120 351 3159 Cf.
370 3120 408 3158 ΙΙ
429 3120 652 3166 Comma,
674 3121 768 3167 XII,
793 3121 848 3159 14.
