2043 3467
355 283 402 320 40
822 280 1042 318 LITTERAE
1069 280 1424 326 QUADRIMESTRES

306 377 591 424 monialium
615 375 936 433 monasteria,
964 384 1018 421 vt
1046 391 1220 421 earum
1248 383 1439 420 mentes
1472 383 1788 420 sacramento
1822 389 1932 419 con-

304 454 534 501 fessionis
558 452 892 511 purificantes,
920 452 1125 509 eloquiis
1148 450 1450 508 spiritalibus
1475 450 1684 496 firment.

363 532 406 577 7.
473 530 686 587 Quidam
710 529 835 574 alius
858 528 1011 574 Pater
1045 528 1301 574 dominicis
1335 527 1484 573 etiam
1519 527 1689 573 diebus
1727 526 1935 573 eandem

305 606 490 654 Christi
515 606 795 652 doctrinam
820 605 1108 651 carceribus
1137 605 1346 651 detentis
1377 604 1618 661 declarat,
1655 603 1795 662 cujus
1828 619 1934 661 spe-

303 684 567 731 cialissimo
598 683 781 729 auxilio
806 683 875 728 sic
898 682 1166 729 innumeris
1190 682 1462 728 sceleribus
1487 681 1764 727 obstinatos
1787 682 1934 727 emol-

303 761 371 819 lit,
400 777 459 807 ac
483 760 708 817 disponit,
736 768 790 805 vt
814 759 893 816 qui
923 768 1072 805 antea
1101 769 1359 805 cartarum
1393 759 1776 815 taxillorumque
1810 758 1949 803 ludis

304 847 353 884 et
387 838 495 883 aliis
528 836 788 882 horrendis
820 835 967 892 vitiis,
996 835 1264 882 deierando
1288 836 1431 881 simul
1456 844 1503 881 et
1528 835 1932 892 blasphemando,

303 916 683 961 delectabantur
707 913 853 970 (proh
875 912 968 958 Dei
993 912 1227 958 infinitam
1250 912 1680 968 misericordiam),
1716 911 1814 957 iam
1838 911 1936 957 iam

302 993 461 1050 ipsam
480 991 590 1037 Iesu
610 988 798 1036 Christi
811 989 1092 1035 doctrinam
1110 989 1431 1035 libentissime
1450 989 1690 1045 ediscant,
1711 989 1936 1034 enormia

302 1085 392 1115 sua
416 1068 605 1123 flagitia
629 1067 788 1113 eidem
811 1067 948 1112 Patri
973 1066 1159 1123 ingenti
1184 1066 1512 1112 detestatione
1536 1065 1842 1112 confitentes.

361 1145 403 1191 8.
474 1144 538 1190 Et
561 1143 689 1200 quod
714 1143 876 1200 magis
899 1142 1176 1188 mirandum
1195 1153 1285 1196 est,
1308 1143 1450 1199 regia
1469 1143 1576 1200 ipsa
1595 1142 1785 1197 domus,
1808 1157 1936 1198 quae

302 1223 539 1268 vitiorum
564 1220 779 1267 omnium
809 1220 1141 1266 certissimum
1170 1220 1296 1266 solet
1329 1236 1438 1266 esse
1473 1219 1788 1275 domicilium,
1826 1218 1933 1264 reli-

302 1300 462 1358 gionis
493 1314 641 1345 sacra
670 1298 844 1343 domus
874 1307 1132 1355 appareat,
1165 1313 1279 1343 narn
1303 1297 1411 1343 fere
1435 1312 1607 1342 omnes
1630 1296 1931 1342 christianis-

302 1378 457 1423 simae
480 1376 713 1433 principis
737 1377 749 1399 ¹
776 1375 986 1420 ancillae
1010 1374 1199 1420 nobiles
1229 1375 1408 1420 crebro
1442 1374 1585 1419 nimis
1619 1373 1682 1419 ad
1718 1373 1934 1430 peniten-

301 1455 401 1501 tiae
439 1462 808 1500 sacramentum
846 1452 1106 1508 accedunt;
1143 1452 1212 1497 ita
1246 1461 1299 1497 vt
1333 1451 1510 1497 Patres
1544 1451 1619 1496 bis
1653 1460 1738 1496 aut
1771 1460 1848 1496 ter
1888 1450 1934 1495 in

301 1530 615 1577 hebdomada
639 1530 685 1574 in
709 1529 840 1585 ipsas
874 1528 990 1574 edes
1024 1528 1192 1584 regias
1226 1537 1541 1583 reuocentur,
1580 1543 1703 1584 quos
1737 1527 1935 1583 saepius

303 1609 469 1655 audiui
489 1623 739 1664 nunquam
759 1622 811 1652 se
830 1606 1027 1651 illarum
1046 1621 1106 1662 pu
1116 1621 1198 1651 ras
1218 1606 1406 1651 animas
1426 1605 1623 1650 mortali
1643 1605 1754 1650 labe
1769 1620 1934 1650 macu-

302 1687 432 1731 latas
456 1684 691 1740 inuenire,
720 1683 1017 1740 quimpotius
1042 1683 1272 1728 eximium
1299 1683 1432 1728 vitae
1456 1682 1742 1738 candorem,
1766 1682 1934 1738 ingen-

301 1763 394 1808 teis
418 1763 762 1818 eleemosynas
786 1769 834 1806 et
857 1759 1041 1816 proprii
1066 1759 1292 1815 corporis
1316 1760 1576 1805 continuas
1596 1759 1935 1804 correctiones

303 1839 525 1895 aliasque
549 1838 570 1858 a
594 1836 932 1894 hujuscemodi
952 1837 1162 1881 virtutes
1186 1835 1423 1892 plurimas
1448 1836 1493 1880 in
1513 1836 1619 1892 ipsa
1638 1836 1788 1881 etiam
1808 1836 1934 1892 prin-

303 1916 410 1973 cipe
445 1915 649 1971 idipsum
683 1915 819 1959 clare
854 1912 1194 1970 prospicimuS,
1223 1928 1349 1969 quae
1373 1913 1514 1957 simul
1538 1928 1649 1958 cum
1673 1912 1935 1958 clarissimi

303 1992 475 2048 Philipi
500 1990 752 2047 vnigenito
778 1989 965 2035 Carolo
990 1989 1223 2034 eximium
1248 2004 1373 2046 erga
1404 2005 1492 2034 nos
1523 2005 1747 2035 amorem
1781 1989 1934 2035 conti-

302 2069 410 2115 nuis
445 2067 771 2124 eleemosynis
805 2065 1010 2122 aliisque
1044 2065 1422 2111 beneuolentiae
1457 2065 1747 2112 certissimis
1782 2066 1935 2122 signis

303 2147 349 2191 in
373 2145 477 2190 dies
500 2144 660 2200 magis
684 2159 744 2188 ac
766 2143 927 2199 magis
951 2142 1214 2187 ostendunt
1238 2144 1269 2187 2.

293 2250 295 2252 -
360 2218 415 2267 9.’
471 2221 552 2266 Ad
585 2219 691 2277 ipsa
724 2219 923 2265 tandem
957 2235 1232 2276 pauperum
1272 2220 1551 2265 communia
1589 2219 1801 2277 hospitia
1839 2220 1933 2266 fre-

304 2307 510 2356 quenter
539 2297 687 2354 aliqui
715 2297 974 2342 mittuntur
998 2296 1192 2352 PatreS,
1219 2304 1320 2341 tum
1345 2305 1398 2342 vt
1421 2297 1553 2353 ipsos
1578 2296 1797 2342 infirmos
1822 2313 1935 2342 con-

304 2375 497 2421 fitentes
521 2375 568 2420 in
590 2373 888 2420 necessariis
922 2372 1166 2429 erudiant,
1204 2382 1307 2418 tum
1342 2373 1491 2418 etiam
1527 2383 1579 2418 vt
1614 2374 1712 2418 alia
1746 2374 1934 2419 miseri-

305 2452 504 2498 cordiae
534 2466 688 2508 opera
713 2451 887 2507 quibus
911 2450 1036 2495 haec
1058 2458 1230 2494 nostra
1254 2448 1483 2495 Societas
1507 2450 1783 2496 comuniter
1805 2451 1933 2496 solet

304 2528 576 2586 assuefieri,
602 2543 727 2584 erga
751 2527 857 2572 illos
881 2536 1166 2572 exerceant.

367 2606 434 2652 10.
508 2605 729 2650 Plurima
773 2604 870 2650 alia
913 2619 1108 2660 possem
1152 2618 1438 2661 recensere3
1486 2604 1722 2650 breuitati
1768 2613 1934 2650 tamen

305 2682 522 2740 studens,
563 2698 624 2728 ne
663 2681 902 2739 epistolae
939 2680 1118 2726 limites
1155 2680 1443 2737 transgredi
1479 2680 1669 2738 videar,
1707 2681 1933 2727 consulto

305 2759 486 2805 omissi.
529 2758 786 2804 Hactenus
824 2766 992 2803 autem
1031 2772 1061 2802 a
1105 2772 1182 2802 me
1221 2765 1484 2815 Vtcumque
1529 2757 1778 2815 explicata
1821 2766 1934 2804 sunt

353 2902 372 2920 a
422 2913 526 2948 quae
546 2912 626 2938 ms.

356 3033 367 3051 ¹
415 3031 573 3078 joanna
593 3031 826 3074 Austriaca,
849 3029 989 3067 Caroli
1008 3028 1051 3066 V
1069 3028 1164 3072 filia,
1185 3029 1409 3077 Hispaniae
1429 3030 1706 3077 gubernatrix.

356 3091 368 3110 ²
419 3090 652 3135 POLANCUS,
674 3090 842 3134 Chrou„
863 3089 917 3135 V,
938 3089 984 3126 47
1002 3094 1042 3126 et
1060 3088 1228 3125 424-425.
