1966 3540
771 315 1003 340 l‘RAElsA‘ilo
1589 317 1651 341 XX!

161 400 400 458 Jamvero
420 400 657 456 epistolae
683 401 893 444 Romam
920 400 1098 445 missae
1124 409 1171 445 et
1197 401 1239 444 in
1271 400 1484 455 reliquas
1509 402 1698 457 provin

70 480 171 524 cias
206 478 480 524 destinatae
516 493 610 523 non
646 477 780 535 prius
816 478 977 523 Roma
1013 478 1350 534 mittebantur,
1378 493 1526 534 quam
1558 495 1587 523 a
1616 479 1699 523 Po*

73 556 233 611 laneo,
276 555 314 600 si
356 570 479 611 opus
520 549 653 610 erat,
687 555 1084 600 emendarentur.
1127 554 1423 601 Lectoribus
1464 571 1550 599 nos
1599 571 1698 599 rem

73 643 271 687 gratam
296 647 388 677 nec
413 631 630 677 inutilem
665 631 888 676 facturos
923 631 1218 687 putavimus,
1247 631 1284 676 si
1310 631 1565 687 utriusque
1599 641 1701 676 tex-

71 719 148 755 tus
172 707 503 765 cognitionem
539 708 630 753 illis
664 708 1039 765 praeberemus,
1067 708 1295 754 exhibitis
1320 709 1365 753 in
1392 709 1488 754 ima
1519 710 1703 766 pagina

74 785 501 831 emendationibus
535 784 856 842 polancianis,
884 785 929 830 in
954 794 1093 831 textu
1127 795 1292 831 autem
1329 786 1511 832 notatis
1536 787 1703 832 italica

73 863 351 908 litterarum
378 862 539 908 forma
564 862 730 908 verbis
754 879 783 908 a
808 862 1024 908 Polanco
1049 863 1235 909 deletis.

163 939 434 985 Praeterea
468 955 577 984 cum
612 955 699 996 per
734 939 840 985 illos
875 955 1032 985 annos
1056 951 1289 986 auctores
1314 941 1504 996 hispani
1527 951 1573 986 et
1598 941 1699 987 itali

74 1018 292 1074 linguam
324 1017 412 1063 sibi
443 1017 763 1062 domesticam
799 1017 844 1062 in
879 1017 1150 1063 scribendis
1184 1017 1359 1063 litteris
1393 1018 1701 1074 adhiberent,

74 1094 316 1140 interdum
345 1110 463 1139 vero
488 1103 574 1140 aut
597 1094 686 1151 ipsi
711 1103 943 1140 auctores
968 1094 1117 1140 latine
1141 1103 1189 1140 et
1214 1095 1484 1141 vernacule
1518 1095 1699 1141 scribe-

76 1181 185 1217 rent
223 1183 307 1217 aut
347 1172 580 1228 epistolas
615 1171 813 1217 easdem
850 1172 974 1217 alius
1009 1171 1157 1218 latine
1193 1181 1429 1228 verteret;
1468 1172 1706 1229 ancipites

76 1249 322 1294 haesimus
345 1248 647 1305 aliquandiu,
669 1249 989 1306 expediretne
1014 1250 1176 1305 magis
1199 1260 1386 1295 textum
1412 1250 1615 1296 latinum
1641 1266 1702 1295 an

76 1325 400 1372 vernaculum
426 1326 554 1383 typis
579 1326 862 1372 describere
898 1326 1029 1383 (nam
1055 1335 1319 1385 utrumque
1343 1336 1550 1384 textum,
1578 1336 1630 1373 ut
1654 1328 1699 1373 in

72 1404 230 1460 prima
265 1403 377 1449 olim
413 1403 541 1449 serie
575 1403 796 1457 fecimus,
821 1403 1074 1461 exhibere,
1101 1421 1197 1449 non
1232 1405 1391 1450 visum
1417 1414 1491 1451 est
1515 1421 1701 1462 operae

71 1481 316 1537 pretium).
344 1480 412 1526 Ut
436 1480 640 1527 latinum
665 1489 854 1526 textum
880 1481 1269 1539 praeferremus,
1296 1482 1541 1529 suadebat
1574 1498 1701 1528 com-

69 1557 262 1603 munior
285 1558 414 1603 forte
440 1559 680 1603 lectorum
711 1567 999 1603 nostrorum
1035 1559 1217 1604 latinae
1241 1559 1441 1617 linguae
1466 1560 1700 1617 cognitio,

71 1636 394 1681 vernaculum
429 1644 596 1681 tamen
631 1635 737 1681 fere
772 1636 1111 1692 praetulimus,
1139 1636 1251 1694 quia
1286 1637 1459 1682 melius
1493 1638 1697 1695 propria

70 1713 240 1769 lingua
264 1713 412 1758 animi
437 1729 611 1758 sensus
645 1713 1007 1770 exprimuntur,
1034 1713 1227 1759 facilius
1263 1730 1430 1760 rerum
1455 1724 1503 1761 et
1527 1731 1693 1772 perso-

69 1805 246 1836 narum
287 1799 446 1836 status
486 1801 532 1836 et
561 1791 875 1836 conditiones
920 1791 1220 1848 referuntur,
1264 1792 1455 1849 plenius
1494 1803 1702 1838 eventus

71 1877 391 1925 enarrantur,
420 1869 853 1914 Monumentorum
889 1885 1011 1914 vero
1045 1878 1329 1915 nostrorum
1368 1870 1578 1916 lectores
1603 1871 1703 1927 plu-

70 1945 221 1991 rimos
245 1945 440 1990 illarum
466 1945 748 2002 linguarum
773 1946 961 2003 peritos
985 1962 1111 2004 esse,
1139 1947 1318 2003 partim
1345 1947 1537 2004 experti
1568 1948 1701 1992 novi-

70 2037 193 2079 mus,
220 2023 402 2079 partim
424 2038 521 2068 non
545 2022 648 2068 sine
674 2032 814 2069 certa
840 2024 1032 2070 ratione
1057 2023 1347 2082 conjectura
1384 2025 1623 2082 capimus.
1652 2025 1703 2071 Si

67 2109 232 2164 tamen
256 2099 303 2144 in
328 2108 467 2145 textu
491 2100 641 2145 latino
676 2101 857 2158 aliquid
882 2101 1174 2155 invenimus,
1202 2103 1332 2158 quod
1355 2101 1401 2147 in
1427 2104 1700 2148 vernaculo

69 2192 166 2222 non
191 2177 516 2234 reperiretur,
545 2177 644 2223 suis
668 2178 714 2223 id
739 2178 860 2224 locis
884 2178 1248 2225 annotavimus.

157 2252 390 2311 Singulas
414 2254 666 2311 epistolas,
689 2255 752 2300 ad
775 2254 1050 2301 faciliorem
1075 2272 1216 2301 usum
1239 2256 1560 2312 reddendum,
1585 2255 1701 2300 mul-

68 2331 128 2376 tis
152 2331 489 2388 paragraphis
522 2331 848 2389 distinximus,
876 2332 1054 2379 additis
1079 2333 1228 2379 etiam
1260 2349 1581 2379 numerorum
1618 2348 1701 2377 no-

68 2408 144 2464 tis,
172 2423 283 2453 cum
307 2408 414 2465 ipsa
438 2418 773 2464 monumenta,
802 2418 853 2455 ut
876 2419 1045 2455 notum
1080 2420 1169 2468 est,
1197 2427 1445 2468 nunquam
1471 2411 1544 2456 his
1574 2409 1702 2456 notis

68 2484 451 2541 distinguantur,
478 2501 629 2542 saepe
653 2486 782 2532 omni
807 2486 912 2532 fere
936 2487 1329 2544 interpunctione
1353 2496 1575 2533 careant.

157 2561 398 2619 Denique,
425 2562 470 2607 id
496 2563 624 2619 quod
647 2562 748 2620 jam
771 2580 833 2609 ex
858 2563 1001 2622 hujus
1037 2565 1298 2611 voluminis
1322 2566 1463 2610 titulo
1487 2575 1699 2620 constat,

69 2638 338 2684 omittimus
357 2640 506 2685 etiam
530 2656 660 2686 nunc
683 2640 917 2697 epistolas
936 2642 1123 2688 indicas
1146 2651 1193 2688 et
1218 2642 1551 2699 brasilienses,
1575 2658 1702 2698 quae

70 2731 167 2760 una
191 2731 302 2761 cum
328 2717 527 2773 reliquis
551 2717 613 2763 ad
637 2718 893 2764 missiones
927 2720 1289 2765 transmarinas
1323 2719 1697 2776 pertinentibus,

70 2793 323 2849 propriam
357 2794 536 2839 seriem
570 2793 757 2851 jamdiu
791 2812 820 2841 a
855 2796 1021 2842 multis
1056 2806 1389 2853 expectatam,
1416 2800 1512 2842 nOn
1546 2798 1700 2843 multo

68 2879 179 2926 post
202 2880 443 2928 tempore,
472 2872 579 2918 Deo
604 2873 793 2929 coeptis
822 2874 1004 2919 nostris
1029 2874 1247 2930 favente,
1274 2874 1599 2931 proferemus.
1627 2875 1700 2920 In-

67 2946 212 2992 terim
236 2947 308 2993 his
333 2948 781 3005 quadrimestribus
815 2959 972 3006 utere,
1011 2951 1223 3006 prudens
1247 2950 1421 3008 lector,
1450 2961 1497 2997 et
1522 2953 1635 2998 vale
1661 2954 1692 2998 ¹.

118 3055 126 3073 ¹
181 3053 351 3091 Codices
370 3055 411 3091 in
431 3055 503 3091 hoc
524 3056 729 3092 volumine
748 3057 929 3103 usurpati
950 3068 1073 3103 penes
1100 3056 1346 3094 Societatem
1369 3058 1469 3105 Jesu
1497 3064 1588 3095 sunt
1617 3058 1701 3095 fere

70 3125 222 3150 omnes.
244 3113 396 3151 Eorum
416 3114 601 3151 notitiam
620 3115 662 3151 in
681 3114 758 3152 fine
778 3115 975 3152 invenies.
