1909 3328
257 281 327 317 660
724 279 942 315 LITTERAE
969 277 1324 323 QUADRIMESTRES

212 376 355 432 copia
384 377 395 400 ¹
422 376 466 420 in
502 391 591 420 sua
625 375 796 420 schola
832 375 1139 431 prelecturus
1173 382 1263 428 est,
1293 371 1557 417 admodum
1594 380 1642 415 et
1676 385 1843 426 gram-

213 453 445 498 maticam
470 452 559 498 sibi
585 452 693 497 dari
718 452 866 508 cupit.
894 451 962 496 At
996 450 1141 496 finem
1175 449 1357 494 faciam
1381 449 1419 494 si
1445 448 1562 493 illud
1586 464 1735 493 unum
1762 447 1842 492 ad-

213 530 400 586 didero,
429 529 557 585 quod
582 529 811 574 iuuentus
835 537 1007 573 nostra
1031 527 1121 572 sibi
1147 526 1276 571 ultro
1301 526 1439 582 leges
1464 523 1774 582 praescribit,
1797 532 1846 569 et

215 623 243 652 a
267 606 406 652 nobis
431 607 552 663 petit
575 615 629 652 ut
652 607 1002 663 approbemus.

304 684 444 733 Oret,
473 685 699 742 obsecro,
733 684 801 729 V.
838 683 918 739 R.,
945 698 1055 728 cum
1090 681 1324 727 Patribus
1348 690 1396 726 et
1420 680 1662 726 fratribus
1696 680 1846 725 omni-

215 763 321 816 bus,
349 762 527 818 Deum,
564 771 614 807 vt
650 761 778 818 quod
814 760 977 816 coepit
1011 758 1237 816 perficiat
1271 759 1333 803 ad
1368 757 1509 803 suam*
1544 757 1754 814 gloriam
1801 765 1849 801 et

215 855 485 896 oppressae
510 837 815 885 Germaniae
840 838 1199 884 liberationem.
1235 836 1378 881 Vale.
1407 835 1665 892 Coloniae,
1691 834 1849 891 pridie

217 918 322 962 idus
347 917 480 973 Maii,
508 932 638 962 anno
665 916 793 962 1558.

292 994 647 1040 Committente
666 994 726 1040 R.
749 993 802 1039 P.
825 992 1092 1038 Leonardo
1109 990 1282 1037 Cessel
1305 991 1410 1048 [Sic]
1431 992 1462 1047 2,
1485 990 1680 1046 scripsit
1698 989 1764 1034 V.
1786 989 1846 1034 R.

217 1088 395 1118 seruus
419 1072 662 1129 minimus,

1107 1154 1338 1213 JOANNES
1374 1152 1604 1198 RETHIUS
1638 1152 1670 1196 3.

308 1271 599 1327 Descriptio.
640 1273 666 1322 †
704 1268 1006 1314 Reverendo
1046 1267 1092 1312 in
1133 1266 1334 1312 Christo
1380 1266 1515 1311 Patri
1554 1265 1617 1311 D.
1660 1264 1853 1325 Jacobo

220 1348 490 1404 Laynezio,
517 1346 781 1392 Societatis
804 1345 923 1405 Jesu
947 1344 1170 1401 generali
1197 1343 1404 1389 vicario.

308 1425 427 1471 Alia
452 1439 630 1470 mann.
658 1423 897 1468 Mandata
923 1438 950 1467 a
976 1422 1193 1478 Vienna,
1222 1421 1429 1466 Loreto.

310 1502 488 1560 Sigillz'
508 1501 805 1559 vestigium.

994 1703 1088 1753 167

672 1822 730 1868 P.
767 1821 1133 1867 RAPHAEL
1168 1820 1410 1866 RIERA

761 1927 957 1954 LAUREro
987 1918 1029 1953 15
1055 1927 1149 1963 MAJI
1179 1916 1270 1953 1558
1296 1916 1321 1953 ⁴.

225 2005 256 2040 1.
276 2003 343 2040 De
360 2005 610 2039 nostrornm
626 2000 839 2047 profectu,
858 2002 1054 2037 maxime
1064 2003 1162 2045 post
1178 2000 1382 2036 exercitia
1400 1999 1657 2045 spiritualia
1673 1998 1728 2035 de
1742 2009 1861 2035 more

293 2061 578 2109 pernam—2.
602 2061 669 2098 De
683 2061 962 2098 concionibus
978 2063 1019 2096 et
1030 2060 1085 2096 de
1100 2059 1424 2105 confessionum
1441 2062 1480 2096 et
1495 2059 1859 2096 communionum

298 2121 732 2161 multz'tzstdz·ne.—3-5.
756 2120 1008 2157 Illnstm'nnz
1028 2121 1226 2157 virorum
1245 2120 1531 2156 visitationes.

291 2213 329 2258 1.
396 2219 424 2268 †
455 2211 563 2257 Pax
596 2211 693 2266 Xi.,
721 2221 813 2256 etc.
843 2209 1138 2255 Essendomi
1172 2218 1304 2254 stato
1339 2209 1552 2266 imposto
1587 2209 1649 2254 da
1683 2209 1730 2253 la
1764 2217 1857 2254 sta.

229 2291 489 2336 ubidienza
512 2289 637 2334 ch’io
662 2288 857 2334 douessi
881 2303 911 2332 a
934 2287 1078 2344 pieno
1103 2287 1438 2344 ragguagliar
1461 2288 1510 2332 la
1532 2287 1592 2332 R.
1622 2285 1688 2332 V.
1717 2285 1762 2331 di
1787 2285 1861 2331 cio

230 2371 320 2415 che
354 2384 443 2426 per
481 2368 550 2426 gli
583 2367 739 2413 nostri
774 2366 813 2412 si
848 2369 875 2412 e
913 2374 1124 2423 operato
1159 2367 1205 2411 in
1240 2375 1413 2423 questo
1452 2381 1573 2411 smo.
1611 2365 1762 2421 luogo
1795 2363 1863 2420 gli

231 2456 432 2504 quattro
456 2445 686 2503 prossimi
710 2444 896 2502 passati
931 2444 1051 2490 mesi
1085 2460 1114 2489 a
1148 2444 1311 2501 gloria
1335 2444 1413 2489 del
1436 2443 1621 2500 Signor
1654 2441 1791 2487 Iddio
1815 2449 1863 2486 et

281 2616 289 2634 ¹
342 2614 523 2660 Intelligi
542 2613 703 2650 videtur
720 2613 825 2650 liber
846 2612 932 2649 «De
951 2616 1123 2658 utraque
1150 2611 1266 2658 copia
1293 2610 1509 2648 verborum
1528 2615 1569 2647 et
1586 2622 1723 2647 rerum
1751 2621 1866 2657 prae·

233 2679 369 2721 cepta»
455 2687 479 2710 a
497 2673 545 2710 P.
571 2673 717 2710 Frusio
736 2672 922 2719 scriptus.

281 2734 294 2753 ²
346 2734 453 2771 Vide
473 2747 566 2781 pag.
587 2734 622 2779 4,
643 2738 783 2770 annot.
809 2733 844 2771 3.

281 2794 293 2813 ³
346 2793 413 2831 Cf.
439 2807 532 2841 pag.
552 2793 634 2838 237,
657 2798 794 2830 annot.
819 2794 851 2830 1.
1904 2823 1907 2825 .

282 2854 295 2873 ⁴
346 2853 408 2890 Ex
426 2853 615 2899 originali
635 2853 676 2889 in
695 2853 830 2890 codice
857 2853 985 2889 Rom.
1007 2851 1091 2889 126
1107 2851 1156 2896 A,
1189 2849 1212 2886 2
1229 2850 1286 2895 ff„
1319 2863 1386 2887 nn.
1418 2849 1477 2887 56.
1509 2849 1569 2895 57;
1598 2849 1709 2896 prius
1730 2848 1784 2894 12,
1808 2847 1862 2885 13.

235 2913 449 2950 Praecedit
468 2914 699 2960 exemplum
718 2913 890 2949 latinum
908 2912 949 2949 in
968 2910 1009 2948 ff.
1030 2911 1089 2957 54,
1109 2910 1169 2953 55;
1189 2910 1301 2957 prius
1325 2909 1384 2947 80.
1414 2909 1560 2946 Exstat
1586 2909 1865 2956 apographum

235 2973 403 3009 latinum
424 2974 465 3009 in
484 2974 648 3010 archivo
675 2973 895 3010 coloniensi
923 2972 1029 3019 quod
1055 2970 1156 3007 falso
1187 2970 1334 3007 dieitur
1364 2970 1503 3007 datum
1529 2969 1661 3006 idibus
1683 2967 1866 3016 Januarii

238 3032 340 3069 1558.
362 3032 431 3068 Ad
450 3034 603 3070 calcem
624 3033 800 3080 exempli
820 3031 1032 3079 originalis
1056 3030 1173 3067 latini
1200 3030 1358 3067 dicitur:
1396 3029 1615 3066 «Mandata
1641 3042 1665 3066 a
1691 3028 1866 3070 Vienna,

236 3091 417 3139 Spagmz,
438 3092 687 3139 Portogallo,
709 3092 897 3136 Francia,
920 3091 1111 3135 Fiandra,
1131 3090 1263 3134 Italia,
1285 3089 1434 3137 Napoli
1453 3095 1493 3127 et
1512 3089 1688 3127 Sicilia.»
