1950 3348
1945 119 1950 151 l

312 206 382 241 330
787 205 1006 242 L1r'rERAE
1033 206 1386 251 QUADmMEsTRes
1887 217 1890 219 “
1946 194 1950 272 ξ

266 299 447 344 eadem
473 300 743 345 charitatis
766 304 813 344 et
831 300 1045 356 pletatis
1068 299 1246 356 officia
1269 299 1454 344 vinctis
1472 303 1765 356 praestant,
1802 299 1908 344 eis--

265 390 361 432 que
387 376 584 433 afolzle
608 376 829 433 publico,
865 377 914 421 si
944 382 1076 432 Opus
1109 379 1198 428 est,
1236 389 1429 432 aquam
1463 379 1690 431 portant.
1729 375 1910 431 Atque·

266 452 414 497 etiam
450 468 799 508 nonnunquam
835 469 919 498 eos
957 453 1187 508 inuisunt,
1225 452 1304 507 qui
1340 452 1620 507 elephantia
1654 450 1893 496 afflictan-

264 537 361 584 tur,
403 544 675 584 eorumque
715 540 923 584 peccata
963 529 1182 574 audiunt:
1226 543 1348 584 quos
1383 539 1431 572 et
1464 529 1765 573 consolando
1798 544 1902 574 non⁴

264 605 580 650 mediocriter
605 605 667 649 ad
692 606 975 661 patientiam
1000 604 1315 660 confirmant,
1344 614 1391 649 et
1422 605 1729 649 cohortando
1764 620 1907 650 men--

263 690 338 725 tes
372 681 589 737 ipsorum
624 681 686 725 ad
720 682 1047 726 certissimam
1083 696 1221 737 spem
1256 680 1641 725 immortalitatis
1675 681 1904 737 erigunt>v

263 758 341 803 Ex
366 774 461 814 quo
486 757 537 802 lit
562 767 613 802 vt
637 773 746 802 cum
771 758 884 803 nihil
916 759 1045 815 quod
1080 758 1142 802 ad
1178 758 1399 802 homines
1433 758 1676 803 iuuandos
1710 758 1906 803 animo--

262 850 469 891 rumque
494 835 704 879 salutem
728 845 934 892 spectet,
963 851 992 880 a
1017 835 1199 879 nostris
1230 834 1675 892 praetermittatur,
1707 836 1908 880 nullum..

262 912 325 956 ab
344 911 616 955 huiusmodi
637 911 1046 967 occupationibus
1067 911 1422 960 honestissimis
1441 911 1648 967 Deoque
1671 911 1891 967 gratissi·

262 989 352 1033 mis
385 999 578 1045 tempus
612 1004 824 1033 vacuum
849 989 926 1034 sit.
960 988 1049 1033 His
1075 998 1242 1033 autem
1276 987 1322 1033 in
1347 988 1559 1045 negotiis
1594 1004 1705 1034 cum
1740 989 1900 1035 multa

260 1064 367 1109 fere
411 1065 588 1109 cotidie
633 1080 817 1120 magna
851 1076 899 1110 et
931 1081 1062 1110 noua
1096 1064 1297 1110 euenire
1331 1066 1540 1122 soleant,
1577 1076 1742 1110 tamen
1778 1066 1906 1122 quia.

262 1142 425 1186 onmia
450 1142 700 1198 sigillatim
725 1143 1039 1198 perscribere
1065 1158 1159 1186 non
1185 1157 1461 1199 possumus,
1495 1157 1554 1187 ea
1589 1142 1764 1187 iudicio
1788 1153 1898 1200 tuo,

262 1219 535 1263 cuiusmodi
560 1219 670 1273 sint,
699 1219 1009 1264 aestimanda
1034 1219 1369 1276 relinquimus.

321 1300 362 1342 ὅ.
427 1296 506 1341 Ad
542 1296 806 1341 conciones
841 1312 979 1353 vero,
1017 1312 1144 1352 quae
1179 1296 1237 1340 de
1277 1295 1504 1341 doctrina
1543 1296 1813 1341 christiana
1846 1296 1899 1342 in.

260 1374 441 1429 templo
467 1382 652 1427 nostro,
680 1374 804 1418 hora
828 1383 938 1429 post
968 1373 1221 1418 meridiem
1257 1382 1453 1429 quarta,
1491 1373 1754 1428 habentur,
1793 1389 1889 1418 ma-

260 1466 361 1507 gna
413 1450 634 1495 virorum
685 1466 745 1495 ac
790 1450 1048 1495 mulierum
1092 1450 1374 1506 frequentia
1418 1450 1662 1504 conuenit,
1710 1465 1905 1506 easque—

260 1526 409 1572 etiam
446 1527 710 1583 diligenter
745 1527 948 1571 audiunt
983 1526 1012 1571 ii
1046 1542 1156 1571 cum
1191 1527 1433 1582 singulari
1469 1527 1744 1572 animorum
1784 1542 1903 1572 suo--

260 1620 368 1648 rum
393 1603 558 1649 fructu
594 1614 640 1649 et
664 1604 893 1661 Vtilitate,
932 1604 1010 1660 qui
1045 1604 1091 1648 in
1125 1616 1297 1648 nostro
1333 1604 1544 1660 collegio
1580 1604 1886 1649 erudiuntur.

259 1680 361 1725 Isis
394 1694 517 1738 ergo
552 1681 777 1725 breuiter
809 1677 1014 1737 notatis,
1052 1681 1202 1725 venio
1237 1681 1309 1725 (ch
1340 1695 1401 1725 ea
1435 1695 1568 1737 qnae
1602 1681 1776 1737 magis
1810 1681 1903 1726 dom

261 1759 474 1802 messim
499 1761 548 1802 et
570 1758 819 1802 interiora
843 1762 980 1802 sunt.

319 1834 360 1880 9.
431 1833 616 1880 Omnes
641 1847 806 1879 autem
834 1835 965 1879 domi
990 1850 1042 1879 se
1067 1844 1269 1879 strenue
1304 1835 1347 1878 in
1385 1850 1473 1879 suo
1500 1834 1704 1890 quisque
1728 1850 1902 1879 mune—

261 1926 315 1955 re
341 1922 594 1967 exercent,
633 1913 933 1968 regulasque
968 1922 1165 1956 nostras
1200 1912 1474 1956 obseruare
1510 1926 1655 1967 quam
1691 1910 1899 1967 diligen--

261 1988 446 2033 tissime
471 1988 774 2046 adnituntur3
802 2003 959 2046 eoque
984 1990 1159 2046 veagis
1189 1988 1326 2045 qnod
1355 1989 1416 2033 sci¹
1434 2002 1537 2045 qna
1571 1988 1904 2045 neglegentia·

263 2066 344 2110 vel
365 2066 586 2110 minima
616 2066 892 2110 comlm‘sssz
924 2070 1011 2122 cst,
1040 2065 1170 2110 m‘ln‘l
1197 2066 1419 2110 inultum
1453 2065 1674 2122 relinqui
1703 2065 1899 2110 vident„

261 2142 329 2188 Et
351 2143 596 2200 qnanzztis
620 2143 691 2187 ita
714 2143 796 2199 sit,
833 2147 1007 2187 tamnen
1041 2158 1134 2187 non
1172 2154 1273 2187 tam
1311 2158 1500 2198 poenae
1535 2141 1712 2187 timore
1747 2156 1889 2198 quam

263 2218 582 2275 professionis
607 2234 726 2263 suae
751 2235 924 2264 amore
949 2220 1246 2264 incitantur.

324 2296 391 2341 10.
458 2295 689 2340 Nonnulli
716 2311 836 2340 vero
866 2296 960 2340 hac
995 2305 1186 2340 aestate
1220 2295 1447 2352 grauiter
1471 2303 1816 2351 aegrotarunt,
1844 2294 1899 2339 im

262 2373 436 2429 quibus
470 2372 560 2417 fuit
594 2372 837 2428 magister
870 2371 1096 2429 Ignatius
1121 2374 1152 2428 1,
1180 2372 1258 2428 qui
1294 2371 1653 2427 philosophiam
1678 2385 1886 2427 expone-

262 2451 360 2495 bat.
407 2450 602 2495 Verum
646 2465 816 2494 omnes
859 2451 1238 2505 conualuerunt,
1287 2465 1383 2495 vno
1433 2460 1602 2494 tamen
1646 2449 1907 2505 magistros

259 2527 454 2583 Ignatio
480 2537 706 2582 excepto,
735 2526 813 2582 qui
838 2527 1052 2571 nondum
1077 2526 1221 2582 plane
1245 2542 1270 2570 e
1300 2527 1474 2571 morbo
1499 2535 1573 2571 est
1607 2533 1883 2571 recreatus.

259 2602 431 2659 Quare
455 2603 579 2648 alius
603 2603 797 2648 interim
821 2602 981 2647 frater
1006 2603 1050 2647 in
1076 2604 1237 2648 locum
1263 2602 1389 2647 illius
1414 2602 1669 2658 successit,
1707 2601 1788 2657 qui
1822 2600 1898 2646 di·-

261 2679 460 2735 scipulis
485 2695 677 2735 quoque
702 2679 847 2724 valde
871 2679 1050 2735 placet.

323 2756 389 2800 11.
452 2756 646 2812 Reliqui
672 2765 837 2801 autem
862 2756 1090 2812 magistri
1115 2756 1289 2800 eadem
1314 2764 1362 2800 et
1386 2755 1639 2811 diligentia
1669 2762 1716 2799 et
1751 2752 1898 2799 disci-.-

259 2833 489 2888 pulorum
524 2832 885 2889 approbatione
920 2847 980 2878 ac
1013 2833 1358 2878 beneuolentia
1392 2847 1566 2877 munus
1600 2847 1741 2876 suum
1776 2845 1896 2876 exe-

307 3011 317 3029 ¹
372 3009 430 3046 M.
452 3009 634 3056 Ignatius
654 3009 856 3045 Martinez
876 3007 1095 3052 (Martins).
1118 3007 1226 3044 Vide
1247 3021 1381 3054 supra,
1403 3020 1497 3055 pag.
1518 3006 1600 3044 323.
