1900 3380
537 214 860 253 171.-C0L0›11A
885 214 927 251 31
958 212 1067 260 MAJI
1097 211 1189 249 1558
1569 207 1639 246 689

52 330 162 360 rum
187 313 561 372 gymnasiorum
593 321 820 358 rectores
857 318 891 357 ³.
930 310 1265 357 Embricensis
1300 318 1469 355 rector
1505 311 1517 333 ¹
1554 317 1689 354 totus

52 400 219 437 noster
244 400 333 447 est,
362 400 415 436 vt
439 401 486 435 et
510 390 712 436 scholae
738 390 1184 435 bartholomeanae
1208 389 1240 433 2.
1278 387 1688 433 Buscoducenses

51 469 280 526 magistri
305 469 447 514 nobis
471 468 619 514 etiam
643 467 831 525 fauent,
860 476 912 512 vt
937 466 1090 512 literis
1115 466 1178 511 ad
1203 481 1291 510 nos
1322 465 1482 510 missis
1506 463 1689 520 optime

51 547 390 603 declararunt,
419 546 635 591 libellum
659 561 872 602 namque
897 544 958 589 R.
986 543 1039 589 P.
1067 543 1304 588 Andreae
1325 542 1506 599 Frusii‚
1529 543 1690 587 bonae

54 625 342 680 memoriae,
371 625 428 669 dc
453 623 596 679 copia
621 622 687 668 illi
710 638 832 668 suae
858 621 1098 668 iuuentuti
1122 622 1232 666 loco
1266 619 1579 666 erasmianae
1611 634 1688 664 co-

53 702 162 759 piae
188 703 498 759 praelegent;
526 701 656 759 quod
680 701 807 747 idem
842 700 889 745 in
923 699 1220 745 embricensi
1256 699 1426 744 schola
1461 697 1557 743 fiet.
1595 697 1689 742 Fo-

54 788 170 825 ueat
196 780 438 825 Dominus
463 780 569 836 pios
595 779 811 824 omnium
836 788 1046 823 conatus
1071 777 1106 821 ¹³.

113 858 156 903 5.
224 857 413 903 Diebus
452 857 549 902 iam
574 856 931 914 praeterlapsis
972 871 1098 900 vnus
1133 870 1195 900 ex
1229 855 1413 900 nostris
1437 861 1453 880 ⁰
1484 868 1688 910 praece-

52 935 277 993 ptoribus
302 935 509 991 publicis
533 933 883 991 philosophicis
908 932 1320 990 disputationibus
1346 931 1561 988 praefuit
1586 947 1686 976 ma-

52 1029 152 1071 gno
177 1013 395 1058 omnium
419 1013 597 1059 fauore
622 1022 670 1058 et
694 1013 953 1070 applausu:
983 1011 1215 1057 continuo
1241 1022 1407 1056 autem
1433 1011 1496 1055 ab
1519 1009 1645 1054 hora
1664 1009 1690 1053 7

53 1107 208 1148 vsque
233 1091 296 1136 ad
323 1091 372 1136 ll
401 1092 703 1148 disputatum
729 1099 817 1136 est.
845 1089 1075 1135 Accessit
1100 1088 1335 1146 postridie
1360 1087 1690 1134 cancellarius

53 1169 190 1215 ducis
213 1169 544 1215 Pomeraniae
575 1170 590 1193 3
625 1169 688 1214 ad
721 1184 827 1225 nos,
866 1168 945 1225 qui
979 1167 1256 1224 disputatas
1292 1166 1610 1224 quaestiones
1644 1174 1691 1210 et

51 1247 357 1292 assertiones
381 1246 471 1292 sibi
496 1247 606 1292 dari
629 1247 845 1303 petebat3
874 1245 1004 1303 quod
1034 1261 1145 1290 cum
1179 1244 1487 1300 fecissemus,
1524 1258 1692 1288 acces-

52 1334 223 1370 serunt
245 1323 264 1350 ‘¹
289 1324 464 1370 eodem
489 1324 651 1370 adhuc
675 1324 752 1369 die
777 1323 984 1369 comites
1015 1323 1219 1381 aliquot,
1248 1321 1424 1379 quibus
1458 1337 1547 1366 nos
1572 1321 1690 1365 mul-

52 1412 153 1448 tum
178 1401 563 1460 commendauit,
601 1402 819 1459 dixitque
854 1402 983 1447 inter
1017 1411 1223 1447 caetera
1258 1400 1306 1445 in
1345 1400 1438 1446 hoc
1478 1398 1690 1455 collegio

52 1497 148 1526 non
172 1481 263 1526 nisi
287 1481 462 1527 doctos
486 1481 624 1526 viros
648 1496 701 1526 se
725 1480 988 1526 inuenisse.

109 1558 152 1604 ξ).
219 1558 342 1615 Ipsis
366 1558 587 1604 calendis
611 1558 727 1604 Maii
752 1558 846 1603 hac
864 1557 1080 1603 Romam
1100 1556 1408 1602 transierunt
1427 1555 1588 1600 frater
1607 1570 1690 1599 no-

53 1646 155 1681 ster
179 1635 447 1682 Anselmus
472 1652 570 1681 vna
595 1651 705 1681 cum
729 1635 826 1681 filio
851 1634 916 1680 M.
945 1633 1179 1690 Gerardi,
1203 1633 1416 1680 rectoris
1440 1633 1691 1679 bartholo-

54 1714 216 1759 meani
241 1713 438 1771 collegii
462 1715 494 1759 4.
522 1713 787 1760 Subsecuti
811 1722 923 1758 sunt
947 1713 1057 1758 illos
1079 1713 1107 1758 4
1131 1712 1237 1757 idus
1262 1711 1379 1757 Maii
1404 1711 1465 1757 R.
1500 1710 1551 1756 P.
1581 1708 1691 1755 Sal-

18 1843 21 1846 ,
55 1807 225 1837 meron
251 1801 299 1838 et
322 1791 381 1836 R.
412 1791 466 1838 P.
505 1791 799 1837 Euerardus
832 1792 864 1848 5,
903 1806 1113 1848 quorum
1148 1799 1358 1847 vterque
1392 1789 1503 1834 hinc
1542 1803 1692 1833 sanus

55 1869 294 1916 discessit.
321 1869 471 1916 Aliud
495 1870 626 1928 quod
649 1870 867 1915 scribam
892 1885 988 1914 non
1015 1868 1252 1925 occurrit,
1280 1883 1428 1925 quam
1453 1875 1507 1912 vt
1531 1865 1598 1911 V.
1626 1865 1688 1910 R.

54 1963 144 1993 nos
168 1947 373 1994 Patrum
397 1948 613 1994 omnium
638 1946 897 1993 sacrificiis
920 1956 968 1992 et
991 1946 1207 1992 fratrum
1233 1943 1543 1991 orationibus
1563 1958 1691 1988 com-

56 2026 315 2072 mendatos
339 2027 522 2072 habeat
551 2033 581 2070 e.
608 2025 849 2071 Coloniae
872 2041 936 2070 ex
960 2024 1278 2070 Coronarum
1303 2021 1564 2079 gymnasio
1600 2020 1693 2077 pri-

56 2101 132 2148 die
157 2103 392 2149 calendas
415 2103 564 2162 Junii,
592 2118 722 2149 anno
750 2101 878 2148 1558.
907 2101 986 2147 Ex
1011 2101 1248 2147 mandato
1266 2099 1366 2145 R.<³i
1392 2099 1446 2145 P.
1469 2099 1692 2144 Leonar-

58 2180 120 2238 di,
147 2180 209 2226 R.
236 2181 290 2226 P.
318 2181 384 2227 V.
412 2180 645 2239 indignus
669 2180 902 2238 famulus,

880 2269 1200 2315 FRANCISCUS
1236 2267 1503 2313 CoerRUs
1541 2266 1572 2311 ⁶.

106 2381 124 2401 ἃ
168 2374 301 2411 Deest
331 2375 407 2411 loc.
441 2375 487 2410 in
517 2373 574 2410 H.
613 2384 640 2410 cz
670 2385 708 2410 v.
743 2372 978 2420 Speramus.
1030 2371 1097 2399 ——b
1122 2371 1234 2408 5vv.
1257 2369 1457 2416 praeced.
1480 2379 1567 2405 non
1585 2370 1691 2404 sunt

58 2435 103 2471 z‘n
123 2433 177 2470 H.
231 2441 293 2461 „c
316 2433 412 2471 Hoc
429 2445 468 2470 v.
490 2434 610 2471 deest
634 2435 679 2470 in
705 2433 758 2470 H.
814 2434 881 2460 —d
924 2431 1111 2470 Emend.
1143 2442 1193 2468 ex
1224 2430 1407 2466 accessit.
1462 2435 1524 2455 -θ
1569 2428 1603 2464 Α
1624 2439 1692 2465 vv.

58 2505 228 2540 quorum
247 2498 419 2540 vterque
439 2504 527 2530 non
545 2493 675 2530 habet
692 2493 745 2530 H.

107 2621 116 2640 ¹
168 2619 365 2656 Matthias
383 2619 666 2656 Bredenbach.

106 2680 120 2699 ²
170 2679 382 2717 Gerardus
402 2679 670 2717 Gerardinus.

106 2739 119 2759 ³
170 2739 366 2786 Barnimi,
399 2740 511 2777 ducis
541 2739 870 2783 Pommeraniae,
904 2737 1176 2775 cancellarius
1212 2741 1300 2772 erat
1335 2736 1410 2773 Dr.
1447 2735 1697 2773 Laurentius

60 2797 168 2837 Otto.
190 2800 378 2844 HANSEN‚
401 2801 477 2837 loc.
499 2800 581 2844 cit.,
601 2800 684 2837 307.

105 2859 120 2878 4
170 2859 278 2896 Vide
298 2873 433 2906 supra,
456 2873 547 2907 pag.
567 2860 650 2906 658,
672 2864 809 2896 annot.
830 2858 865 2896 2.

106 2918 119 2938 ⁵
168 2919 214 2956 P.
237 2918 454 2957 Salmeron
473 2925 513 2956 et
532 2919 576 2956 P.
598 2919 835 2956 Everardus
852 2918 1138 2955 Mercurianus
1154 2916 1203 2953 ad
1220 2916 1462 2953 electionem
1478 2915 1697 2963 praepositi

60 2979 266 3024 generalis
285 2979 460 3016 Romam
479 2979 767 3027 properabant.

106 3038 120 3058 ⁶
171 3038 280 3076 Vide
299 3052 397 3086 pag.
425 3039 504 3086 185,
526 3044 663 3076 annot.
686 3039 720 3076 4.

202 3122 370 3151 LITTERAE
390 3121 688 3156 QUADRIMESTRES.
709 3121 800 3149 TOM.
823 3121 860 3149 V.
1569 3119 1604 3145 44
