1945 3374
294 269 363 305 270
752 270 973 306 LITTERAE
1001 270 1360 315 QUADRIMESTRES

250 352 475 409 Cumque
498 352 577 398 hie
601 362 895 411 moreretur,
934 353 1068 407 dixit,
1106 353 1143 397 si
1180 352 1573 410 conualesceret,
1612 363 1901 410 possetquev

248 429 373 474 liber
409 444 517 474 esse
550 430 613 474 ab
647 444 823 485 uxore,
859 445 912 475 se
947 430 1155 475 libenter
1189 429 1399 474 eundem
1435 439 1616 475 statum
1652 439 1874 485 arreptu-

248 521 374 561 rum,
401 520 492 550 nee
521 520 738 562 unquam
771 504 942 551 fratris
976 505 1224 551 uocationi
1261 505 1703 551 contradicturum.
1742 505 1875 551 Obiit

246 591 412 627 tamen
437 582 680 638 (mirabile
705 582 856 640 dictu)
881 583 1020 639 spina
1045 583 1177 627 dorsi
1203 582 1308 627 eius
1327 583 1691 638 quodammodo
1710 582 1875 628 fracta

246 668 294 704 et
318 660 363 704 in
389 669 611 704 uentrem
636 659 833 717 inflexa,
861 661 1084 716 colloque
1108 660 1386 716 incuruatO,
1415 669 1482 714 ut,
1510 676 1668 716 neque
1689 676 1743 705 os
1763 676 1873 716 ape-

248 735 362 788 rire,
391 752 547 793 neque
572 745 721 792 eaput
745 737 940 794 erigere
970 737 1202 794 potuerit,
1240 745 1288 782 et
1321 737 1509 793 absque
1543 737 1894 783 confessione„

309 813 376 858 14.
445 812 597 857 Pater
620 813 884 859 Adalberti
920 820 937 840 ⁸
962 815 974 838 ¹
1001 813 1152 859 semel
1182 813 1413 859 eoenauit
1436 813 1692 859 nobiscum
1726 814 1871 859 ualde

247 889 433 946 hilaris,
471 889 694 946 adeoque
727 889 864 936 fauet
898 890 979 935 filii
1014 891 1282 947 uocationi,
1319 900 1372 935 ut
1406 890 1683 936 consentiat
1718 890 1877 948 ipsum

247 965 461 1012 Romam
482 966 668 1022 uenire,
696 967 842 1012 modo
866 967 1148 1012 remittatur
1173 966 1191 993 ¹³
1212 966 1474 1022 operarius
1497 967 1672 1013 uineae
1696 967 1874 1013 bohae·

245 1043 418 1100 micae,
446 1059 537 1088 nee
562 1044 658 1089 alio
683 1045 962 1100 ablegetur.
991 1044 1100 1089 Hoc
1124 1044 1250 1088 idem
1269 1043 1468 1100 saepius
1487 1043 1769 1099 inculeauit,
1792 1060 1872 1100 po-

245 1120 340 1165 tius
364 1136 512 1177 quam
537 1120 708 1178 innuit,
736 1121 798 1166 D.
827 1122 1140 1178 praepositus
1164 1136 1224 1165 ne
1249 1121 1342 1165 hoe
1366 1119 1522 1177 fieret,
1561 1122 1647 1166 sed
1680 1121 1774 1166 hue
1799 1137 1872 1166 re-

247 1197 545 1255 mitteretur3
573 1197 714 1243 fieret
740 1198 882 1255 enim,
911 1199 1079 1255 inquit,
1101 1207 1153 1243 ut
1177 1198 1343 1254 plures
1366 1197 1561 1244 bohemi
1585 1198 1689 1243 eius
1709 1214 1870 1243 exem·

249 1275 328 1330 plo
352 1289 462 1320 sese
487 1274 723 1320 dederent
747 1273 1004 1320 Societati.

308 1351 375 1396 15.
442 1351 517 1396 Ab
541 1352 626 1397 illo
650 1352 747 1408 die,
775 1366 871 1409 qno
895 1352 961 1397 D.
998 1352 1208 1397 silanus
1247 1352 1261 1376 2
1286 1356 1335 1395 et
1372 1351 1682 1397 Gnilielmus
1715 1352 1730 1376 3
1754 1353 1872 1398 lzinc

244 1428 608 1486 dz‘scesserzmt‚
636 1429 924 1474 incredibili
944 1429 1111 1486 quiete
1134 1433 1182 1473 et
1200 1434 1332 1484 pace
1350 1429 1750 1486 paulatim-frui
1781 1443 1875 1475 nos

243 1505 692 1563 sensinms:faxit
714 1508 853 1550 Dens
877 1510 933 1550 ut
963 1510 1170 1561 semper
1202 1509 1399 1550 crescat
1432 1506 1483 1550 in
1518 1505 1756 1551 cordibus
1789 1520 1871 1552 no-

244 1584 384 1628 stris.
409 1582 636 1628 Causam
657 1584 924 1640 utriusque
944 1583 995 1627 in
1012 1583 1202 1638 primis
1219 1583 1381 1627 literis
1400 1583 1613 1639 inserui,
1635 1597 1766 1640 quas
1781 1583 1871 1628 cir-

244 1672 304 1705 ca
328 1659 534 1716 festum
564 1660 800 1715 paschae
838 1660 973 1705 misi.
1020 1660 1117 1705 Bis
1155 1660 1335 1717 regiae
1374 1660 1640 1705 nmz‘estatz·
1675 1661 1873 1706 locutus

243 1749 361 1780 sum
382 1741 481 1791 pro
505 1737 719 1793 negocio
744 1736 961 1793 collegii,
989 1737 1051 1781 de
1075 1736 1265 1795 debitis·
1288 1737 1560 1794 soluendis,
1598 1738 1660 1782 de
1679 1738 1870 1796 sonen-

245 1813 325 1858 dis
346 1813 668 1858 scholasticis
691 1814 823 1858 etde
851 1813 1160 1870 quibusdam
1195 1814 1322 1869 aliis,
1360 1828 1579 1871 quommi
1613 1815 1894 1872 quaedam>

243 1893 367 1934 sunt
389 1894 662 1946 exequuta,
692 1894 747 1934 itt
778 1890 951 1935 uidere
983 1890 1099 1935 licet
1129 1891 1209 1935 llis
1243 1890 1419 1947 literis,
1457 1891 1715 1948 quaedam
1750 1905 1871 1937 nero

244 1979 361 2022 non,
389 1980 445 2010 eo
464 1967 602 2023 qnod
617 1966 842 2011 dominis
860 1967 922 2011 de
941 1981 1150 2012 comem
1167 1968 1236 2012 sit
1253 1968 1559 2013 conmlismn
1578 1969 1867 2025 negocium,

243 2043 329 2088 cm·
350 2057 466 2088 cnm
491 2057 590 2088 non
612 2044 782 2101 facile
801 2043 1051 2101 faueant,
1080 2045 1546 2090 ecclesiasticorm]2
1571 2059 1745 2090 rerum
1770 2059 1887 2091 non

245 2120 392 2164 ualde
414 2120 702 2177 diligentes,
731 2106 846 2165 bitin
871 2134 1048 2165 eornm
1074 2121 1310 2166 maxima
1329 2126 1462 2177 pars
1493 2122 1688 2180 infecta
1711 2122 1779 2167 sit
1800 2123 1870 2168 lu-

242 2196 577 2249 tlzemm'snm,
605 2197 931 2252 expectanda
955 2201 1030 2241 est
1052 2197 1222 2242 lmzior
1243 2198 1624 2254 opportzmitczs.

304 2272 372 2318 16.
440 2273 596 2318 Multa
621 2273 955 2329 particulatim
980 2282 1144 2318 essent
1167 2273 1290 2318 bene
1310 2275 1631 2331 recensenda,
1655 2284 1721 2331 ut,
1743 2275 1869 2321 inter

241 2358 464 2407 caetera,
501 2349 767 2406 singularis
802 2350 1045 2407 quaedam
1084 2351 1416 2407 promptitudo
1451 2351 1682 2409 fratrum,
1719 2352 1868 2397 etiam

241 2426 563 2483 nouitiorum,
611 2427 673 2472 ad
712 2426 992 2483 disciplinas
1042 2427 1265 2483 aliasque
1316 2428 1484 2473 uarias
1534 2428 1867 2474 mortificatio-

243 2519 330 2549 nes
365 2510 401 2556 ε,
435 2504 771 2550 lubentissime
805 2519 865 2549 ae
898 2504 1116 2549 maxima
1150 2520 1260 2549 eum
1295 2505 1534 2551 auiditate
1568 2505 1864 2564 subeundas3

242 2579 328 2624 sed
353 2580 589 2626 breuitati
613 2580 881 2637 studentes,
907 2579 1052 2626 finem
1076 2580 1304 2626 facimus.

287 2717 305 2738 a
348 2711 472 2747 nostri
493 2711 713 2749 Adalberti
730 2711 876 2757 boemi,
897 2712 965 2758 qui
984 2712 1094 2758 prius
1114 2724 1185 2748 nos
1204 2717 1397 2759 tanquam
1415 2712 1655 2759 impostores
1673 2712 1745 2749 filii
1763 2711 1886 2760 apud-³
1918 2717 1922 2731 ·’

240 2770 513 2816 praepositum
532 2775 814 2807 accusauerat.
872 2770 937 2797 -b
954 2771 1185 2808 remittatur
1203 2771 1433 2818 aliquando.
1488 2778 1600 2801 ——c'
1636 2771 1882 2809 *mortifica-⁷

241 2829 382 2872 tiones,
405 2829 464 2865 his
483 2830 720 2876 regionibus
738 2829 835 2867 satis
852 2829 1065 2867 inauditas.

289 2947 297 2965 ¹
350 2945 496 2993 Supra,
518 2958 615 2993 pag.
640 2946 687 2983 28
705 2959 795 2994 sqq.

288 3004 300 3023 ²
349 3004 394 3041 P.
411 3004 590 3051 Joannes
609 3004 792 3042 Tilanus.
815 3005 962 3054 Supra,
984 3019 1080 3053 pag.
1105 3005 1183 3051 167,
1206 3012 1344 3043 annot.
1366 3007 1400 3044 3.

287 3063 300 3082 ³
351 3063 582 3101 Gulielmus
602 3063 854 3102 Geldrensis.
878 3064 941 3102 Cf.
963 3064 1321 3108 BRAUNSBERGER,
1344 3067 1417 3103 loe.
1440 3066 1521 3110 eit„
1543 3066 1592 3108 II,
1614 3065 1671 3111 60,
1696 3066 1775 3105 159.
