1900 3380
509 309 630 345 212.ἡ
646 295 835 345 Comma.
861 308 884 343 S
909 307 1155 344 Novffmssms
1184 306 1274 343 1558
1592 305 1661 340 377

80 403 423 460 confluxerint,
461 403 590 459 apud
624 418 747 460 quos
780 402 948 447 sanius
982 403 1144 458 longe,
1178 401 1341 446 diuina
1367 401 1550 457 gratia,
1579 399 1707 445 insti-

77 488 293 526 tuentur.
331 479 448 524 Mali
483 495 678 536 quoque
714 494 859 535 quam
894 479 1104 535 plurimi,
1142 478 1200 524 de
1235 493 1444 534 quorum
1479 476 1706 522 emenda·

56 558 206 602 ‘tione
240 556 346 601 fere
380 556 845 612 desperaueramus‚
880 555 925 600 in
953 555 1124 600 melius
1149 555 1303 600 vitam
1328 569 1468 599 suam
1492 568 1707 598 commu-

79 644 188 679 tare
213 634 532 679 instituerunt
555 640 591 678 ³.

124 711 166 757 7.
225 710 661 755 Promouebuntur
685 710 759 754 his
783 709 956 755 diebus
980 725 1043 754 ex
1067 709 1249 753 nostris
1276 708 1329 753 13
1353 708 1398 753 in
1423 707 1708 753 bacularios

76 788 274 842 artium,
303 803 425 844 quos
450 802 636 841 omnes,
675 786 877 832 fauente
912 786 1037 837 Deo„
1077 795 1187 842 post
1221 801 1403 830 annum
1441 784 1708 840 magistros

75 865 369 917 c1·eabimus;
416 865 569 909 moris
612 864 740 909 enim
785 863 861 908 hic
905 875 977 908 est
1021 872 1070 908 vt
1114 863 1193 918 qui
1238 862 1492 918 physicam
1534 861 1708 906 audire

75 942 242 998 velint,
271 941 482 998 primum
507 942 863 986 baculareatus
887 940 1103 996 gradum
1126 938 1452 995 susceperint.

123 1019 165 1064 8.
223 1019 449 1064 Accessit
468 1018 529 1063 ad
550 1033 640 1062 nos
664 1017 720 1063 ‘29
739 1016 975 1062 Octobris
994 1016 1054 1061 R.
1079 1016 1229 1061 Pater
1251 1015 1541 1061 Euerardus
1567 1016 1597 1071 ¹,
1620 1030 1709 1071 per

74 1095 361 1141 inferiorem
395 1094 722 1141 Germaniam
757 1093 1091 1150 prouincialis,
1128 1093 1268 1138 cuius
1306 1093 1550 1138 aduentus
1590 1092 1706 1137 mul-

75 1182 177 1220 tum
211 1189 300 1218 nos
335 1173 380 1217 in
412 1173 627 1217 Domino
652 1172 940 1217 consolatus
965 1181 1055 1225 est,
1084 1184 1201 1215 cuni
1225 1171 1347 1228 qnia
1371 1170 1433 1214 de
1458 1169 1609 1214 rebus
1632 1183 1708 1215 ro-

75 1251 263 1306 manis,
290 1254 345 1294 vt
366 1250 605 1294 electione
624 1249 933 1306 praepositi,
972 1248 1192 1305 aliisque
1227 1248 1282 1293 id
1307 1261 1482 1305 genus
1513 1247 1706 1303 multis,

74 1326 472 1384 certi'oresfacti
492 1339 691 1381 simius,
719 1329 829 1370 tunt
854 1325 992 1382 qnod
1013 1325 1085 1369 ad
1110 1325 1209 1369 lias
1238 1328 1421 1380 partes
1454 1324 1712 1369 eiusmodi

53 1458 57 1459 ⁷
70 1404 418 1461 prouincialis
441 1404 701 1448 demissus
723 1403 804 1448 sit.
835 1402 1056 1447 Contulit
1077 1401 1141 1446 R.
1170 1401 1333 1446 Pater
1354 1401 1665 1447 Leonardus
1694 1402 1708 1426 2

77 1485 126 1526 et
157 1495 250 1526 uos
282 1494 480 1538 quoque
514 1480 718 1537 collegii
753 1480 912 1524 lulius
945 1479 1123 1524 omnia
1158 1479 1392 1536 negocia,
1435 1493 1569 1536 qnae
1608 1492 1709 1524 non

69 1564 267 1616 parum
290 1559 339 1603 ei
357 1559 686 1614 placuerunt,
709 1561 869 1613 prout
890 1571 955 1601 ex
987 1557 1101 1602 eius
1134 1557 1297 1602 literis
1327 1556 1536 1601 vberius
1569 1556 1709 1602 intel-

73 1635 262 1693 ligetis.
302 1635 547 1690 Concepit
577 1635 716 1679 euim
749 1639 896 1690 spern
931 1648 1204 1691 magnam,
1242 1633 1407 1678 inulta
1446 1633 1579 1679 bona
1612 1639 1713 1690 per

11 1758 14 1761 Α
61 1713 167 1758 hoc
185 1713 530 1771 gymnasium
554 1725 665 1756 esse
674 1711 890 1768 futura.

132 1789 175 1835 9.
244 1789 459 1835 Aduenit
482 1804 594 1834 cum
620 1803 690 1834 eo»
714 1788 774 1833 R.
812 1787 866 1834 Ρ.
903 1787 1124 1848 Joannes
1159 1787 1459 1845 Mortaigne‚
1498 1788 1578 1844 qui
1613 1803 1708 1832 non

74 1882 250 1924 parum
285 1882 376 1912 nos
405 1867 451 1911 in
486 1866 708 1922 profesto
743 1865 957 1910 omniurn
988 1875 1277 1911 sanctorum
1308 1865 1354 1909 in
1378 1865 1709 1910 studiosorum

74 1954 359 1990 nostrorum
408 1943 802 1989 confessionibus
852 1943 1111 1988 audiendis
1160 1958 1250 1988 nos
1299 1943 1435 1988 iuuit.
1487 1941 1710 1988 Fuimus

76 2021 215 2066 enim
237 2024 462 2079 quatuor
481 2020 775 2065 sacerdotes
799 2020 903 2065 illis
940 2024 1040 2065 toto
1075 2020 1157 2065 die
1189 2020 1443 2076 occupati,
1481 2033 1597 2064 cum
1636 2024 1708 2065 ta-

75 2112 192 2143 men
217 2102 337 2143 ante
360 2097 577 2142 biduum
606 2111 741 2142 vnus
774 2101 1009 2142 nostrum
1044 2096 1229 2142 audire
1263 2097 1527 2152 inciperet.
1574 2097 1712 2142 Venit

75 2189 192 2220 cum
211 2175 286 2220 eis
309 2178 356 2219 et
379 2173 518 2219 alius
528 2173 712 2232 frater
731 2187 866 2219 vnus
890 2175 1076 2230 laicus,
1103 2174 1193 2231 qui
1214 2174 1373 2218 etiam
1395 2187 1501 2218 vna
1524 2173 1707 2218 disces-

73 2252 157 2297 sit.
195 2251 428 2308 Reliquit
454 2264 548 2295 nos
580 2250 838 2308 siquidem
872 2250 1266 2307 nudiustertius,
1303 2250 1396 2295 lzoc
1430 2253 1506 2295 est
1538 2248 1574 2295 6
1607 2250 1708 2296 No·

75 2328 317 2374 uembris.
346 2328 411 2373 R.
453 2328 502 2373 V.
526 2328 774 2386 dignetur
795 2342 889 2374 nos
910 2328 1023 2373 suis
1044 2328 1242 2373 sanctis
1263 2327 1538 2384 sacrificiis
1562 2327 1708 2373 adiu-

76 2419 221 2462 uare,
247 2409 301 2450 vt
322 2410 456 2461 opus
479 2404 581 2450 Dei
602 2419 703 2450 non
729 2405 1059 2463 negligenter
1065 2404 1346 2462 faciainus
1370 2403 1405 2450 b.
1433 2404 1498 2449 M.
1532 2403 1707 2450 Henri-

75 2496 162 2527 cus
195 2481 467 2538 Dionysius
500 2482 546 2526 in
580 2482 899 2528 concionibus
934 2497 1112 2539 magno
1146 2496 1258 2526 cum
1292 2481 1442 2527 totius
1476 2481 1706 2528 auditorii

62 2558 252 2605 fauore
275 2559 453 2615 pergit.
480 2557 623 2604 Misit
645 2559 790 2605 nobis
812 2559 956 2605 R.'⁷¹¹¹⁸
974 2559 1400 2615 archiepiscopus
1421 2565 1437 2586 0
1466 2559 1706 2616 designa-

75 2640 160 2681 tus
198 2636 213 2660 3
252 2636 334 2681 his
371 2635 550 2681 diebus
587 2635 768 2681 bouem
804 2650 985 2685 vnmn.
1025 2636 1114 2693 qui
1150 2640 1226 2680 est
1256 2635 1706 2693 decimusquartus

124 2785 142 2806 a
175 2779 210 2815 A
230 2790 298 2815 vv.
320 2778 410 2815 Hae
429 2778 687 2814 solemnitate
708 2778 1024 2815 desiderantur
1040 2777 1164 2823 apud
1183 2776 1235 2814 H.
1291 2777 1356 2805 —b
1388 2776 1521 2814 Verba
1540 2789 1631 2815 cum
1651 2783 1705 2814 ta-

75 2850 169 2874 men
188 2842 228 2875 et
244 2849 332 2885 sqq.
354 2837 517 2874 desunt
533 2838 579 2874 in
598 2837 650 2875 H.
704 2845 767 2865 —c
794 2838 1005 2884 episcopus
1024 2836 1076 2874 H.

124 2981 133 3000 ¹
186 2979 231 3017 P.
253 2979 488 3016 Everardus
507 2978 811 3017 Mercurianus.

124 3040 136 3058 2
186 3038 231 3077 P.
253 3038 494 3076 Leonardus
513 3038 675 3083 Kessel,
696 3039 862 3086 collegii
880 3045 1029 3076 rector.

121 3098 135 3118 ³
182 3097 363 3145 Joannes
380 3096 639 3145 Gebhardus,
660 3110 796 3135 comes
813 3098 862 3135 de
883 3097 1101 3135 hiansfeld.
