1915 3437
444 279 781 316 21⁵-szmma
808 289 989 316 INEUNTE
1016 289 1127 314 Axxo
1157 279 1246 314 1:357
1570 280 1607 315 91

95 376 163 422 12.
228 375 311 421 Ad
332 378 534 419 nostros
558 375 814 427 accedere,
843 374 948 419 iiim
973 377 1179 430 tenipus
1203 374 1378 430 ipsum
1393 375 1667 430 postulare

35 453 254 500 uidetur.
289 449 643 495 Confessiones
667 457 683 477 ³
714 459 825 495 sunt
855 448 1302 506 frequentissimae,
1336 450 1402 494 ita
1438 459 1491 495 ut
1525 450 1664 496 festis

33 524 204 569 diebus
226 521 310 566 uix
328 521 507 575 cibum,
530 522 611 566 uel
633 530 770 566 certe
795 520 1114 576 tardiuscule,
1136 520 1480 566 sacerdotibus
1505 537 1661 566 sume-

35 616 88 646 re
114 600 273 645 liceat.
301 598 669 654 Discipulorum
694 613 928 655 numerus
957 597 1331 655 nonagenarius
1355 607 1446 652 est,
1484 607 1531 643 et
1564 614 1662 643 ma-

35 692 254 734 gnopere
278 676 325 720 in
349 675 524 720 litteris
542 674 818 731 proficiunt,
842 690 933 719 nec
951 690 1047 719 non
1068 674 1113 719 in
1131 674 1368 719 moribus.
1391 664 1661 720 Sunt-enim

32 769 94 799 ex
117 753 189 797 his
212 752 376 808 aliqui,
406 752 483 808 qui
508 767 604 796 non
630 750 674 796 in
702 767 919 797 mensem
947 752 1019 807 (ut
1042 767 1149 796 mos
1174 753 1268 806 est)
1299 750 1661 797 confessionem

32 829 282 885 differunt,
310 829 395 874 sed
421 828 569 874 etiam
596 829 800 885 singulis
824 829 1214 874 hebdomadibus
1238 828 1584 874 confiteantur.

32 998 157 1036 nem,
198 997 380 1038 eosque
416 983 716 1038 perspicaci
755 982 935 1039 ingenii
967 982 985 1009 ¹³
1017 983 1127 1027 acie
1165 987 1459 1039 exornatos,
1498 984 1663 1029 mode-

31 1059 124 1104 stia
149 1059 400 1115 insignes,
429 1058 684 1115 diligentia
708 1058 943 1113 eximios,
972 1059 1246 1104 humilitate
1281 1060 1509 1105 illustres
1541 1067 1577 1116 ⁶,
1614 1061 1661 1105 in

33 1135 269 1180 obeundis
289 1134 469 1180 officiis
485 1135 735 1180 consuetis
754 1136 967 1181 caeteris
987 1136 1401 1193 praestantiores,
1421 1146 1473 1182 ut
1490 1153 1663 1182 omnes

31 1212 345 1268 admiremur,
388 1226 448 1257 ac
487 1226 572 1257 eos
611 1213 816 1258 attoniti
845 1214 1179 1269 suspicimus:
1218 1229 1341 1259 unus
1376 1229 1550 1259 eorum
1585 1230 1659 1260 sa-

31 1289 126 1335 cris
149 1288 402 1334 ordinibus
427 1289 686 1345 insignitus
705 1298 779 1334 est
804 1291 834 1334 ¹.
858 1290 997 1335 Multi
1017 1291 1166 1335 etiam
1188 1300 1472 1347 expectant,
1495 1306 1555 1336 ac
1573 1307 1662 1337 nos

0 1409 1 1412 ,
32 1366 244 1423 quotidie
269 1366 532 1420 solicitant,
562 1376 614 1412 ut
637 1366 979 1423 admittantur,
1008 1383 1216 1424 quorum
1241 1368 1498 1414 desideriis
1518 1384 1661 1426 opor-

31 1453 144 1490 tune
169 1443 392 1489 satisfiet.

0 1581 2 1586 *
92 1521 159 1566 14.
224 1521 330 1566 Nec
349 1521 465 1566 illud
484 1523 960 1577 praetermitendum
985 1539 1094 1568 esse
1119 1523 1251 1579 duxi,
1280 1524 1410 1581 quod
1434 1524 1528 1569 hoc
1552 1540 1661 1580 pro-

31 1598 159 1643 xime
185 1599 354 1655 elapso
380 1599 455 1644 die
480 1598 821 1656 Innocentum,
854 1600 1072 1646 maximo
1108 1601 1356 1646 hominum
1394 1617 1658 1659 concursu,

31 1676 282 1733 orationes
307 1676 434 1721 duae
460 1676 660 1722 habitae
685 1687 813 1733 sunt,
852 1678 1014 1723 altera
1048 1679 1243 1734 quidem
1279 1679 1338 1724 de
1373 1679 1526 1724 natali
1561 1679 1660 1724 Do-

32 1752 160 1809 mini,
187 1753 347 1798 altera
382 1763 548 1798 autem
574 1753 633 1799 de
657 1753 1021 1800 Innocentibus
1044 1755 1236 1801 Deinde
1261 1756 1471 1801 duorum
1495 1766 1658 1813 pasto-

0 1886 1 1890 *
32 1845 138 1875 rum
162 1830 344 1876 natalis
369 1831 461 1876 diei
487 1831 678 1888 insigne
707 1833 945 1889 gaudium
980 1848 1040 1878 ac
1070 1833 1362 1879 beneficium
1403 1834 1659 1880 declaran-

0 1932 7 1956 ;
31 1906 148 1952 tium
171 1907 390 1953 exhibita
415 1918 489 1953 est
512 1909 724 1954 iocunda
749 1909 766 1935 ‘³
799 1911 994 1967 ecloga,
1022 1920 1162 1956 tanta
1187 1911 1468 1957 auditorum
1504 1921 1659 1957 atten-

0 1999 7 2042 ρ
35 1982 160 2029 tione
193 1999 253 2029 ac
286 1985 494 2044 silentio,
517 1995 570 2032 ut
593 2002 762 2032 omnes
787 1988 1168 2034 admiraremur.
1192 1988 1532 2035 Interfuerunt
1566 1990 1658 2046 pri-

32 2059 95 2106 mi
119 2061 320 2107 huiusce
344 2063 480 2108 urbis
504 2073 552 2109 et
586 2064 855 2110 doctissimi
881 2066 1058 2122 quique
1083 2081 1142 2111 ac
1166 2067 1447 2122 politiorum
1473 2067 1659 2112 littera-

0 2153 9 2189 z
33 2151 139 2182 rum
163 2138 473 2195 professores
497 2141 676 2197 publici
701 2152 1079 2188 concurrerunt.

0 2217 4 2229 ¹
119 2213 273 2260 Multa
298 2231 427 2262 nunc
451 2218 855 2273 praetermittere
879 2234 1054 2276 cogor,
1082 2236 1142 2266 ne
1167 2220 1224 2265 T.
1253 2221 1313 2266 R.
1347 2221 1399 2267 P.
1439 2222 1661 2278 prolixus

0 2287 11 2352 ξ
33 2290 217 2338 uidear.
245 2293 569 2351 Quapropter
593 2295 736 2341 finem
761 2297 952 2342 dicendi
976 2297 1176 2355 faciam,
1204 2299 1243 2343 si
1268 2315 1297 2344 a
1322 2308 1369 2344 te
1394 2315 1542 2344 unum
1574 2299 1658 2344 im·-

30 2377 249 2428 petraro,
276 2380 327 2416 ut
360 2372 490 2417 hunc
522 2372 880 2420 ferrariensem
915 2391 1095 2432 agrum
1130 2376 1176 2421 in
1213 2376 1307 2422 tuis
1346 2377 1658 2423 orationibus

0 2437 6 2492 i
34 2447 424 2493 commendatum
450 2449 653 2507 habeas,
682 2460 732 2496 ut
766 2452 914 2497 animi
945 2452 1194 2498 hominum
1229 2454 1560 2511 emolliantur,
1598 2469 1660 2499 ne

79 2660 98 2681 ³
117 2654 388 2693 confessiones
403 2669 502 2694 uero
517 2657 555 2694 in
572 2659 736 2705 templo.
792 2659 810 2686 b
842 2659 1019 2706 ingenio.
1059 2668 1126 2688 —c
1141 2666 1398 2707 praestantes
1415 2666 1469 2698 et.
1507 2661 1574 2688 ——d
1599 2661 1660 2698 iu-

35 2713 174 2751 cunda.

81 2910 92 2931 ¹
143 2910 316 2950 Videtur
333 2914 517 2952 alludere
536 2916 586 2952 ad
604 2916 649 2953 P.
671 2915 944 2964 Organtinum
964 2924 1003 2954 et
1018 2918 1116 2955 duos
1134 2919 1222 2966 ejus
1236 2917 1395 2956 fratres.
1414 2918 1477 2956 Cf.
1496 2920 1659 2957 Poam-

35 2978 128 3016 CUM,
147 2971 223 3008 loc.
243 2972 324 3016 cit„
343 2972 423 3011 201.
443 2973 598 3012 Eorum
615 2976 779 3013 nomina
794 2983 911 3014 erant
921 2977 1100 3024 Joannes
1114 2977 1320 3015 Antonius
1335 2984 1375 3015 et
1388 2979 1568 3026 joannes
1583 2980 1658 3018 Ba-

93 905 159 950 13.
227 905 396 960 Nuper
420 915 522 950 tres
546 904 731 950 fratres
762 905 824 949 ad
860 914 1083 950 nostram
1114 905 1429 951 admissimus
1464 905 1659 962 religio-
1727 900 1732 907 Δ
