1900 3380
513 238 770 275 86.-E130RA
796 238 839 275 31
868 238 1061 275 Ancum
1092 240 1179 276 1557
1535 242 1605 278 349

5 335 271 392 ·ta1·gensis
295 343 343 379 et
366 335 405 379 is
429 334 525 390 qui,
553 334 806 379 cardinale
830 334 1050 391 absente,
1077 335 1181 379 eius
1204 336 1280 380 hic
1306 352 1567 391 personam
1603 347 1651 383 et

8 410 376 458 ¹authoritatem
410 410 633 465 sustinet,
671 424 820 467 quem
850 410 1177 466 pronisorem
1212 412 1432 456 (li'cimns
1457 415 1486 457 ¹.
1524 414 1564 457 F
1570 429 1649 459 ue-

24 496 136 534 runt
159 496 424 543 praeterea
448 485 529 531 alii
555 486 648 532 viri
673 487 803 531 docti
827 502 891 531 ex
913 487 1265 532 canonicorum
1298 490 1521 541 concilio,
1551 491 1648 546 qui-

25 566 113 611 bus
136 563 360 609 omnibus
383 563 503 608 satis
527 563 689 608 oratio
715 563 796 608 illa
820 563 1016 619 placuit,
1044 579 1192 619 quam
1228 580 1323 608 non
1357 567 1513 610 solum
1540 584 1647 611 ver-

23 641 111 696 bis,
137 640 224 685 sed
250 640 384 685 multi
409 640 558 685 etiam
583 640 850 696 lachrymis
880 641 1240 696 approbarunt.
1279 641 1352 685 Eo
1388 642 1539 697 igitur
1574 644 1649 689 die

23 727 244 764 nostrum
270 717 535 773 collegium
559 717 688 773 quod
722 717 785 761 ab
819 732 878 761 eo
915 717 1277 773 postulabatur,
1307 718 1578 764 liberaliter
1602 730 1650 765 et

23 795 97 852 pie
122 793 430 850 praestisisse
469 794 627 838 visum
652 805 740 839 est.
770 793 880 838 Hoc
903 794 1110 851 quidem
1144 809 1208 839 ex
1231 808 1286 839 eo
1306 796 1475 852 facile
1510 797 1647 841 intel-

9 871 117 929 ..lz'gz'
151 875 330 927 potest,
368 871 506 927 qztoa'
542 871 818 927 episcopus
857 872 1137 928 targenffls,
1175 886 1290 916 cum
1325 886 1380 916 eo
1416 873 1528 929 ipso
1567 874 1649 918 (lie

6 947 167 1004 apud
196 961 290 992 nos
327 951 580 1004 coe-naret,
621 947 1000 993 liberalissimis
1037 948 1205 993 <verbis
1244 949 1397 994 Patri
1435 950 1597 996 Leoni
1634 954 1648 976 2

4 1023 354 1080 omnibusque
378 1024 521 1069 nohis
544 1025 881 1081 confirmarit,
917 1040 972 1070 se
1005 1027 1182 1071 onmia
1213 1041 1345 1083 qaae
1378 1031 1499 1071 tnnc
1533 1034 1672 1074 actav

5 1104 187 1147 ressent
217 1101 447 1157 principi
478 1101 740 1146 cardinali
761 1102 776 1126 3
802 1102 1082 1159 magnifice
1106 1105 1480 1159 arposz‘tarmn.
1518 1105 1648 1150 Erat

20 1178 155 1223 enim
178 1178 455 1234 episcopas
475 1179 726 1234 postridie
753 1178 1116 1236 olysipponem
1141 1181 1212 1225 aa'
1234 1181 1472 1237 reginam
1496 1183 1511 1206 4
1537 1197 1647 1227 con-

19 1254 292 1300 solandam
330 1254 677 1312 profecturas.
718 1255 1056 1312 Quapropter
1076 1257 1343 1302 maximas
1367 1258 1651 1305 immortali

19 1331 127 1378 Deo
146 1331 358 1388 gratias
392 1333 619 1388 aginnts,
661 1347 693 1377 a
727 1333 876 1377 cza‘as
908 1333 1035 1378 liaeo
1069 1335 1246 1379 omnia
1280 1335 1504 1381 bonitate
1529 1341 1645 1391 pro-

6 1408 188 1466 fluunt
209 1412 256 1452 et
278 1409 427 1454 cuius
451 1408 691 1462 beneficio
713 1414 1088 1456 sustentantur.
1116 1411 1258 1457 Haec
1282 1425 1410 1469 sunt,
1444 1414 1647 1459 colende

19 1484 181 1541 Pater,
211 1501 337 1541 quae
361 1486 421 1530 de
446 1495 730 1531 nostrorum
756 1487 1032 1532 studiorum
1063 1488 1231 1534 fructu
1265 1489 1378 1534 mihi
1403 1501 1647 1536 venerunt

20 1561 68 1608 in
90 1571 320 1608 mentem.
349 1562 491 1608 Nunc
516 1563 707 1620 reliqua
732 1580 1108 1621 persequamur.

27 1673 31 1679 .
73 1638 116 1684 5.
182 1637 348 1684 Primo
383 1639 512 1696 quod
542 1640 604 1685 ad
629 1650 828 1686 nostros
862 1643 1152 1688 sacerdotes
1187 1643 1378 1701 attinet,
1416 1646 1645 1700 permulti

19 1730 187 1760 eorum
211 1731 384 1773 opera,
407 1716 663 1773 diligentia
681 1727 730 1762 et
754 1718 968 1763 consiliis
992 1718 1098 1765 fieri
1122 1721 1321 1765 student
1345 1722 1520 1766 cotidie
1546 1738 1647 1768 me-

19 1791 177 1838 liores.
221 1792 316 1849 Qui
357 1794 550 1849 quidem
586 1805 699 1840 tum
727 1796 947 1852 peccatis
986 1798 1166 1843 crebro
1200 1798 1506 1856 confitendis,
1543 1799 1645 1845 tum

2 1870 333 1916 ·concionibus
357 1872 487 1927 apud
513 1888 602 1917 nos
626 1873 898 1930 audiendis,
926 1883 1029 1919 tum
1060 1875 1210 1920 etiam
1244 1876 1444 1921 assidua
1478 1892 1643 1922 sacro-

3 1947 171 1993 :sancti
196 1949 420 2005 corporis
444 1948 576 1994 Chri.
600 1951 894 2006 sumptione,
923 1951 1158 1998 mirificos
1182 1953 1229 1998 in
1254 1954 1437 1999 virtute
1457 1954 1645 2001 faciunt

18 2032 329 2081 progressus,
358 2042 665 2089 magnosque
689 2029 889 2084 capiunt
914 2029 1122 2075 fructus.
1150 2030 1315 2087 Atque
1350 2031 1407 2076 iis
1442 2033 1574 2077 nulla
1596 2032 1642 2077 in

8 2113 72 2146 :re
94 2102 248 2147 nostri
272 2104 564 2149 sacerdotes
588 2105 781 2151 desunt.
1600 2157 1603 2159 .

0 2167 26 2217 J
72 2177 114 2224 6.
181 2179 360 2237 Neque
383 2181 457 2225 eis
478 2181 646 2227 solum
669 2188 885 2239 operam
909 2183 1052 2241 dant,
1078 2185 1174 2229 sed
1194 2185 1350 2230 etiam
1373 2191 1531 2241 saepe
1560 2186 1643 2231 die

4 2267 78 2299 -ac
99 2259 240 2300 nocte
264 2256 327 2301 ab
352 2258 584 2314 aegrotis
607 2260 858 2310 accersiti,
886 2274 971 2305 eos
999 2261 1081 2305 vel
1102 2262 1398 2318 confitentes
1426 2266 1643 2318 peecata

19 2332 250 2390 audiunt,
286 2330 368 2378 vel
397 2334 452 2378 vi
481 2335 646 2380 morbi
678 2336 906 2394 afflictos
938 2339 1285 2395 consolantur,
1318 2339 1399 2382 vel
1421 2340 1641 2395 aflnxa-

18 2420 131 2453 rum
154 2423 329 2455 reram
353 2425 530 2456 amore
553 2416 601 2457 et
623 2413 935 2470 cogitatione
959 2415 1031 2460 acl
1052 2429 1134 2460 res
1151 2416 1364 2460 diuinas
1383 2416 1644 2461 amandas

3 2487 66 2529 -et
93 2487 503 2533 considerandas
536 2494 798 2547 reuocant,
835 2491 916 2536 vel
947 2491 1166 2549 deniqne
1205 2493 1270 2537 iis
1308 2492 1643 2538 morientibus

14 2566 221 2618 praesto
254 2554 389 2610 sant.

26 2660 43 2674 v
73 2638 114 2684 7.
181 2641 466 2687 Praeterea
489 2643 750 2689 interdum
773 2659 828 2690 se
862 2646 914 2690 in
949 2660 1209 2691 carcerem
1239 2646 1528 2704 conferunt,
1559 2647 1645 2692 vbi

125 2863 189 2903 Cf.
209 2879 301 2913 pag.
319 2866 353 2911 8,
376 2873 512 2904 annot.
530 2868 564 2905 3.

123 2923 168 2962 Ρ.
189 2924 275 2962 Leo
292 2925 559 2974 Henriquius,
580 2928 744 2975 collegii
763 2935 907 2966 rector.

123 2981 338 3030 Henricus,
355 2985 524 3033 joannis
543 2987 654 3034 regis
672 2987 810 3025 frater.

127 3040 363 3092 catharina,
380 3045 549 3092 Joannis
567 3059 680 3092 uxor,
704 3046 844 3085 Caroli
868 3048 904 3084 V
924 3048 1178 3094 imperatoris
1197 3060 1321 3085 soror.

62 2863 78 3061 ῥωθμ
