2054 3530
364 278 407 313 lO
829 277 1049 315 LITTERAE
1077 279 1435 324 QcAanEs‘rREs

313 371 463 416 etiam
488 380 826 416 externorum.
855 371 1115 418 Habentur
1139 373 1264 418 enim
1291 372 1497 429 singulis
1531 373 1702 418 diebus
1736 373 1897 418 sabati
1923 372 1943 393 a

313 447 685 503 disputationes,
715 457 914 503 praeter
943 464 1030 493 eas
1065 464 1188 505 quas
1223 449 1349 494 inter
1382 464 1436 494 se
1470 449 1692 505 discipuli
1728 450 1944 506 quotidie

313 525 511 573 habent,
534 524 595 568 ad
617 539 739 580 quas
759 525 976 569 nonnulli
995 525 1075 570 alii
1096 525 1313 581 ueniunt,
1336 540 1364 570 a
1385 525 1560 581 quibus
1584 535 1760 571 contra
1785 526 1943 582 dispu-

313 610 464 652 tatur,
493 600 620 656 quod
646 601 759 645 item
786 615 814 644 a
840 600 989 646 Patre
1012 596 1182 647 Leone
1206 602 1488 658 nostrisque
1507 602 1751 647 nonnullis
1775 601 1843 647 fit.
1869 602 1943 647 Ex

314 677 488 734 quibus
527 678 731 734 aliisque
767 677 1206 724 exercitationibus
1246 694 1456 735 magnos
1490 678 1684 724 fructus
1724 678 1944 735 discipuli

313 755 605 811 percipiunt.

371 831 414 876 3.
482 831 692 876 Praeter
735 831 824 875 hos
870 841 1247 888 praeceptores,
1301 848 1421 888 quos
1471 847 1621 888 supra
1671 832 1942 887 nominaui,

313 908 454 953 adest
478 908 626 953 etiam
651 907 807 953 frater
833 908 1028 964 quidam
1054 909 1192 965 quasi
1227 893 1550 954 Subsidiarius
1587 909 1740 962 miles,
1775 909 1837 954 ad
1862 924 1946 954 eos

314 1000 459 1030 casus
486 994 707 1041 paratus,
741 984 819 1041 qui
845 1000 994 1041 saepe
1019 985 1221 1030 euenire
1256 987 1429 1035 solent,
1467 995 1515 1030 et
1549 986 1611 1031 ad
1647 1001 1733 1030 eos
1767 985 1946 1031 exami-

313 1061 518 1114 nandos,
546 1061 625 1117 qui
650 1056 755 1106 fere
780 1061 994 1117 quotidie
1020 1061 1236 1107 discendi
1260 1062 1425 1118 gratia
1451 1062 1512 1107 ad
1532 1072 1730 1107 nostras
1749 1063 1946 1108 scholas

314 1138 531 1183 ueniunt.
559 1137 637 1182 Ex
663 1153 758 1194 quo
782 1137 849 1190 fit,
873 1147 924 1183 ut
944 1138 988 1182 in
1009 1138 1111 1183 dies
1131 1138 1352 1195 singulos
1379 1139 1730 1195 discipulorum
1751 1149 1948 1184 crescat

314 1230 566 1270 numerus,
609 1225 657 1260 et
691 1216 844 1260 multo
886 1215 1044 1260 maior
1078 1215 1185 1260 fore
1221 1216 1432 1269 uidetur,
1470 1216 1509 1261 si
1545 1217 1636 1261 hoc
1671 1231 1800 1261 anno
1836 1216 1947 1272 agri

317 1308 453 1349 spem
478 1291 678 1337 futurae
702 1291 945 1337 ubertatis
970 1292 1223 1348 coeperint
1249 1293 1526 1338 ostendere.

373 1370 415 1414 4.
484 1369 562 1424 Hi,
606 1370 683 1425 qui
724 1379 835 1414 sunt
870 1369 975 1414 tere
1009 1369 1235 1421 trecenti,
1273 1369 1646 1426 diligentissime
1686 1369 1945 1423 docentur,

318 1462 414 1491 non
438 1447 596 1492 solum
632 1446 819 1497 literas,
857 1446 942 1491 sed
977 1446 1124 1491 etiam
1161 1446 1408 1497 uirtutem:
1447 1456 1493 1491 et
1527 1446 1573 1491 in
1609 1456 1818 1502 utroque
1853 1462 1948 1491 non

316 1523 592 1568 mediocres
616 1523 804 1568 faciunt
829 1538 1143 1579 progressus.
1173 1523 1389 1568 Peccata
1415 1538 1627 1581 namque
1650 1539 1800 1579 saepe
1834 1538 1947 1568 con-

316 1599 530 1657 fitentur,
573 1610 621 1645 et
653 1610 1029 1645 sacrosanctum
1066 1599 1248 1645 Christi
1283 1615 1465 1656 corpus
1500 1600 1787 1656 frequenter
1822 1600 1946 1646 acci-

316 1677 467 1734 piunt.

373 1754 416 1800 5.
490 1747 763 1799 Adhibetur
787 1763 953 1798 autem
980 1770 1007 1798 a
1034 1754 1286 1810 magistris
1311 1770 1499 1799 summa
1524 1769 1646 1799 cura
1671 1765 1718 1800 et
1743 1755 1948 1812 diligen-

317 1832 385 1877 tia
409 1832 455 1876 in
481 1847 655 1877 eorum
680 1831 852 1876 animis
877 1840 977 1876 tum
998 1831 1255 1876 literarum
1276 1831 1553 1877 eruditione
1573 1832 1823 1888 ornandis,
1848 1842 1949 1877 tum

316 1909 465 1955 etiam
488 1908 758 1954 christiana
790 1909 970 1965 pietate
1012 1909 1299 1954 imbuendis.
1339 1909 1435 1966 Qui
1471 1910 1666 1965 quidem
1701 1911 1859 1967 labor,
1899 1921 1948 1956 ut

318 1986 481 2032 multis
525 1986 679 2042 signis
724 1986 943 2031 iudicare
985 1987 1111 2043 licet,
1154 1987 1370 2031 maximo
1410 2002 1524 2032 cum
1564 1986 1729 2032 fructu
1769 1989 1948 2045 suscipi

317 2063 528 2109 uidetur.
556 2063 732 2108 Faciat
753 2063 887 2108 Deus
912 2062 1027 2119 Opt.
1052 2063 1201 2109 Maxi.
1226 2074 1276 2109 ut
1300 2064 1423 2109 haec
1443 2065 1605 2109 omnia
1626 2064 1687 2109 ad
1707 2065 1946 2111 honorem

317 2140 467 2197 ipsius
491 2139 783 2196 laudemque
808 2140 1102 2195 dirigantur.
1131 2140 1388 2186 Hactenus
1412 2140 1471 2186 de
1496 2142 1690 2186 scholis.

376 2217 418 2263 6.
486 2216 725 2273 Principis
765 2225 929 2262 autem
969 2217 1237 2262 cardinalis
1275 2233 1400 2274 erga
1444 2234 1532 2263 nos
1577 2218 1809 2275 animum,
1858 2220 1948 2265 etsi

319 2294 484 2339 multis
518 2294 614 2338 iam
647 2294 799 2338 literis
834 2294 942 2338 hinc
974 2294 1133 2339 missis
1158 2294 1260 2351 tibi,
1288 2294 1441 2340 Pater
1464 2295 1687 2347 colende,
1715 2295 1835 2341 satis
1870 2311 1948 2341 co-

317 2372 508 2429 gnitum
534 2381 944 2427 perspectumque
969 2387 1076 2417 esse
1101 2371 1404 2425 confidimus,
1432 2381 1598 2418 tamen
1624 2372 1750 2418 illius
1766 2373 1825 2418 *in
1859 2389 1949 2419 nos

319 2448 587 2505 singularis
619 2448 964 2493 beneuolentia
999 2447 1165 2506 efficit,
1204 2458 1255 2493 ut
1289 2449 1448 2493 nullas
1481 2448 1653 2494 literas
1686 2449 1790 2494 sine
1826 2449 1950 2495 tanti

320 2525 504 2571 amoris
528 2525 772 2569 mentione
792 2524 861 2570 ire
888 2525 1148 2581 patiamur.
1179 2525 1399 2570 Maxima
1419 2525 1546 2571 enim
1566 2541 1655 2571 nos
1675 2526 1949 2571 humanita-

319 2612 366 2647 te
411 2601 809 2657 liberalitateque
855 2602 1213 2659 complectitur,
1261 2602 1425 2647 omnia
1470 2611 1644 2648 nostra
1687 2611 1838 2659 grata
1884 2603 1947 2648 illi

319 2688 468 2735 atque
493 2679 702 2723 iucunda
727 2688 854 2723 sunt.
883 2678 987 2724 Nec
1012 2680 1167 2724 solum
1194 2694 1431 2735 praesens
1451 2680 1605 2724 multa
1625 2679 1765 2725 nobis
1785 2679 1947 2737 singu-

321 2755 438 2801 laris
462 2755 717 2800 cuiusdam
747 2755 931 2800 amoris
960 2755 1103 2812 signa
1137 2755 1365 2806 ostendit,
1402 2755 1488 2801 sed
1522 2756 1674 2801 multo
1709 2755 1754 2800 id
1789 2756 1949 2813 magis

320 2833 500 2878 absens
523 2832 692 2886 literis,
721 2848 841 2888 quas
875 2832 937 2877 ad
961 2847 1076 2877 suos
1102 2832 1263 2886 mittit,
1292 2831 1553 2888 significat.
1582 2832 1775 2889 Quibus
1799 2834 1948 2878 etiam

319 2924 469 2965 saepe
493 2908 718 2965 imperat,
748 2918 797 2953 ut
821 2909 1082 2964 diligenter
1105 2908 1400 2965 prouideant
1424 2924 1484 2954 ne
1509 2909 1621 2965 quid
1645 2909 1786 2954 nobis
1807 2909 1945 2954 desit.

368 3074 387 3092 a
438 3073 573 3109 Prius
593 3072 769 3109 Saturni.
