1909 3328
270 254 339 289 804
740 250 960 287 LITTERAE
987 250 1347 295 QUADmMEs'sREs

224 364 348 405 erga
388 363 478 392 nos
518 345 773 392 benefitiis
815 345 903 391 Est
938 354 985 390 et
1024 345 1195 390 Rmus.
1233 345 1502 390 cardinalis
1542 345 1805 401 burgensis
1846 346 1859 369 ¹

224 428 438 470 laetatus
462 424 800 478 uehementer,
828 423 980 468 literis
1015 423 1246 479 perlectis
1281 438 1408 479 quae
1443 421 1606 467 Roma
1634 428 1651 448 ἃ
1675 421 1738 466 ad
1772 436 1862 466 nos

224 504 425 557 allatae,
453 502 515 547 ad
539 500 647 559 ejus
681 517 856 546 manus
890 515 1185 557 peruencre3
1214 499 1432 557 dixitque
1469 500 1654 545 nullum
1684 499 1776 545 sibi
1800 499 1861 544 de

225 580 406 625 nostris
431 579 655 625 nuntium
690 578 870 624 laetius
905 577 1078 623 afferri
1117 578 1351 635 potuisse.
1380 575 1480 621 Sed
1504 576 1618 632 quia
1655 576 1769 621 mihi
1794 576 1862 620 in-

224 659 443 704 iunctum
468 666 543 702 est
567 656 626 701 de
650 655 796 714 hujus
831 656 1027 713 collegii
1066 655 1328 713 burgensis
1363 655 1514 700 rebus
1544 654 1783 708 scribere,
1810 662 1863 698 ut

225 735 378 780 moris
402 744 494 790 est,
521 734 581 779 de
606 734 699 779 hoc
723 734 870 779 latius
895 733 1060 778 dicere
1084 732 1441 789 supersedebo.

284 813 326 858 2.
395 813 606 858 Praeter
640 828 700 857 ea
735 811 1013 868 spiritualia
1048 825 1272 863 munera,
1301 809 1479 865 quibus
1511 808 1557 853 in
1592 807 1685 853 hoc
1718 808 1864 853 colle-

224 891 308 948 gio
339 890 533 943 Patres,
563 899 613 935 ut
648 900 1033 944 consueuerunt‚
1063 888 1365 943 incumbunt,
1392 885 1650 931 audiendis
1686 900 1862 941 nempe

226 967 638 1022 confessionibus,
676 981 888 1023 quarum
930 980 1115 1022 magna
1155 963 1287 1020 apud
1323 977 1412 1008 nos
1450 961 1731 1019 frequentia
1767 971 1859 1017 est,

226 1044 619 1090 administrando
639 1043 973 1089 eucharistiae
999 1050 1319 1087 sacramento
1338 1039 1579 1097 pluribus,
1608 1038 1685 1096 qui
1712 1038 1760 1083 in
1783 1053 1866 1083 no-

226 1133 380 1168 strum
417 1122 673 1176 sacellum,
712 1120 904 1166 feriatis
938 1119 1237 1176 praesertim
1272 1117 1462 1173 diebus,
1499 1115 1718 1161 studiose
1753 1132 1866 1161 con-

227 1211 453 1255 currunt,
502 1198 786 1244 dirimendis
833 1197 1014 1251 litibus,
1056 1196 1094 1241 si
1141 1211 1268 1253 quae
1313 1203 1603 1247 occurrunt,
1654 1192 1866 1239 uisendis

226 1278 468 1335 aegrotiS,
496 1276 820 1322 exhortandis
856 1274 918 1319 ad
954 1275 1182 1319 laborum
1219 1272 1538 1317 tolerantiam
1571 1270 1640 1316 eis
1671 1271 1751 1326 qui
1782 1285 1865 1315 ua-

228 1355 312 1402 riis
336 1354 707 1400 calamitatibus
744 1353 1067 1398 afflictantur:
1095 1362 1207 1396 sunt
1232 1361 1280 1395 et
1305 1349 1418 1404 alia,
1446 1364 1573 1406 quae
1597 1346 1867 1405 jucundam

228 1435 273 1479 in
314 1434 404 1478 hac
446 1432 649 1478 ciuitate
690 1430 1095 1476 consuetudinem
1140 1438 1365 1473 nostram
1411 1427 1591 1483 populo
1632 1424 1863 1481 reddunt,

229 1513 595 1566 multorumque
630 1509 770 1554 nobis
806 1508 997 1553 animos
1032 1507 1312 1551 conciliant.
1342 1504 1474 1550 Misit
1508 1503 1571 1548 ad
1606 1518 1696 1548 nos
1731 1502 1866 1547 hisce

228 1590 400 1635 diebus
424 1588 575 1633 Pater
595 1587 897 1632 Franciscus
922 1601 950 1629 a
976 1583 1130 1641 Borja
1150 1583 1556 1629 concionatorem
1582 1580 1865 1637 egregium,
1906 1631 1909 1636 ⁵

231 1667 425 1712 nomine
461 1665 741 1722 Baptistam
776 1666 808 1721 ²,
846 1664 1118 1708 toletanum
1157 1661 1370 1706 natione.
1405 1659 1501 1704 Hic
1534 1658 1726 1704 feriatis
1761 1657 1868 1702 fere

229 1745 403 1790 diebus
428 1744 472 1788 in
500 1743 596 1788 diui
622 1741 821 1798 Aegidii
853 1741 1196 1795 concionatur;
1231 1737 1486 1784 concurrit
1521 1737 1745 1793 populus,
1784 1734 1866 1779 ad-
1903 1731 1905 1733 ’

230 1832 343 1868 sunt
367 1822 605 1878 primates
640 1819 855 1876 plurimi3
884 1819 962 1864 ille
986 1817 1162 1875 spiritu
1194 1816 1355 1861 fertur
1392 1813 1687 1868 uehementi,
1716 1822 1764 1858 et
1786 1812 1869 1856 im-

234 1899 503 1957 perterrito
530 1899 667 1942 uultu.
693 1897 812 1942 uitia
837 1895 1089 1954 profligat.
1117 1894 1243 1940 Sunt
1268 1893 1417 1939 etiam
1441 1892 1587 1937 modo
1620 1890 1749 1935 domi
1773 1890 1870 1934 duo

231 1976 428 2023 diaconi
454 1977 484 2031 3,
508 1991 569 2021 ex
593 1975 687 2020 illis
711 1990 835 2031 quos
859 1974 941 2019 Pr.
964 1972 1268 2018 Franciscus
1292 1982 1343 2016 ut
1367 1970 1606 2016 ecclesias
1633 1968 1866 2024 inserent,

233 2054 511 2100 doctrinam
557 2051 879 2098 christianam
924 2051 1164 2096 docerent
1208 2059 1256 2094 et
1295 2048 1506 2094 clericos
1545 2045 1872 2102 burgensium
1905 2095 1907 2097 ,

233 2132 529 2178 dioeceseon
556 2130 963 2185 exhortarentur,
992 2128 1054 2173 ad
1082 2128 1227 2172 Rum.
1256 2125 1563 2172 cardinalem
1590 2124 1684 2169 hac
1708 2132 1870 2168 aesta-

234 2222 282 2257 te
307 2210 453 2266 misit,
482 2209 563 2265 qui
597 2208 643 2253 in
677 2208 864 2252 sacello
899 2215 1072 2251 nostro
1108 2206 1236 2250 intus
1261 2213 1310 2249 et
1333 2203 1474 2259 foris,
1502 2211 1554 2247 ut
1578 2201 1672 2246 loci
1707 2200 1873 2245 ferunt
1904 2246 1906 2248 ‚

234 2287 517 2345 angustiae,
561 2284 842 2331 astantibus
886 2282 1044 2329 turbis
1089 2280 1407 2338 euangelium
1453 2278 1641 2324 Christi
1681 2276 1871 2334 praedi-

233 2378 365 2423 cant,
387 2381 484 2411 non
508 2364 611 2409 sine
636 2363 919 2408 auditorum
955 2361 1131 2418 plausu
1166 2370 1215 2405 et
1248 2359 1528 2404 animorum
1553 2356 1615 2401 ad
1639 2357 1872 2412 pietatem

234 2443 579 2502 propensione.
611 2440 717 2486 Nec
750 2440 944 2485 fructus
978 2446 1065 2483 aut
1099 2435 1487 2494 praedicationis
1521 2433 1753 2479 assiduae
1788 2442 1873 2477 aut

234 2537 478 2579 syncerae
514 2521 721 2584 Patrum
756 2518 802 2564 in
836 2518 930 2563 hoc
966 2516 1146 2573 populo
1181 2513 1552 2561 consuetudinis
1577 2521 1663 2557 aut
1689 2510 1873 2556 oratio-

235 2601 309 2644 nis
333 2598 568 2654 omnium‚
597 2612 724 2653 quae
750 2594 995 2651 aliquibus
1019 2592 1421 2650 frequentissima
1447 2602 1536 2643 est,
1564 2604 1740 2646 parum
1766 2604 1872 2633 suc·
1905 2618 1909 2624 -

283 2763 300 2782 ³
322 2756 479 2791 Romae
501 2764 582 2790 ms.

286 2901 295 2919 ¹
348 2898 594 2935 Franciscus
613 2897 662 2933 de
682 2895 896 2932 Mendoza.

285 2960 297 2978 ²
348 2958 393 2995 P.
421 2957 608 3004 Baptista
633 2955 832 3000 Saneloez,
862 2955 910 2992 de
938 2966 1017 3001 quo
1045 2953 1150 2991 vide.
1180 2953 1247 2995 sis,
1276 2951 1484 2993 ASTRAIN,
1514 2948 1713 2986 Historia
1746 2946 1801 2984 de
1830 2946 1873 2983 la

242 3018 545 3064 Compm‘zia...,
566 3017 616 3060 II,
637 3015 707 3052 492
724 3027 827 3062 sqq.;
849 3014 930 3051 509.

285 3079 296 3097 ⁸
348 3076 531 3122 Quorum
550 3089 654 3113 unus
673 3076 757 3122 ipse
778 3075 975 3121 epistolae
996 3077 1149 3112 auctor.
1171 3076 1213 3108 ut
1233 3070 1403 3107 inferius
1421 3069 1579 3106 dicitur.
