1909 3328
282 296 349 331 604
751 297 972 333 LITTERAE
1000 297 1356 341 QUADRIMESTRES

237 391 343 435 aliis
378 392 620 435 nonnullis
657 393 997 448 apostolorum
1033 393 1220 448 diebus,
1263 395 1509 440 seminare
1550 411 1662 440 cum
1702 396 1866 441 fructu

235 478 542 524 perseuerat.
587 469 637 513 In
676 470 838 516 vicina
878 471 1119 526 parochia
1158 471 1305 517 etiam
1345 488 1474 518 nunc
1507 473 1666 529 primo
1702 475 1866 520 vocati

235 561 403 590 sumus
427 546 489 591 ad
513 546 786 593 audiendas
818 548 1173 593 confessiones.
1208 548 1283 594 De
1318 565 1414 605 qua
1449 565 1503 595 re
1537 551 1731 607 gratias
1765 552 1866 608 agi-
1902 590 1904 592 .

235 638 341 668 mus
366 623 474 668 Deo
500 624 630 680 quod
653 624 795 669 nobis
819 625 916 670 iam
940 625 1099 670 isthuc
1123 626 1254 671 viam
1280 627 1546 683 aperuerit.
1572 627 1626 672 In
1656 629 1867 685 collegio

234 701 381 745 etiam
417 700 585 756 plures
620 717 765 757 quam
805 703 1020 747 antehac
1060 719 1273 759 vnquam
1313 705 1616 750 conscientia
1655 706 1865 752 conuicti

234 776 448 822 confessi
473 787 601 823 sunt.
630 776 793 836 Saepe
814 780 979 824 vocati
1005 789 1117 825 sunt
1140 781 1368 836 germani
1393 781 1578 827 fratres
1596 783 1658 827 ad
1680 783 1866 829 vicinos

235 869 409 911 pagos;
436 855 522 899 sed
547 865 753 911 praeter
778 856 1088 913 Dionysium,
1117 857 1230 903 licet
1253 867 1302 903 et
1331 859 1390 903 de
1419 859 1501 904 illo
1535 860 1863 916 ambigamus,

233 933 608 978 conuenientem
633 948 776 990 quem
801 943 907 979 tuto
933 934 1256 980 extrudamus
1281 936 1465 981 nullum
1485 936 1739 983 habemus,
1768 937 1865 982 Do-

234 1009 428 1054 lendum
465 1025 772 1067 magnopere
806 1011 852 1056 in
888 1021 992 1056 tota
1028 1011 1133 1057 fere
1167 1010 1441 1058 Germania
1476 1029 1661 1070 paucos
1691 1030 1864 1071 opera·
1905 1004 1908 1008 ’

233 1087 333 1132 rios
357 1087 567 1132 inueniri
593 1103 777 1145 eosque
801 1088 1020 1146 idoneos,
1049 1089 1127 1146 qui
1151 1090 1333 1147 populo
1364 1090 1457 1136 Dei
1492 1091 1862 1148 praeficiantur.

236 1164 423 1210 Videre
448 1164 562 1210 licet
586 1166 632 1210 in
651 1174 753 1210 tam
772 1167 1036 1222 praeclara
1055 1167 1258 1212 ciuitate
1277 1168 1695 1225 straunbingensi‚
1719 1185 1862 1226 quam

232 1241 290 1285 R.
319 1241 372 1286 P.
402 1240 605 1287 Canisio
631 1242 677 1287 in
708 1251 937 1288 extrema
967 1245 1286 1289 sacerdotum
1320 1246 1528 1301 penuria
1563 1247 1864 1293 concredere

232 1318 385 1364 Illust.
414 1318 646 1376 princeps
670 1320 799 1375 apud
826 1335 1119 1366 caesaream
1144 1322 1455 1368 maiestatem
1480 1324 1680 1370 studuit.
1710 1325 1864 1370 Miror

230 1396 499 1442 Dominum
524 1396 684 1442 Iesum
709 1413 803 1443 non
831 1398 1054 1444 misereri
1079 1415 1229 1456 super
1248 1400 1343 1446 hac
1361 1401 1509 1463 turba
1529 1403 1542 1426 1
1563 1402 1698 1458 prius
1719 1419 1863 1460 quam

230 1482 335 1518 tota
367 1489 490 1530 gens
520 1484 710 1530 pereat,
748 1476 1144 1532 quandoquidem
1178 1478 1313 1522 multi
1348 1478 1509 1524 adhuc
1543 1480 1654 1525 iusti
1688 1496 1783 1526 non
1818 1481 1861 1526 in

231 1566 344 1608 vna,
393 1552 480 1597 sed
525 1552 570 1597 in
615 1553 832 1609 qualibet
876 1553 1077 1599 ciuitate
1123 1555 1438 1611 reperiantur
1482 1557 1513 1602 2.
1562 1555 1661 1602 Sed
1699 1558 1863 1604 miseri

228 1629 676 1686 straunbingenses
710 1647 839 1676 nunc
876 1631 1184 1688 decipiuntur
1218 1634 1428 1690 abrepto
1463 1649 1492 1679 a
1531 1634 1672 1680 nobis
1712 1635 1860 1681 Patre

229 1704 448 1763 Canisio‚
477 1707 555 1764 qui
580 1723 675 1753 non
700 1708 1001 1754 mediocrem
1026 1710 1221 1755 laudem
1244 1711 1375 1766 apud
1393 1711 1555 1757 Deum
1576 1722 1623 1758 et
1642 1712 1862 1759 homines

227 1783 326 1829 illic
350 1784 586 1830 emeritus
611 1794 701 1842 est,
728 1786 1097 1832 haereticorum
1129 1788 1352 1843 malleus⁷
1389 1787 1751 1836 firmamentum
1785 1807 1861 1836 ca-

227 1861 538 1919 tholicorum,
576 1873 750 1920 portus
781 1865 1179 1921 praesidiumque
1204 1864 1526 1923 Germaniae,
1554 1883 1698 1925 quem
1723 1868 1861 1914 doleo

227 1939 403 1985 abesse
443 1940 506 1985 ab
545 1940 628 1986 illa
668 1941 886 1994 ciuitate,
929 1942 1068 1987 cuius
1107 1958 1277 1988 casum
1316 1952 1364 1989 et
1403 1944 1653 1989 interitum
1694 1946 1861 2002 lugent

227 2032 397 2063 omnes
421 2018 500 2074 qui
534 2017 839 2065 Germaniae
872 2020 1280 2077 tranquillitatem
1318 2037 1590 2079 pacemque
1624 2032 1859 2080 exoptant

227 2104 275 2139 et
299 2106 586 2151 precantur.
614 2096 762 2141 Faxit
788 2097 1098 2154 omnipotens
1123 2108 1175 2144 vt
1198 2099 1338 2144 nobis
1361 2115 1512 2145 sanus
1536 2110 1583 2145 et
1606 2100 1860 2147 incolumis

229 2181 506 2228 opportune
531 2173 771 2218 reddatur
795 2174 826 2218 ³.

284 2249 326 2293 (3.
395 2248 581 2307 Nostri,
610 2250 719 2295 laus
743 2250 868 2307 Deo,
896 2251 1158 2308 proficiunt
1182 2253 1227 2298 in
1252 2253 1406 2299 literis
1431 2264 1479 2300 et
1508 2255 1709 2313 pietate;
1748 2271 1857 2312 pro-

224 2326 444 2372 fessores
477 2343 587 2372 cum
620 2327 766 2373 laude
790 2337 838 2373 et
862 2344 1047 2386 magna
1072 2331 1344 2377 autoritate
1369 2342 1581 2389 pergunt
1604 2333 1651 2378 in
1675 2332 1774 2379 suis
1799 2334 1858 2378 le-

224 2403 487 2449 ctionibus.
530 2404 787 2450 Laborum
828 2406 1118 2463 participem
1152 2408 1335 2454 habent
1367 2409 1763 2467 theologicorum
1802 2426 1859 2455 ac

224 2481 412 2526 socium
452 2481 506 2527 Ρ.
552 2482 872 2528 Theodorum
911 2483 1191 2535 Peltanum.
1239 2486 1318 2542 qui
1362 2487 1647 2543 praeteritis
1692 2488 1858 2533 diebus

224 2558 522 2616 Magistrum
545 2558 918 2607 Sententiarum
938 2562 1226 2618 auspicatus
1246 2573 1319 2609 est
1337 2565 1547 2621 publice,
1566 2574 1620 2611 vt
1638 2566 1856 2611 lauream

227 2652 323 2692 qua
350 2637 562 2683 donatus
587 2647 662 2684 est
685 2638 989 2696 iamdudum,
1017 2650 1385 2696 promereatur.

277 2866 284 2883 ¹
340 2863 403 2901 Cf.
426 2865 586 2911 MARc.,
608 2867 721 2913 VIII,
742 2867 775 2904 2.

273 2924 285 2943 ²
339 2923 402 2961 Cf.
426 2924 549 2968 GEN.‚
572 2926 728 2972 XVIII,
750 2927 796 2964 24
814 2940 899 2975 sqq.

269 2984 282 3002 ³
333 2984 378 3020 B.
394 2984 541 3022 Petrus
558 2985 750 3023 Canisius
766 2988 1020 3026 contionatus
1035 2988 1170 3025 fuerat
1184 2989 1530 3037 quadragesimali
1545 2995 1725 3038 tempore
1739 2991 1855 3039 hujus

223 3044 319 3080 anni
345 3042 636 3093 Straubingae;
669 3052 755 3093 post
783 3047 958 3084 Romam
987 3048 1036 3084 ad
1063 3049 1277 3095 generalia
1304 3050 1464 3086 comitia
1491 3050 1639 3087 ordinis
1664 3048 1855 3097 proficisci

225 3103 379 3141 debuit.
402 3103 468 3142 Cf.
497 3104 855 3150 BRAUNSBERGER‚
876 3108 951 3145 loc.
972 3108 1054 3152 cit„
1073 3107 1144 3145 222
1159 3120 1261 3156 sqq.;
1280 3108 1351 3145 274
1367 3122 1453 3157 sqq.
