1900 3380
463 222 825 258 &L‘VmDOBONA
857 221 903 257 28
929 224 1111 258 Aucus'ri
1146 223 1232 259 1557
1552 224 1622 260 1333

27 318 317 362 absolutum
343 318 400 362 iri
425 333 686 374 speramus
706 328 822 362 ante
843 316 1115 363 Octobrem
1138 319 1278 363 buius
1303 321 1415 364 anni
1439 320 1509 364 57.
1534 320 1666 376 Quo-

38 394 166 438 niam
205 409 324 438 vero
350 407 450 438 11οη
476 398 547 438 tot
567 398 690 438 suut
711 410 740 439 a
765 395 908 450 regia
934 394 1193 439 maiestate
1217 397 1445 439 (mzresss
1468 398 1671 441 nummi

33 475 155 528 quot
190 479 206 498 ³
243 486 482 526 praesens
517 487 638 526 opus
674 471 893 527 requirit,
932 472 995 516 ab
1035 471 1204 516 amicis
1243 474 1480 527 patronis
1514 474 1665 519 subsi-

36 547 165 592 dium
208 548 430 603 petimus,
474 548 602 603 quod
644 564 737 592 non
778 564 932 604 aegre
971 548 1211 593 hactenus
1252 550 1388 593 multi
1429 550 1662 605 impartiti

36 633 162 669 sunt.
197 625 485 669 Puerorum
520 639 718 681 quoque
751 629 996 680 parentes
1029 626 1299 681 opulentos
1324 626 1375 669 uz
1408 628 1664 671 auxilium

36 701 402 756 imploramus·
427 702 690 759 hucusque
724 702 871 746 lzaud
885 706 1117 759 grauate
1141 702 1267 759 qtu'd
1287 702 1663 749 subleuauu'm's

35 777 488 822 aa'mz‘m’stmrzmt.
515 777 611 834 Ipsi
636 778 773 833 pueri
802 779 847 823 in
868 794 1079 834 quorum
1100 779 1362 823 Vtilitatem
1388 779 1480 824 hoc
1500 780 1664 825 aedifi-

35 854 162 899 cium
198 853 442 899 foeliciter
477 870 587 899 cum
624 855 730 899 Deo
771 855 1051 911 incoeptum
1094 865 1184 911 est,
1220 855 1380 909 magis
1415 856 1665 901 laetantur

35 946 179 986 quam
225 930 435 986 ipsamet
479 931 672 984 ciuitas,
715 932 979 976 ostendunt
1022 932 1115 976 hoc
1160 932 1346 977 diurnis
1390 932 1661 985 laboribus,

34 1023 156 1063 quos
180 1007 386 1052 alternis
410 1008 621 1053 subeunt
649 1008 854 1058 vicibus,
885 1018 971 1053 aut
996 1009 1242 1065 portando
1267 1009 1521 1054 nobiscum
1551 1010 1664 1066 lapi<

33 1084 134 1139 des,
162 1087 254 1128 aut
282 1084 586 1129 (uiducemlo
620 1085 871 1138 intritum,
906 1094 990 1130 aut
1026 1085 1254 1130 fodiendo
1286 1084 1320 1141 b,
1357 1086 1459 1130 imo
1494 1102 1582 1130 nos
1617 1087 1665 1130 li-

33 1161 210 1206 berant
248 1176 277 1204 a
313 1161 507 1217 magnis
542 1162 753 1219 salariis,
796 1178 923 1219 quae
958 1163 1003 1207 111
1039 1163 1378 1207 mercenarios
1418 1163 1665 1208 insumere

34 1237 343 1282 deberemus.
374 1238 434 1282 Et
459 1254 596 1294 sane,
618 1238 742 1284 Rde.
772 1239 814 1283 in
837 1238 989 1283 Chro.
1017 1239 1184 1292 Pater,
1208 1255 1303 1284 non
1324 1255 1521 1295 possum
1547 1240 1667 1285 satis

33 1314 293 1359 declarare
327 1329 550 1360 amorem
585 1315 919 1360 studiosorum
951 1325 1239 1361 nostrorum
1274 1332 1400 1373 erga
1435 1331 1546 1373 nos,-
1584 1333 1664 1362 no-

33 1390 220 1436 biscum
260 1390 544 1448 defendunt,
586 1402 821 1447 quantum
857 1408 945 1448 pro
980 1392 1109 1438 virili
1144 1403 1365 1449 possunt,
1402 1393 1547 1439 fidem
1587 1409 1664 1439 ca-

31 1467 281 1525 tholicam,
310 1476 362 1513 vt
386 1484 445 1514 ne
474 1485 597 1513 vnus
632 1469 827 1525 quidem
862 1485 913 1514 se
949 1469 993 1514 in
1030 1470 1211 1515 nostris
1243 1471 1422 1516 scholis
1453 1471 1665 1527 prodere

32 1545 215 1590 audeat
248 1546 436 1590 habens
469 1547 681 1591 alienam
717 1563 746 1591 a
779 1547 921 1591 nobis
955 1547 1250 1605 opinionem,
1286 1549 1399 1605 quin
1434 1549 1666 1594 continuo

34 1622 289 1668 deferatur
313 1624 375 1668 ad
400 1633 797 1681 praeceptorem.

89 1698 131 1744 9.
198 1699 414 1745 Libellos
450 1700 753 1757 deprauatos
777 1717 837 1746 ac
861 1711 1118 1758 suspectos
1142 1703 1282 1747 nobis
1307 1704 1666 1748 examinandos

20 1775 252 1821 *offerunt
282 1777 437 1832 multi,
464 1793 542 1832 ne,
570 1779 699 1834 quod
734 1779 857 1824 alias
890 1794 1207 1836 summopere
1243 1780 1431 1837 timent,
1458 1781 1504 1825 in
1532 1796 1664 1827 erro-

33 1869 138 1898 rem
162 1853 378 1898 incidant
402 1854 710 1911 ignoranter.

94 1930 161 1976 10.
228 1930 280 1975 In
305 1930 433 1976 festo
457 1930 507 1977 S.
539 1941 852 1988 pentecostes
877 1933 949 1978 bis
973 1933 1243 1990 publice-in
1279 1934 1525 1991 frequenti
1560 1951 1665 1992 spe-

0 2000 281 2052 &matorum
327 2017 538 2053 caterua
578 2009 848 2055 exhibuere
882 2011 1130 2067 tragicam
1169 2012 1494 2069 comoediam,
1537 2028 1663 2068 quae

24 2084 315 2144 ,inscribitur
339 2086 516 2143 Pugna
535 2088 802 2144 voluptatis
826 2095 841 2115 ⁰
869 2098 917 2134 et
937 2089 1151 2143 virtutis,
1175 2098 1222 2134 et
1244 2089 1262 2115 ‘¹
1286 2105 1520 2146 magnam
1544 2105 1664 2135 sane

0 2173 3 2178 '
35 2162 229 2208 laudem
265 2172 313 2208 et
346 2164 559 2221 gloriam
593 2164 703 2210 inde
735 2166 1027 2211 retulerunt.
1054 2166 1259 2223 Fertur,
1287 2167 1546 2224 quendum
1579 2167 1663 2212 sti-

17 2244 269 2297 patorem
291 2242 451 2299 regis,
479 2243 618 2299 quod
638 2243 766 2288 adeo
786 2244 1060 2300 placuerit,
1083 2248 1244 2289 totam
1269 2245 1521 2289 actionem
1551 2258 1662 2289 (7072-

36 2318 262 2375 coepz'sse
287 2319 478 2375 auimo,
502 2324 551 2364 et
561 2325 748 2377 postea
766 2321 908 2366 domi
923 2322 1115 2378 prinus
1133 2321 1460 2367 lineamentis
1483 2322 1663 2367 adum-

23 2394 226 2440 brasse.
253 2394 432 2441 Statim
459 2398 698 2454 euulgata
722 2398 812 2443 fuit
835 2398 970 2443 fama
1005 2400 1190 2444 nullam
1214 2399 1273 2443 ad
1303 2399 1466 2443 viuum
1502 2399 1662 2455 magis

32 2473 399 2528 repraesentari
419 2489 564 2530 posse
584 2475 892 2520 comoediam
916 2481 947 2526 e,
972 2491 1115 2532 quam
1141 2485 1380 2525 nostram,
1404 2476 1472 2520 ita
1489 2475 1628 2533 quod
1651 2476 1662 2502 f

21 2548 209 2593 exinde
248 2548 396 2606 aliqui
437 2550 771 2607 ludimagistri
815 2552 1041 2597 occultae
1081 2552 1293 2597 inuidiae
1338 2551 1450 2608 quid
1488 2552 1534 2597 in
1573 2568 1662 2598 nos

21 2625 397 2681 -coneoepe1-int.

94 2700 160 2746 11.
225 2701 333 2746 Non
357 2703 536 2748 tacebo
559 2704 794 2759 pietatem
817 2705 995 2750 horum
1019 2714 1306 2750 nostrorum
1331 2720 1600 2760 puerorum
1623 2712 1658 2755 g:

79 2849 97 2871 ὃ
139 2845 279 2891 regiae
299 2845 524 2881 maiestatis
543 2845 736 2882 ministris
755 2859 834 2883 non
853 2851 1009 2883 tantum
1029 2846 1198 2893 pecunie
1218 2851 1414 2892 quantum
1507 2847 1662 2894 accepi-

33 2915 133 2940 mus.
185 2903 252 2931 —b
289 2908 328 2940 et
359 2905 448 2940 aliis
479 2905 713 2942 ministeriis
744 2906 889 2952 quibus
917 2906 1022 2943 add.
1053 2906 1148 2943 Pol.
1202 2912 1264 2932 —c
1290 2906 1593 2944 Emendatum
1612 2917 1663 2944 ex

20 2963 237 3010 voluptae,
265 2967 315 3000 ut
343 2964 530 3001 videtur.
584 2964 649 2991 —d
683 2970 723 3002 et
749 2965 855 3002 add.
885 2966 980 3003 Pol.
1034 2971 1097 2991 -θ
1118 2964 1255 3002 Prius
1280 2971 1593 3012 repraesentare

23 3022 295 3059 comoediam.
350 3023 406 3050 -f
452 3028 507 3061 vt.
562 3031 626 3059 —g
645 3024 713 3071 qui
732 3025 838 3062 add.
862 3025 955 3061 Pol.
