1909 3328
274 260 344 297 658
743 257 962 294 LITTERAE
989 256 1347 301 QUADRIMESTRES

287 358 327 401 4.
398 355 631 411 Vndique
667 355 792 400 enim
827 354 888 399 ad
924 353 1018 398 hoc
1052 352 1319 409 collegium
1343 367 1473 397 nunc
1506 351 1774 407 confluunt,
1810 359 1858 396 et

229 433 421 489 quidem
462 441 600 477 tanto
639 447 863 484 numero,
902 439 953 475 ut
987 439 1191 475 senatus
1225 429 1462 485 gaudeat,
1499 437 1548 473 et
1582 427 1744 473 cuncti
1777 427 1858 472 mi-

229 519 418 555 rentur.
446 509 497 553 In
524 509 628 553 solo
659 508 889 553 conuictu
920 523 1048 552 nunc
1082 505 1434 563 quinquaqinta
1458 514 1648 561 septem
1672 519 1855 562 sumus3

229 603 292 633 ex
316 588 508 644 quibus,
537 596 589 632 ut
623 586 760 631 multi
794 586 888 630 iam
921 583 1188 630 Societatis
1219 594 1346 639 sunt,
1380 584 1446 628 ita
1476 583 1645 640 plures
1677 582 1724 627 in
1759 582 1860 628 dies

229 681 337 710 esse
363 665 545 710 uolent.
574 663 683 709 Non
708 663 775 708 ita
799 663 983 707 multae
1017 661 1325 718 septimanae
1349 661 1550 717 elapsae
1575 670 1702 716 sunt,
1731 659 1860 716 quod

228 751 331 788 tres
355 740 548 799 egregii
573 741 916 786 adolescentes
940 749 988 784 et
1012 748 1224 784 naturae
1258 738 1456 783 dotibus
1490 737 1692 794 pulchre
1717 752 1858 782 exor-

229 820 346 876 nati,
374 819 503 876 apud
528 835 616 864 nos
642 834 769 863 nunc
806 816 1065 872 dialectici,
1093 832 1145 861 se
1170 816 1408 861 Societati
1442 815 1754 861 tradiderunt
1778 815 1857 860 ob-

229 897 342 942 nixe
387 905 639 953 rogantes,
683 906 734 940 ut
774 894 964 940 admitti
1011 895 1225 950 ualeant;
1269 908 1479 949 quorum
1518 907 1643 938 unus
1686 891 1861 937 nobilis

231 984 319 1025 est,
359 973 422 1019 M.
456 973 662 1033 Joannis
694 972 911 1018 Berkelii
942 970 1361 1017 buschoducensis
1400 986 1553 1026 nepos
1593 971 1623 1027 ¹3
1666 969 1746 1026 qui
1786 984 1860 1013 su-

230 1052 413 1108 periori
453 1068 581 1096 anno
617 1066 852 1107 magnam
887 1065 951 1094 ex
984 1048 1428 1094 declamationibus
1467 1047 1597 1104 apud
1637 1047 1861 1092 rhetores

230 1130 425 1175 laudem
451 1137 749 1175 consecutus
772 1136 861 1173 est.
884 1126 1040 1172 Venit
1072 1135 1336 1182 praeterea
1361 1125 1423 1170 ad
1447 1141 1536 1170 nos
1562 1125 1637 1170 uir
1662 1124 1860 1181 quidam

231 1208 423 1264 doctus,
450 1206 662 1253 39f01·te
693 1221 954 1261 annorum,
982 1204 1102 1249 iuris
1136 1203 1431 1260 licentiatus,
1469 1211 1517 1248 et
1550 1202 1860 1258 zutphanien-

230 1285 296 1331 sis
335 1285 622 1339 canonicus,
661 1284 738 1340 qui
775 1282 1059 1338 aliquandiu
1100 1281 1391 1338 Moguntiae
1426 1280 1862 1337 iurisprudentiam

232 1363 413 1417 docuit,
441 1372 489 1406 et
515 1377 601 1418 per
626 1376 782 1406 annos
816 1360 987 1405 decem
1013 1359 1273 1404 continuos
1309 1358 1473 1403 multis
1508 1358 1664 1403 modis
1688 1357 1750 1402 ad
1774 1356 1860 1402 So—

232 1441 462 1486 cietatem
488 1448 680 1484 tractus
705 1448 793 1483 est.
822 1438 1045 1483 Tandem
1080 1438 1224 1493 plane
1257 1451 1425 1481 secum
1460 1444 1700 1488 statuens,
1729 1434 1861 1491 quod

231 1528 493 1562 uocantem
519 1525 566 1561 et
590 1516 867 1561 trahentem
899 1514 1056 1559 Deum
1079 1513 1217 1570 sequi
1243 1514 1405 1570 uellet,
1434 1512 1763 1569 Zutphaniam
1790 1527 1862 1557 re-

231 1596 469 1652 linquenS,
499 1593 757 1638 Coloniam
792 1591 1048 1648 profectus
1082 1602 1171 1648 est,
1200 1600 1248 1636 et
1272 1590 1334 1636 ad
1359 1590 1624 1647 collegium
1659 1589 1863 1635 ueniens

231 1671 292 1717 R.
320 1671 373 1717 P.
400 1671 667 1716 Leonardo
693 1669 990 1715 desiderium
1015 1684 1156 1715 suum
1182 1668 1429 1725 exposuit,
1454 1668 1663 1724 supplex
1692 1675 1863 1723 petens

233 1759 286 1795 vt
326 1749 661 1805 reciperetur,
707 1756 937 1804 paratum
982 1762 1034 1791 se
1079 1746 1141 1791 ad
1183 1745 1349 1791 officia
1392 1745 1635 1791 culinaria
1676 1753 1723 1790 et
1767 1743 1864 1789 alia

233 1826 399 1873 omnia
433 1825 767 1871 abiectissima
802 1825 949 1870 etiam
990 1824 1229 1869 offerens.
1272 1823 1415 1880 Quae
1454 1822 1660 1868 audiens
1695 1822 1861 1877 Pater,

234 1914 281 1950 et
311 1903 529 1949 animum
564 1903 669 1947 eius
704 1902 998 1959 intelligens,
1027 1911 1135 1958 post
1159 1900 1584 1957 deliberationem,
1612 1898 1865 1957 respondit

232 1997 285 2027 se
309 1997 421 2027 eum
447 1991 761 2036 recepturum
797 1979 859 2024 ad
895 1979 1242 2035 probationem
1276 1978 1443 2024 statim
1477 1987 1626 2034 atque
1660 1992 1750 2022 sua
1783 1991 1862 2021 ne-

234 2060 371 2116 gotia
411 2057 626 2103 nonnihil
665 2057 974 2114 Zutphaniae
1010 2056 1385 2113 composuisset.
1427 2055 1504 2101 Ad
1537 2055 1662 2100 haec
1696 2062 1864 2100 rector

235 2137 434 2183 scholae
479 2136 886 2181 bartolomeanae
936 2134 1064 2191 apud
1113 2134 1390 2179 leodienses
1438 2133 1681 2178 iuniorem
1724 2146 1864 2176 suum

235 2214 382 2260 filium
409 2212 646 2259 Societati
672 2212 819 2267 dedit,
846 2220 894 2257 et
918 2211 980 2256 ad
1004 2227 1091 2256 nos
1117 2210 1405 2267 transmisit,
1434 2210 1571 2256 cuius
1604 2208 1764 2254 frater
1793 2223 1865 2253 se·

235 2293 342 2338 nior
368 2291 648 2337 licentiatus
673 2291 792 2335 iuris
825 2289 929 2335 istis
965 2289 1136 2335 diebus
1171 2305 1283 2335 cum
1317 2289 1557 2334 Anselmo
1591 2287 1752 2332 fratre
1786 2301 1864 2331 no-

238 2380 342 2416 stro
383 2371 476 2415 hac
515 2368 747 2415 transiuit
789 2368 1002 2412 Romam
1048 2366 1383 2424 profecturus,
1436 2374 1486 2411 vt
1528 2381 1581 2411 se
1626 2361 1867 2409 Societati

241 2448 320 2492 det
345 2448 377 2493 2.

286 2600 294 2617 ¹
348 2597 504 2634 Forsan
532 2596 605 2634 fuit
625 2596 657 2632 is
676 2594 882 2642 Georgius
907 2593 1137 2642 Eynthouts
1156 2593 1204 2630 de
1224 2606 1303 2640 quo
1331 2593 1375 2630 P.
1398 2592 1549 2629 Kessel
1577 2591 1779 2629 scribebat
1806 2590 1867 2627 die

236 2657 281 2693 27
301 2657 515 2694 Februarii
546 2656 648 2693 1560:
735 2655 907 2702 «primus
926 2658 987 2691 est
1006 2653 1213 2700 Georgius
1232 2653 1463 2701 Eynthouts
1482 2651 1794 2689 buscoducensis
1820 2662 1869 2687 ex

238 2717 361 2753 nobili
381 2716 575 2763 progenie
596 2721 720 2753 ortus.
742 2714 841 2751 Eius
855 2718 984 2761 pater,
1001 2725 1091 2750 cum
1108 2713 1278 2755 viveret,
1297 2712 1371 2749 fuit
1386 2712 1527 2749 consul
1541 2709 1865 2748 buscoducensiS.

239 2775 312 2812 Est
330 2777 487 2812 iuvenis
507 2776 721 2812 admodum
741 2773 979 2819 tractabilis,
1009 2773 1059 2809 ad
1086 2773 1221 2809 omnia
1249 2772 1411 2809 videtur
1438 2770 1764 2809 accommodus...
1793 2769 1868 2806 duo
1893 2787 1895 2790 ·

239 2836 331 2871 anni
359 2841 464 2879 sunt,
496 2836 600 2882 quod
627 2834 873 2872 scholarium
900 2832 1117 2870 Societatis
1137 2837 1274 2869 votum
1303 2832 1505 2870 emisit»...
1527 2831 1653 2878 Apud
1678 2830 1866 2875 HANsEN‚

240 2895 503 2932 Rlzeinz'sclze
521 2896 722 2937 Aleten...,
742 2894 824 2939 347,
847 2897 985 2930 annot.
1010 2893 1040 2929 1.

287 2953 298 2972 ²
350 2954 502 2990 Rector
521 2954 752 3000 praedictae
772 2950 1098 2998 scholae-Leodii
1115 2955 1202 2987 erat
1218 2950 1269 2988 D.
1287 2949 1502 2988 Gerardus
1516 2949 1784 2987 Gerardinus.
1803 2945 1866 2984 Cf.

240 3013 394 3050 chz'nz'i
411 3014 620 3054 Monam..
642 3013 691 3059 II,
712 3012 793 3057 446,
815 3011 897 3058 462,
918 3011 999 3049 463.
1022 3011 1150 3048 Filius
1169 3010 1237 3058 qui
1257 3009 1472 3048 Coloniam
1492 3009 1615 3055 venit,
1637 3009 1778 3046 eodem
1803 3019 1867 3044 no-

240 3073 345 3109 mine
366 3074 595 3119 appellatur
623 3074 663 3109 in
689 3074 877 3119 catalogo
905 3072 1069 3119 collegii
1097 3071 1339 3108 coloniensis
1365 3070 1543 3107 ineuntis
1574 3069 1669 3106 anni
1699 3067 1789 3105 1559
1816 3066 1868 3112 (in
