1915 3437
19 3074 27 3093 ,Ι

458 251 816 288 25.-Ρ[,οκΕΝΤΙΑ
850 251 892 286 13
918 250 1154 286 FEHRUARH
1186 250 1274 285 1537
1571 252 1636 286 113

2 407 14 415 Ι
51 350 382 408 prosequitur,
409 363 500 394 nec
524 347 627 393 sine
652 346 894 405 spirituali
918 346 1101 402 fructu,
1134 347 1212 403 qui
1250 347 1294 391 in
1332 347 1681 403 frequentatio-

50 443 109 474 ne
143 435 576 472 sacramentorum
617 434 828 482 apparet
867 433 916 469 et
955 424 1093 483 uitae·
1128 424 1489 480 emendatione,
1532 425 1681 470 etiam

49 519 221 550 eorum
268 503 348 559 qui
388 502 523 559 prius
563 501 946 558 frequentationi
986 509 1416 546 sacramentorum
1456 502 1681 547 detrahe-

50 582 183 637 bant,
211 595 340 625 nunc
374 589 540 625 autem
575 588 623 624 et
658 587 975 624 sacramenta
1009 577 1345 634 frequentant,
1382 589 1430 624 et
1464 579 1585 624 alios
1620 582 1680 625 ad

6 659 16 668 '
49 666 366 703 sacramenta
391 656 656 713 pelliciunt,
684 665 732 701 et
756 655 839 700 uix
862 656 1013 701 ullum
1039 655 1270 700 solatium
1297 656 1555 712 recipiunt,
1593 658 1682 703 nisi

49 750 158 780 cum
182 735 261 780 uel
284 743 396 779 sunt
419 734 465 779 in
490 734 672 791 templo
691 743 881 789 nostro,
903 734 980 778 uel
1000 742 1285 778 nostrorum
1307 733 1549 779 intersunt
1568 750 1681 779 con—

49 811 284 856 cionibus.
312 810 415 856 Imo
439 826 535 855 non
559 810 735 856 desunt
759 810 955 866 aliquae
978 819 1185 855 sanctae
1209 825 1269 855 ac
1294 809 1462 856 fideles
1486 811 1683 856 animae

48 896 148 933 tam
171 887 247 944 pie
272 887 331 932 de
355 887 495 933 nobis
518 887 801 944 sentientes,
829 896 881 932 ut
904 887 1094 943 perpeti
1115 902 1168 933 se
1186 887 1333 932 malle
1352 887 1682 943 profiteantur

50 964 176 1009 mille
210 973 413 1020 morteS,
440 979 585 1021 quam
622 979 651 1009 a
686 965 841 1009 nostri
876 964 1044 1021 templi
1079 964 1213 1009 cultu
1249 964 1517 1020 prohiberi:
1556 976 1603 1011 et
1642 966 1679 1010 si

48 1041 242 1099 quando
266 1041 381 1087 alibi
404 1041 605 1086 missam
632 1042 853 1098 audiunt,
890 1042 1188 1087 necessitate
1224 1051 1448 1099 coactae,
1485 1044 1683 1089 minime

49 1119 138 1165 sibi
163 1119 460 1164 satisfacere
486 1134 632 1175 posse
655 1119 933 1168 uideantur.

105 1197 147 1241 5.
214 1195 378 1252 Aliqui
403 1196 577 1241 eadem
603 1196 786 1253 pietate
810 1197 1042 1242 commoti
1064 1196 1346 1243 desiderant
1371 1206 1438 1253 ut,
1461 1213 1572 1243 cum
1592 1213 1682 1254 per

49 1283 254 1319 mortem
279 1273 348 1318 eis
372 1273 432 1319 de
457 1274 550 1320 hac
574 1274 676 1320 uita
701 1274 958 1320 discedere
982 1275 1267 1332 contigerit,
1301 1290 1481 1332 corpus
1506 1291 1680 1322 eorum

47 1351 94 1396 in
116 1351 287 1396 eodem
311 1351 496 1407 templo
528 1360 701 1397 nostro
736 1352 1022 1408 sepeliatur.
1061 1352 1244 1397 Dicunt
1278 1352 1428 1398 etiam
1462 1353 1677 1398 nonnulli

0 1482 1 1487 ¹
48 1442 100 1472 se
133 1442 314 1484 magno
348 1427 531 1473 nostris
571 1428 820 1485 obligatos
860 1444 968 1474 esse
1008 1429 1172 1475 debito
1212 1429 1512 1487 gratiarum,
1551 1431 1679 1486 quod

48 1512 307 1560 postquam
332 1513 605 1560 coeperunt
628 1520 801 1550 eorum
828 1505 1066 1552 interesse
1100 1506 1436 1562 concionibus,
1474 1518 1574 1553 tum
1602 1508 1680 1552 de-

48 1595 178 1626 mum
201 1579 499 1636 resipuerint
523 1581 587 1626 ab
612 1581 668 1626 iis
692 1582 911 1628 tenebris
935 1583 1212 1629 uanitatum
1238 1593 1285 1630 et
1309 1584 1543 1630 uitiorum
1578 1585 1680 1641 qui-

51 1656 138 1702 bus
160 1672 212 1702 se
245 1666 352 1702 tota
387 1666 621 1704 anteacta
655 1659 758 1705 uita
794 1660 1050 1706 deuinctos
1085 1660 1237 1706 fuisse
1267 1672 1595 1719 cognoscunt,
1633 1672 1681 1708 et

49 1743 149 1780 tum
184 1734 378 1779 demum
412 1737 668 1792 coeperint
703 1737 815 1794 quid
850 1738 910 1783 sit
945 1753 1064 1784 uere
1099 1738 1419 1785 christianum
1455 1754 1564 1785 esse
1599 1756 1680 1786 ex-

49 1811 212 1868 periri.

105 1891 148 1937 6.
214 1893 347 1940 Inter
385 1896 474 1941 hos
508 1895 752 1952 quaedam
791 1903 865 1939 est
905 1894 1095 1950 mulier,
1138 1909 1200 1939 ex
1239 1894 1558 1940 concionibus
1597 1911 1678 1940 no-

49 1976 265 2015 strorum
290 1986 552 2029 conuersa,
582 1972 708 2017 adeo
740 1971 1071 2028 poenitentiae
1105 1971 1285 2028 dedita,
1312 1981 1365 2017 ut
1397 1972 1513 2017 nihil
1547 1973 1677 2018 aliud

48 2043 198 2092 faciat
222 2048 325 2094 siue
349 2049 673 2105 manducans,
700 2049 804 2094 siue
827 2049 1017 2103 bibens,
1044 2063 1130 2094 seu
1151 2049 1282 2094 aliud
1302 2049 1483 2105 aliquid
1502 2064 1676 2107 agens,

50 2136 192 2178 quam
215 2134 423 2181 peccata
447 2141 538 2172 sua
564 2126 746 2172 deflere
770 2134 817 2171 et
850 2141 1032 2182 corpus
1067 2141 1345 2181 macerare,
1383 2136 1677 2183 perpetuum

49 2197 269 2247 dolorem
294 2202 339 2248 in
363 2203 515 2249 corde
547 2203 751 2260 habens,
785 2203 916 2260 quod
950 2202 1113 2249 Deum
1148 2202 1430 2249 offenderit.
1470 2203 1532 2249 Et
1566 2219 1677 2249 cum

50 2275 152 2332 ipsa
175 2279 274 2324 suis
300 2281 525 2326 manibus
551 2296 747 2338 panem,
776 2295 872 2337 quo
907 2281 1059 2326 uitam
1096 2296 1238 2327 suam
1273 2290 1538 2338 utcumque
1573 2296 1678 2327 sus-

50 2361 219 2411 tentat,
241 2355 324 2401 uix
344 2357 588 2414 acquirat,
611 2366 778 2403 tamen
803 2359 956 2403 multa
976 2357 1021 2403 in
1043 2358 1392 2403 eleemosinam
1415 2357 1674 2415 elargitur,

50 2444 109 2475 ea
131 2431 219 2477 sibi
242 2432 301 2478 de
320 2433 453 2479 uictu
478 2433 729 2491 auferens,
757 2449 968 2491 eumque
992 2434 1081 2480 sibi
1106 2434 1466 2491 sapidissimum
1498 2449 1675 2491 panem

50 2507 334 2557 existimans
357 2527 448 2568 pro
474 2510 772 2558 CHRISTO
798 2527 976 2558 carere
999 2527 1141 2569 pane.

108 2583 148 2629 7.
214 2586 265 2631 In
289 2597 460 2633 nostro
485 2598 651 2634 autem
686 2589 869 2646 templo
903 2604 932 2635 a
966 2589 1137 2645 paucis
1171 2589 1281 2634 hinc
1315 2588 1485 2633 diebus
1524 2588 1678 2634 Pater

50 2656 248 2708 Fuluius
273 2665 284 2688 ¹
311 2665 596 2711 concionari
620 2665 798 2722 coepit.
826 2665 991 2722 Quam
1015 2665 1239 2711 omnibus
1263 2674 1500 2721 acceptus
1524 2665 1602 2723 sit,
1628 2674 1678 2710 et

51 2735 280 2796 frequens
303 2742 604 2789 audientium
635 2758 888 2800 numerus,
925 2753 973 2789 et
1007 2744 1271 2789 multorum
1307 2742 1634 2800 lachrym[ae]
1659 2746 1676 2763 ‘¹

97 2906 117 2924 ἲ*
164 2908 364 2948 Abscissa
385 2912 536 2949 ἅπαντα
556 2913 626 2949 hic
646 2917 684 2949 et
702 2913 821 2958 infra
843 2915 887 2950 iu
909 2914 1113 2950 extremis
1135 2912 1340 2949 versibus.

99 3065 110 3083 ¹
160 3064 203 3102 P.
224 3066 394 3105 Fulvius
413 3069 648 3113 Androtius„
672 3070 786 3112 Ibid.‚
810 3070 888 3108 1239.

191 3148 354 3178 LlT'EERAE
379 3150 675 3184 QUADmMESTRES.
698 3151 786 3179 TOM.
809 3152 844 3180 V.
965 3182 973 3185 ,
1552 3152 1569 3175 ⁸
