1909 3328
243 253 313 287 066
707 250 924 286 LITTERAE
951 250 1307 293 QUADRIMESTRES

198 364 295 403 sus,
338 348 400 392 ibi
435 355 772 392 commoratus
811 354 885 390 est
919 346 1076 392 donec
1112 354 1466 402 praeceptores
1504 346 1739 392 lectiones
1771 346 1817 392 in

198 424 437 469 classibus
471 423 723 480 explicare
757 422 1045 479 inciperent.
1088 422 1214 468 Cum
1247 422 1399 480 igitur
1433 423 1478 468 id
1507 424 1604 469 iam
1629 432 1819 480 tempus

198 501 508 558 postulasset,
537 515 704 545 omnes
728 500 914 546 classes
938 516 1254 557 percurrens,
1293 516 1381 557 per
1415 501 1612 557 aliquod
1635 510 1818 558 tempo-

198 578 264 622 ris
287 577 495 633 spatium
524 591 692 622 omnes
716 587 1070 634 praeceptores
1093 577 1266 623 audire
1299 578 1509 635 curauit;
1552 579 1682 635 quod
1704 578 1820 636 ipsis

198 655 344 699 etiam
367 654 676 699 scholasticis
699 654 916 700 animum
940 655 1140 712 addidit,
1164 655 1557 701 existimantibus
1575 656 1820 713 quampri-

200 748 328 776 mum
353 732 442 776 sibi
482 732 675 788 publice
714 732 937 788 praemia
976 733 1314 790 proponenda,
1357 748 1501 790 quae,
1541 733 1632 779 nisi
1670 733 1818 791 falor,

198 825 343 865 quam
368 808 600 854 citissime
625 819 978 866 proponentur.

292 886 432 931 Haec
475 894 609 943 sunt,
652 887 774 932 Rde.
822 887 994 944 Pater,
1042 903 1170 944 quae
1213 888 1259 933 in
1302 887 1586 945 praesentia
1625 887 1737 933 mihi
1777 887 1822 932 in

199 975 408 1010 mentem
428 974 687 1010 venerunt.
709 964 756 1009 Α
780 973 827 1010 te
850 974 1041 1011 tantum
1065 965 1275 1022 petimus
1299 981 1390 1023 pro
1413 965 1553 1011 nobis
1577 965 1639 1010 ad
1662 964 1822 1011 Deum

200 1042 314 1098 Opt.
342 1042 476 1087 Max.
505 1042 790 1099 frequentes
815 1058 988 1099 preces
1013 1043 1190 1089 fundas
1216 1053 1268 1090 vt
1290 1043 1430 1089 nobis
1464 1043 1679 1100 aliquam
1705 1058 1823 1088 suae

200 1120 399 1177 gratiae
437 1119 698 1164 scintillam
724 1119 955 1176 dignetur
979 1120 1268 1177 impetrare,
1309 1136 1406 1178 qua
1444 1121 1487 1166 ei
1525 1119 1823 1166 sacrificium

202 1196 359 1242 laudis
379 1196 568 1242 offerre
587 1197 847 1253 possimus.
875 1197 1206 1255 Olyssippone
1224 1198 1418 1255 prid[i]e
1443 1198 1534 1245 cal.
1557 1197 1671 1258 Julii
1694 1197 1821 1244 1559.

292 1273 369 1319 Ex
393 1274 738 1319 commissione
762 1274 874 1320 Rdi.
901 1275 955 1320 Ρ.
983 1274 1240 1321 Francisci
1264 1275 1562 1333 Henriquez,

985 1370 1025 1414 F
1031 1384 1304 1416 RANCiscus
1337 1370 1585 1416 ALUAREZ
1615 1372 1646 1416 ¹.

297 1483 589 1540 Inscriptio.
615 1488 640 1537 †
664 1484 743 1529 Ao
765 1484 864 1529 mui
887 1483 1014 1529 Rdo.
1051 1483 1230 1541 Padre,
1273 1484 1317 1530 el
1351 1484 1513 1530 Padre
1536 1485 1743 1541 general
1766 1484 1826 1531 de

203 1562 250 1606 la
275 1560 567 1618 Compafiia.
597 1560 689 1607 Em
713 1561 892 1607 Roma.

252 1732 260 1750 ¹
314 1729 547 1767 Secundum
583 1729 796 1777 epistolam
831 1729 1003 1766 Antonii
1039 1730 1286 1767 Monserrati
1327 1731 1513 1778 superius
1548 1736 1825 1774 memoratam,

206 1803 344 1827 mense
359 1790 468 1837 Julio
490 1790 580 1826 1559
599 1795 687 1826 erat
706 1790 903 1837 magister
921 1790 1066 1827 tertiae
1086 1790 1239 1828 classis.
1262 1791 1327 1828 De
1348 1804 1394 1828 eo
1420 1791 1542 1828 etiam
1569 1791 1746 1838 intelligi
1774 1791 1828 1828 vi-

206 1851 366 1895 dentur,
388 1863 492 1897 quae
511 1850 713 1887 habentur
731 1850 771 1886 in
791 1851 977 1897 catalogo
997 1850 1161 1897 collegii
1180 1851 1461 1898 olisiponensis
1486 1851 1580 1888 anni
1609 1851 1700 1888 1565
1725 1851 1825 1896 (cod.

208 1910 312 1947 Lus.
338 1910 404 1952 43,
426 1909 490 1946 fol.
512 1910 594 1955 2533
617 1911 727 1957 prius
744 1909 842 1954 612>:
868 1909 1106 1946 «Francisco
1126 1910 1275 1955 Aluez,
1297 1912 1460 1947 natural
1479 1911 1527 1948 de
1547 1910 1659 1948 Aina
1678 1911 1727 1948 do
1751 1911 1831 1948 bis-

206 1970 307 2017 pado
327 1970 375 2006 de
397 1970 536 2007 Viseo.
558 1970 716 2007 Entrou
735 1983 787 2008 na
807 1969 1061 2017 Companhia
1079 1983 1103 2006 a
1120 1970 1167 2006 ‘26
1185 1971 1233 2007 de
1253 1970 1364 2008 Maio
1383 1971 1432 2007 de
1451 1971 1552 2016 1556;
1574 1970 1635 2007 {ez
1655 1984 1697 2008 os
1717 1976 1829 2008 votos

206 2030 298 2067 dela
317 2030 394 2077 day
414 2043 437 2066 a
456 2035 539 2067 tres
558 2043 684 2067 annos
704 2042 831 2077 pouco
849 2031 951 2067 mais
970 2043 1021 2067 ou
1041 2043 1192 2068 menos.
1214 2031 1302 2068 Leo
1320 2031 1421 2068 latin
1439 2036 1584 2078 quatro
1603 2042 1742 2076 annos;
1765 2031 1829 2068 de-

206 2091 291 2137 pois
310 2091 429 2127 ouuio
449 2103 470 2127 o
490 2103 606 2127 curso
625 2091 696 2127 das
714 2095 836 2136 artes,
858 2103 880 2127 e
899 2103 1026 2137 agora
1045 2092 1108 2129 lee
1137 2096 1253 2128 outra
1272 2104 1345 2128 vez
1373 2091 1473 2128 latin
1500 2096 1614 2129 neste
1642 2091 1828 2139 collegio.

206 2150 272 2187 He
292 2156 440 2188 mestre
463 2165 512 2189 en
532 2156 681 2188 artes».
