1900 3380
503 228 843 265 192—MESSANA
869 227 892 264 9
918 227 1180 265 SEPTEMBms
1210 226 1301 263 1558
1596 225 1666 262 793

70 336 165 371 etc.
201 324 394 381 Questa
428 326 580 369 uersa
615 324 695 380 piu
729 339 818 380 per
852 339 1030 369 seruar
1065 323 1319 368 l'instituto
1354 322 1479 367 delle
1515 321 1710 379 quadri-

71 402 240 447 mestri
276 401 366 446 che
400 416 490 458 per
524 401 708 447 esserci
742 416 861 446 cosa
885 400 931 446 di
956 416 1119 445 nuouo
1150 401 1314 457 degna
1344 399 1550 445 d'auiso.
1579 398 1713 445 Pure

70 479 281 525 hauemo
306 479 369 524 da
393 478 701 535 ringratiare
725 478 785 524 N.
807 477 857 523 S.
881 478 1010 523 della
1029 477 1432 533 frequentatione
1462 476 1577 522 delli
1600 492 1710 522 san·

69 555 239 602 tissimi
274 556 576 601 sacramenti
604 556 649 601 di
673 555 973 601 confessioni
999 570 1025 600 e
1049 554 1329 600 cornunioni
1354 555 1445 599 che
1469 554 1508 599 si
1532 553 1585 599 fa
1609 555 1708 600 nel-

68 635 116 679 la
154 644 328 679 nostra
367 634 534 679 chiesa
573 633 1014 687 ordinariamente,
1057 648 1151 677 non
1191 631 1519 677 mancandoci
1556 632 1655 678 mai
1689 636 1712 657 a

70 712 201 756 buon
227 726 454 767 numero;
482 726 508 755 e
532 713 637 756 cosi
661 711 756 755 alle
780 710 1014 766 prediche
1038 725 1064 755 e
1089 709 1291 754 lettioni.

127 788 168 834 2.
237 787 409 845 Questi
434 788 597 845 giorni
623 804 710 845 per
734 787 902 845 gratia
921 787 999 832 del
1024 786 1240 843 Signore
1264 787 1303 831 si
1328 802 1450 831 sono
1478 802 1711 832 accomo-

69 867 184 912 date
208 867 385 911 alcune
418 866 621 922 capitali
656 865 915 921 nemicitie;
943 864 982 909 si
1007 879 1095 909 son
1120 863 1244 909 fatte
1268 863 1379 909 fare
1410 863 1710 909 restitutioni

67 960 94 989 e
119 943 425 989 riconciliate
451 943 636 999 moglie
670 958 765 988 con
799 942 830 987 li
862 941 1043 986 mariti.
1073 941 1136 986 Et
1171 942 1302 986 oltra
1333 941 1379 985 di
1404 951 1580 997 questo
1616 957 1711 987 con

68 1022 235 1066 l'aiuto
260 1021 371 1066 delli
396 1020 551 1066 nostri
576 1022 752 1066 alcune
786 1020 947 1064 donne
972 1017 1153 1063 infideli
1177 1018 1216 1063 si
1246 1033 1368 1063 sono
1395 1018 1575 1064 ridotte
1611 1020 1711 1065 alla

69 1098 197 1144 fede.

125 1175 168 1221 3.
234 1174 316 1221 Da
350 1175 473 1221 certi
508 1175 629 1220 mesi
654 1175 698 1219 in
725 1189 822 1230 qua
857 1173 896 1218 si
930 1188 1053 1218 sono
1087 1173 1259 1218 hauuti
1294 1173 1375 1229 piu
1409 1172 1592 1217 scolari
1619 1174 1712 1219 che

68 1269 155 1310 per
180 1253 422 1309 l'adietro‚
451 1252 462 1296 i
487 1252 620 1309 quali
645 1251 1016 1297 assiduamente
1041 1250 1205 1295 hanno
1225 1249 1528 1307 frequentati
1553 1250 1583 1295 li
1609 1260 1708 1296 stu-

67 1331 147 1388 dii,
174 1334 234 1376 ne
258 1330 476 1375 curatosi
502 1330 548 1374 in
573 1329 697 1375 certi
721 1328 870 1385 tempi
895 1328 975 1373 far
999 1328 1043 1373 le
1069 1328 1301 1373 vacantie
1336 1328 1426 1373 che
1460 1327 1575 1373 dalli
1602 1328 1708 1384 gio-

66 1409 180 1455 uani
205 1425 293 1465 per
316 1418 542 1454 costume
568 1407 795 1464 sogliono
820 1422 958 1452 esser
982 1406 1281 1451 desiderate.

124 1487 168 1532 4.
236 1485 350 1544 Qua
374 1486 405 1531 il
441 1489 623 1531 vecere
650 1485 655 1508 '
686 1485 929 1530 l'hauemo
962 1485 1148 1529 hauuto
1183 1499 1379 1541 sempre
1414 1478 1713 1530 fauoreuole

67 1580 93 1609 e
133 1565 291 1622 questi
330 1563 495 1621 giorni
536 1563 977 1619 particolarmente
1012 1577 1100 1618 per
1133 1577 1231 1606 una
1266 1561 1549 1617 prouisione
1583 1560 1714 1607 satta

67 1652 246 1688 contra
286 1642 409 1688 certi
453 1641 546 1686 che
582 1640 832 1686 noiauano
877 1639 924 1685 di
964 1640 1136 1696 parole
1175 1639 1336 1696 questi
1376 1639 1502 1685 delle
1542 1648 1712 1685 nostre

69 1721 254 1766 scuole.

127 1798 146 1810 μ.

125 1812 167 1843 o.
235 1798 273 1842 Il
296 1812 505 1842 numero
530 1796 643 1841 delli
667 1795 822 1840 nostri
847 1796 892 1840 di
917 1810 1038 1841 casa
1073 1792 1202 1852 dopo
1227 1796 1317 1840 che
1342 1810 1567 1840 uennero
1592 1795 1710 1840 l'an-

66 1892 128 1922 no
153 1885 358 1933 passato
383 1874 528 1932 quelli
564 1874 610 1919 di
645 1874 826 1930 Roma,
853 1876 879 1918 6
905 1873 1154 1919 cresciuto
1180 1873 1226 1918 di
1251 1873 1331 1930 piu
1356 1873 1492 1918 circa
1527 1872 1709 1928 dodici,

66 1963 146 1999 tra
181 1953 314 2010 quali
349 1968 471 1998 sono
506 1951 621 1997 stati
656 1960 733 1996 tre
769 1951 1034 1996 sacerdoti.
1078 1949 1140 1996 Et
1171 1951 1511 1996 ultimamente
1547 1950 1614 1995 s'e
1648 1949 1710 1995 ri-

66 2043 247 2078 ceuuto
284 2047 345 2077 un
381 2030 679 2088 spagnuolo,
707 2030 930 2075 toletano
966 2029 998 2086 2,
1026 2029 1117 2074 che
1141 2044 1232 2086 per
1256 2044 1395 2074 esser
1418 2037 1552 2074 stato
1576 2028 1711 2073 assai

65 2112 348 2158 desiderato
387 2126 414 2155 e
453 2120 725 2166 procurato
765 2109 828 2155 da
868 2125 930 2154 un
971 2109 1145 2166 signor
1180 2109 1275 2153 don
1311 2107 1627 2153 Bernardino
1662 2106 1710 2153 di

67 2189 306 2235 Cordoua
336 2204 425 2245 per
455 2188 663 2232 hauerlo
699 2186 744 2232 in
778 2202 869 2232 sua
904 2202 1041 2241 casa,
1070 2202 1157 2243 per
1191 2201 1331 2230 esser
1366 2195 1541 2242 questo
1577 2186 1710 2230 buon

66 2267 254 2312 musico
279 2282 305 2311 e
330 2280 546 2323 persona
581 2264 627 2309 di
662 2266 791 2310 buon
827 2264 1055 2319 costumi‚
1085 2267 1144 2309 ne
1170 2263 1214 2308 le
1240 2278 1497 2320 promesse
1529 2261 1710 2318 grandi

65 2343 154 2388 che
179 2343 368 2389 l'erano
390 2342 534 2397 fatte,
561 2345 622 2386 ne
645 2356 772 2386 anco
798 2357 896 2386 una
920 2340 1147 2386 heredita
1172 2340 1263 2385 che
1288 2339 1317 2384 li
1344 2339 1523 2384 ueniua
1548 2354 1637 2395 per
1662 2339 1710 2383 la

65 2430 225 2466 morte
250 2421 379 2466 della
404 2419 593 2475 madre,
621 2434 647 2464 e
672 2427 800 2464 tutto
836 2419 881 2464 in
919 2419 1078 2476 questi
1113 2417 1275 2474 giorni
1312 2417 1404 2462 che
1440 2427 1587 2462 staua
1618 2431 1711 2473 per

66 2498 322 2543 risoluersi
348 2498 429 2543 dal
453 2497 652 2553 mondO,
681 2496 789 2542 dico
824 2506 954 2542 tutto
990 2496 1066 2541 cio
1090 2511 1187 2541 non
1214 2500 1240 2541 e
1265 2503 1397 2540 stato
1423 2496 1654 2540 bastante
1679 2509 1710 2540 a

112 2655 131 2674 a
182 2655 393 2692 Praeced.
414 2654 598 2691 verbnm
618 2653 725 2690 add.
747 2658 885 2700 supra
904 2664 1096 2691 versum.

116 2801 125 2819 ¹
174 2799 355 2846 Joannes
374 2799 423 2835 de
443 2798 483 2834 la
503 2796 653 2839 Cerda,
675 2797 755 2833 dux
773 2797 822 2833 de
844 2796 1107 2833 Medinaceli.

112 2859 125 2879 ²
175 2859 221 2895 In
239 2859 428 2905 catalogo
442 2856 608 2903 collegii
623 2855 898 2893 messanensis
914 2855 1065 2892 mensis
1082 2854 1337 2901 Septembris
1351 2855 1447 2891 anni
1465 2853 1557 2891 1559
1569 2866 1711 2890 recen-

64 2923 177 2955 setur
195 2918 359 2965 quidam
378 2916 623 2953 Franciscus
637 2916 686 2953 de
705 2915 875 2957 Toledo,
897 2916 947 2952 de
966 2927 1045 2962 quo
1060 2914 1161 2950 nihil
1176 2919 1342 2961 praeter
1356 2926 1505 2951 nomen
1520 2914 1707 2958 habetur.

65 2977 257 3015 Fortasse
276 2977 326 3014 de
345 2977 420 3014 hoc
439 2976 588 3022 agitur.
612 2974 840 3022 Catalogus
860 2974 1090 3022 praedictus
1110 2979 1300 3010 servatur
1318 2974 1359 3010 in
1378 2973 1516 3010 codice
1533 2972 1616 3010 Sic.
1634 2972 1705 3018 59,

64 3050 102 3074 n.
123 3037 210 3075 90v.
