2043 3467
345 270 392 306 86
814 269 1034 306 LITTERAE
1062 269 1420 314 QUADRIMESTRES

293 366 340 410 lo
365 367 377 390 ¹
404 376 451 411 et
484 365 756 421 Antonino,
793 365 825 410 il
859 365 1005 422 quale
1040 364 1263 410 anchora
1297 363 1426 409 tiene
1461 379 1583 408 cura
1617 363 1746 409 della
1779 363 1938 420 prima

294 442 480 488 schola.

352 519 393 564 2.
461 518 652 575 Queste
674 517 801 563 feste
826 518 956 563 della
986 517 1343 563 circoncisione
1379 525 1427 561 et
1460 516 1738 573 epiphania,
1776 532 1932 562 sonno

293 604 423 641 state
456 594 755 640 confessioni
786 594 846 640 de
878 594 1028 639 molte
1052 609 1264 650 persone
1289 594 1378 639 che
1403 608 1500 638 non
1524 592 1720 639 s'erano
1744 592 1934 638 confes-

292 672 384 718 sati
411 687 500 728 per
524 671 571 716 la
596 670 725 716 festa
750 672 810 716 de
835 671 1004 716 natale
1029 680 1077 716 et
1100 671 1160 716 de
1184 672 1312 716 altre
1346 670 1437 715 che
1471 685 1559 726 per
1592 685 1644 715 se
1679 669 1938 715 confessar

293 749 391 794 allo
415 763 602 805 spesso,
630 748 669 793 si
693 747 1017 794 confessorno
1042 748 1263 794 anchora
1288 756 1459 804 queste
1479 747 1770 803 sopradette
1789 746 1932 796 feste.

350 825 392 871 3.
460 824 576 871 S'ha
600 824 887 870 confessato
913 825 956 870 le
981 825 1272 870 domeniche
1307 833 1355 869 et
1390 824 1566 868 alcune
1600 822 1741 878 feste,
1780 832 1828 869 et
1862 823 1932 868 c’e

293 912 424 948 stato
458 902 708 948 mediocre
738 916 984 946 concorso
1015 901 1127 947 delli
1151 900 1385 957 auditori,
1412 909 1461 945 et
1485 900 1709 945 anchora
1732 899 1936 945 s'hanno

293 980 582 1026 confessato
607 978 743 1024 molti
775 979 891 1035 ogni
926 978 1198 1024 domenica.
1239 976 1410 1023 Siamo
1445 977 1668 1022 anchora
1703 976 1871 1021 andati
1906 991 1935 1021 a

294 1057 553 1103 confessar
586 1057 653 1113 gli
689 1056 982 1113 prigioneri,
1019 1066 1068 1101 et
1101 1071 1190 1112 per
1224 1055 1392 1113 gratia
1428 1055 1503 1100 del
1538 1053 1753 1111 Signore
1787 1069 1839 1099 se
1874 1069 1935 1099 ne

292 1135 456 1181 hanno
490 1134 777 1180 confessato
811 1133 973 1179 alcuni
1005 1133 1051 1179 di
1081 1134 1207 1191 loro,
1241 1142 1289 1178 et
1313 1132 1540 1178 anchora
1564 1146 1653 1188 per
1677 1130 1934 1187 agiuttarli

292 1214 371 1258 nel
395 1212 647 1268 corporal,
684 1211 842 1256 siamo
876 1210 963 1256 iuti
997 1210 1027 1255 il
1060 1211 1273 1256 sabbato
1307 1224 1396 1265 per
1430 1209 1477 1253 la
1511 1218 1650 1253 terra
1685 1206 1949 1252 cercando

293 1289 565 1335 elemosina
590 1304 682 1334 con
707 1288 774 1345 gli
798 1287 934 1333 sachi
959 1287 1005 1332 in
1029 1288 1174 1341 collo,
1202 1296 1250 1332 et
1274 1285 1585 1343 portatosila,
1608 1299 1701 1330 con
1721 1284 1768 1329 la
1788 1284 1934 1341 quale

293 1382 346 1413 se
369 1382 429 1412 ne
452 1381 609 1412 sonno
635 1365 785 1411 molto
810 1364 1051 1410 consolati
1076 1373 1124 1410 et
1148 1363 1380 1410 recreati.

352 1444 395 1489 A.
463 1441 545 1488 Gli
575 1441 792 1488 scholari
822 1442 974 1487 fanno
1008 1440 1208 1498 profitto
1242 1441 1368 1486 nelle
1403 1440 1580 1484 lettere
1614 1447 1661 1483 et
1695 1439 1822 1483 bone
1857 1453 1934 1483 co—

293 1521 456 1578 stumi,
484 1520 552 1577 gli
576 1520 707 1577 quali
727 1534 885 1565 sonno
905 1519 952 1564 in
971 1534 1179 1564 numero
1198 1518 1256 1564 90
1274 1518 1353 1563 vel
1373 1518 1509 1563 circa
1528 1525 1690 1573 cento,
1712 1515 1781 1572 gli
1801 1515 1934 1571 quali

295 1613 391 1643 non
415 1612 572 1643 sonno
596 1596 831 1652 continui,
859 1604 907 1640 et
931 1610 1020 1651 per
1045 1595 1122 1641 cio
1146 1610 1241 1640 non
1267 1594 1305 1639 si
1335 1596 1433 1650 puo
1470 1594 1562 1638 ben
1598 1606 1869 1637 conoscere
1903 1590 1936 1636 il

294 1689 500 1721 numero
525 1674 647 1719 loro.

385 1751 482 1797 Per
506 1759 682 1808 questa
706 1765 801 1796 non
826 1750 973 1807 altro,
1000 1764 1053 1795 se
1076 1764 1173 1794 non
1205 1746 1616 1793 raccomandarsi
1651 1745 1804 1791 molto
1838 1745 1934 1790 nel-

296 1830 339 1874 le
363 1837 506 1874 sante
530 1827 746 1873 orationi
771 1827 829 1872 de
853 1826 920 1872 V.
949 1825 1010 1871 R.
1038 1834 1086 1871 et
1110 1826 1169 1871 de
1193 1825 1303 1870 tutti
1329 1824 1396 1882 gli
1421 1823 1532 1868 Rdi.
1564 1822 1630 1868 P}
1654 1831 1702 1868 et
1731 1821 1931 1867 fratelli.

295 1906 359 1951 Di
382 1905 626 1961 Monreal,
654 1903 827 1949 vltimo
852 1903 898 1948 di
923 1901 1145 1949 Gienaro
1174 1902 1301 1947 1557.

386 1983 484 2029 Per
507 1982 678 2028 ordine
702 1981 780 2027 del
804 1980 881 2026 Re
908 1981 985 2041 Jo.
1009 1980 1212 2025 RubieS.
1240 1979 1316 2024 De
1340 1979 1407 2024 V.
1435 1978 1495 2023 R.
1520 1993 1667 2023 seruo
1692 1977 1738 2022 in
1764 1975 1872 2034 X.⁰,

1410 2071 1585 2118 SANTA
1620 2071 1812 2117 CROCE.

386 2184 677 2241 Inscriptio.
714 2188 742 2236 †
776 2183 842 2228 Al
866 2183 1018 2227 molto
1042 2182 1169 2227 Rdo.
1196 2182 1244 2227 in
1268 2180 1360 2226 X?
1384 2179 1612 2225 P.211P.e
1644 2178 1766 2224 Mro.
1790 2177 1947 2238 JacOm

296 2264 360 2308 bo
389 2263 610 2319 Laynez,
646 2259 838 2305 vicario
872 2259 1112 2316 generale
1148 2259 1275 2304 della
1306 2256 1623 2313 Compagnia
1659 2256 1717 2301 de
1750 2255 1871 2315 Jesu
1905 2269 1935 2300 a
2026 2252 2031 2276 ⁴¹

298 2340 476 2386 Roma.

387 2417 506 2462 Alia
529 2431 747 2463 mauu...
776 2416 924 2461 Ricf‘ll
947 2415 998 2460 17
1023 2414 1208 2459 Martii.

348 2597 357 2616 ¹
409 2596 454 2632 In
485 2595 768 2632 informatione
801 2593 969 2631 rectoris
1004 2591 1273 2640 panormitani
1308 2602 1431 2637 supra
1466 2589 1589 2626 citata
1623 2591 1861 2626 recensetur
1893 2586 1945 2623 ini
2006 2590 2034 2602 '⁹‘

298 2656 440 2692 incolis
455 2655 619 2701 collegii
638 2653 947 2700 Montisregalis
966 2651 1109 2689 Nicolo
1129 2651 1226 2688 delli
1245 2649 1382 2695 Greci,
1403 2649 1533 2686 socius
1553 2648 1776 2696 coadjutor.
2008 2656 2012 2664 ’
