1900 3380
406 286 695 322 toa—MONTE
722 287 891 321 REGALI
921 285 963 320 10
993 283 1197 321 Ocronms
1229 284 1316 321 1557
1553 284 1622 319 7105

42 384 127 430 ciis
151 384 370 439 impense
395 382 766 427 comendamus.
794 379 1085 437 Ingolstadii
1108 379 1136 422 8
1155 379 1261 423 idus
1281 379 1515 425 Octobris
1539 380 1664 423 1557.

129 460 189 506 R.
217 460 270 505 P.
297 460 355 504 T.
384 474 447 505 ex
471 459 818 504 commissione
853 456 953 502 Καὶ
978 457 1101 502 Ρ1·15.
1132 456 1343 502 rectoris
1380 458 1405 511 ¹,
1443 456 1670 513 indignus

42 539 87 584 in
112 537 200 583 X.⁰
225 551 417 592 seruus,

896 611 1212 656 THEODORUS
1246 610 1515 655 ffirmms
1547 612 1578 655 ².

792 812 885 863 105

367 934 418 978 P.
459 932 950 978 ELEUTHERIUS
984 930 1355 977 PONTANUS

460 1038 598 1063 MONTE
628 1037 789 1063 REGALI
820 1026 862 1062 10
891 1036 1085 1063 OCTOBRIS
1116 1025 1206 1061 1557
1232 1026 1257 1061 ³.

47 1115 78 1150 1.
111 1113 421 1158 Confitenlinm
449 1121 677 1154 numerus,
708 1111 1009 1147 maximorum
1037 1110 1249 1146 z'mbm‘mn
1281 1110 1516 1151 occasione,
1548 1109 1680 1146 valde

116 1175 273 1210 auctus
300 1170 463 1208 esa—2.
492 1171 725 1208 Auxilimn
753 1180 924 1207 carcere
948 1170 1132 1206 inclusis
1151 1170 1356 1206 allatum.
1377 1170 1447 1205 --5.
1481 1169 1676 1209 Alnnmi,

115 1233 165 1270 ob
184 1233 382 1278 inopiam
402 1231 526 1268 libris
545 1233 753 1274 carentes,
772 1231 915 1275 magis
929 1231 1090 1276 pietate
1103 1239 1239 1276 qnam
1255 1230 1410 1266 litteris
1426 1231 1677 1275 proficiam.

118 1294 156 1328 4.
189 1292 308 1330 Cives
327 1303 427 1337 erga
449 1291 706 1328 Societatem
727 1291 831 1327 bene
849 1290 1012 1336 affecti.

111 1378 148 1423 1.
215 1376 361 1435 Jesus
400 1380 428 1429 †
462 1375 640 1420 Maria.
682 1374 735 1420 10
768 1373 948 1421 Octob.
990 1373 1116 1420 1557.
1146 1368 1251 1419 Pa&
1287 1373 1488 1420 Christi.
1526 1373 1680 1435 Molto

50 1455 110 1500 R.
131 1454 177 1500 in
201 1453 292 1499 X.O
315 1453 495 1498 Padre.
519 1452 711 1509 Questo
737 1467 870 1497 mese
894 1467 983 1508 per
1006 1450 1173 1509 gratia
1197 1451 1242 1496 di
1268 1451 1364 1497 Dio
1383 1451 1496 1497 tutti
1520 1451 1563 1496 ci
1588 1450 1678 1495 513-

50 1547 127 1578 mo
151 1532 244 1577 ben
270 1530 502 1576 ritrouati
537 1530 583 1575 in
618 1538 832 1587 utroque
866 1529 1075 1586 homine,
1104 1538 1151 1575 et
1176 1529 1289 1575 nelli
1313 1529 1442 1574 soliti
1476 1528 1680 1574 esserci-

51 1609 102 1656 tii
126 1608 255 1654 della
279 1607 608 1665 Compagnia,
637 1607 1064 1652 administratione
1089 1606 1199 1652 delli
1223 1606 1545 1662 sacramenti,
1572 1621 1679 1662 pre-

42 1685 208 1743 diche,
236 1685 439 1742 lettioni,
464 1700 614 1742 opere
638 1684 714 1741 pie
738 1684 969 1741 occupati
994 1684 1208 1729 secondo
1233 1684 1280 1729 13
1303 1693 1477 1729 nostra
1501 1683 1681 1729 medio-

56 1763 195 1817 crita,
232 1761 324 1808 c'on
365 1762 500 1808 aiuto
540 1762 719 1807 alcuno
758 1761 871 1807 delli
910 1761 1155 1817 prossimi.
1193 1761 1332 1806 Molti
1366 1761 1411 1806 di
1452 1761 1684 1806 continuo

57 1855 285 1897 uengono
319 1839 417 1885 alla
451 1838 766 1884 confessione
797 1849 845 1884 et
879 1837 1239 1895 communione,
1276 1840 1316 1883 51
1350 1838 1440 1884 che
1473 1839 1686 1883 bastano

55 1933 143 1975 per
167 1932 416 1975 occupare
442 1916 472 1961 11
497 1916 576 1962 doi
600 1915 851 1962 sacerdoti
875 1916 966 1962 che
991 1931 1087 1973 qua
1109 1930 1283 1973 sonno;
1306 1924 1354 1961 et
1378 1931 1543 1961 uanno
1569 1915 1685 1960 mul-

41 1995 363 2053 ·tiplicandosi
397 2005 444 2040 et
479 1994 620 2051 quasi
654 1993 771 2050 ogni
805 1993 984 2050 giorno
1018 2008 1249 2050 uengono
1284 1993 1417 2050 pesci
1454 1993 1601 2038 nuoui
1641 1993 1687 2038 al

1 2135 3 2138 .
26 2104 29 2107 -
57 2081 162 2119 rete
180 2072 258 2117 del
281 2071 512 2128 Signore;
540 2074 662 2128 pero
681 2070 712 2116 li
736 2070 899 2128 giorni
923 2070 1111 2127 passati
1135 2071 1267 2116 assai
1291 2070 1373 2127 piu
1391 2070 1471 2116 del
1493 2070 1638 2116 solito
1662 2073 1688 2115 e

29 2152 32 2156 ’
58 2157 186 2195 stato
219 2148 412 2206 grande
447 2148 477 2193 il
511 2163 757 2193 concorso
793 2148 903 2193 delli
928 2147 1179 2205 penitenti,
1212 2148 1395 2205 perche
1420 2148 1449 2192 il
1473 2146 1689 2204 Signore

2 2241 5 2294 j
58 2227 219 2279 hauea
241 2227 446 2272 turbato
471 2226 660 2283 l’acque
694 2225 807 2271 delli
841 2225 1005 2283 popoli
1029 2226 1107 2271 601
1130 2225 1331 2283 flagello
1356 2225 1485 2271 della
1507 2241 1599 2270 sua
1623 2224 1689 2270 ui-

2 2326 5 2369 ,j
60 2303 311 2361 sitatione,
348 2312 400 2349 ut
433 2303 493 2348 de
527 2303 719 2348 ciuibus
752 2302 937 2348 nostris
970 2318 1065 2348 non
1100 2302 1376 2359 incongrue
1410 2302 1502 2347 dici
1537 2301 1692 2358 possit

5 2413 7 2447 1
61 2382 339 2445 dauidicum
362 2381 496 2426 illud:
524 2380 650 2446 Curn
672 2380 926 2426 occideret
944 2395 1045 2437 eos,
1068 2381 1378 2437 quaerebant
1398 2395 1525 2433 eum,
1550 2388 1598 2424 et
1617 2395 1691 2424 re-

4 2461 7 2506 5
62 2461 388 2506 uertebantur
412 2468 461 2505 et
484 2459 698 2504 diluculo
721 2458 988 2504 ueniebant
1012 2459 1075 2504 ad
1099 2474 1207 2504 eum
1232 2459 1265 2504 4.
1301 2457 1524 2504 Essendo
1544 2444 1638 2502 'che
1663 2457 1693 2501 il

7 2569 9 2599 3
63 2537 240 2595 giorno
264 2537 311 2582 di
342 2535 393 2582 S.
422 2535 610 2582 Cosma
645 2544 693 2582 et
727 2536 992 2594 Damiano,
1019 2535 1066 2582 id
1101 2545 1176 2582 est
1216 2535 1377 2581 311127
1402 2535 1447 2580 di
1482 2534 1692 2580 Settem-

65 2616 166 2672 bre,
193 2623 333 2660 tanto
357 2613 501 2671 pioue
523 2614 612 2659 che
631 2614 676 2659 16
695 2629 869 2671 acque,
892 2614 936 2659 le
956 2613 1101 2670 quale
1128 2613 1386 2659 cadeuano
1411 2612 1538 2657 dalle
1563 2626 1693 2656 mon·
1724 2617 1729 2625 '

4 2705 9 2756 J
65 2693 248 2749 taigne,
281 2691 524 2748 impirono
551 2692 644 2737 ben
669 2700 813 2737 cento
838 2707 954 2737 case
979 2707 1006 2736 o
1032 2691 1114 2748 piu
1138 2700 1186 2737 et
1209 2698 1520 2747 guastorono
1545 2704 1693 2746 quan-

43 2783 46 2788 ·
67 2779 117 2815 to
137 2769 182 2815 in
201 2785 310 2815 esse
328 2769 368 2814 si
387 2768 667 2826 ritrouaua,
688 2767 956 2826 frumento,
978 2768 1099 2824 letti,
1123 2769 1255 2824 vino,
1281 2766 1561 2812 vestimenti
1579 2776 1692 2823 etc.;

2 2931 10 2946 ·'
80 2954 83 2956 -
116 2930 125 2954 ¹
179 2925 224 2963 P.
246 2925 424 2963 Thomas
440 2925 657 2963 Lentulus.
678 2926 834 2963 Laz'm'z'
850 2925 1063 2969 splommz„
1084 2924 1133 2970 II,
1159 2923 1237 2961 178.

115 2984 128 3004 ²
176 2985 241 3022 De
262 2985 460 3032 epistolae
479 2990 646 3022 auctore
665 2985 758 3022 vide
777 2984 1137 3028 BRAUNSBERGER,
1159 2983 1235 3020 loc.
1256 2982 1338 3028 cit.,
1359 2982 1529 3020 382-383.

117 3045 129 3064 ³
179 3044 242 3082 Ex
257 3045 511 3092 autographo
530 3045 570 3082 in
589 3046 726 3083 codice
747 3046 847 3083 Ital.
869 3045 963 3088 109,
986 3044 1027 3082 ff.
1048 3043 1217 3089 458-459;
1239 3043 1350 3091 prius
1366 3042 1448 3080 277.

117 3104 131 3124 ⁴
179 3105 247 3142 Ps.
269 3104 488 3152 LXXVII,
504 3105 561 3142 34.
