<?xml version="1.0" encoding="UTF-8"?>
<!DOCTYPE html PUBLIC "-//W3C//DTD XHTML 1.0 Transitional//EN"
    "http://www.w3.org/TR/xhtml1/DTD/xhtml1-transitional.dtd">
<html xmlns="http://www.w3.org/1999/xhtml" xml:lang="en" lang="en">
 <head>
  <title>
</title>
<meta http-equiv="Content-Type" content="text/html;charset=utf-8" />
  <meta name='ocr-system' content='tesseract 3.04.00' />
  <meta name='ocr-capabilities' content='ocr_page ocr_carea ocr_par ocr_line ocrx_word'/>
</head>
<body>
  <div class='ocr_page' id='page_1' title='image "./litteraequadrime1705lain_0763.png"; bbox 0 0 1900 3380; ppageno 0'>
   <div class='ocr_carea' id='block_1_1' title="bbox 639 202 1694 262">
    <p class='ocr_par' dir='ltr' id='par_1_1' title="bbox 639 202 1694 262">
     <span class='ocr_line' id='line_1_1' title="bbox 639 202 1694 262; baseline -0.002 -12"><span class='ocrx_word' id='word_1_1' title='bbox 639 214 934 251; x_wconf 56' lang='lat' dir='ltr'>17s.—B1vom</span> <span class='ocrx_word' id='word_1_2' title='bbox 969 215 979 250; x_wconf 83' lang='lat'>1</span> <span class='ocrx_word' id='word_1_3' title='bbox 1012 225 1115 262; x_wconf 74' lang='lat' dir='ltr'>JUL11</span> <span class='ocrx_word' id='word_1_4' title='bbox 1146 215 1236 251; x_wconf 65' lang='lat'>1558</span> <span class='ocrx_word' id='word_1_5' title='bbox 1500 202 1505 206; x_wconf 57' lang='grc'>’</span> <span class='ocrx_word' id='word_1_6' title='bbox 1630 212 1694 248; x_wconf 80' lang='grc'>731</span> 
     </span>
    </p>
   </div>
   <div class='ocr_carea' id='block_1_2' title="bbox 119 307 1758 2150">
    <p class='ocr_par' dir='ltr' id='par_1_2' title="bbox 119 307 1751 987">
     <span class='ocr_line' id='line_1_2' title="bbox 178 307 1744 367; baseline -0.001 -13"><span class='ocrx_word' id='word_1_7' title='bbox 178 309 220 354; x_wconf 59' lang='grc'>«0».</span> <span class='ocrx_word' id='word_1_8' title='bbox 279 309 374 354; x_wconf 68' lang='lat' dir='ltr'>P.⁸&#39;</span> <span class='ocrx_word' id='word_1_9' title='bbox 395 325 589 366; x_wconf 89' lang='lat' dir='ltr'>quoque</span> <span class='ocrx_word' id='word_1_10' title='bbox 610 319 777 354; x_wconf 86' lang='lat' dir='ltr'>rector</span> <span class='ocrx_word' id='word_1_11' title='bbox 798 311 1004 355; x_wconf 84' lang='lat' dir='ltr'>alternis</span> <span class='ocrx_word' id='word_1_12' title='bbox 1024 311 1194 356; x_wconf 87' lang='lat' dir='ltr'>diebus</span> <span class='ocrx_word' id='word_1_13' title='bbox 1214 326 1266 355; x_wconf 88' lang='lat' dir='ltr'>su</span> <span class='ocrx_word' id='word_1_14' title='bbox 1277 308 1496 367; x_wconf 86' lang='lat' dir='ltr'>[m]mam</span> <span class='ocrx_word' id='word_1_15' title='bbox 1522 308 1681 353; x_wconf 79' lang='lat' dir='ltr'>me&#39;</span> <span class='ocrx_word' id='word_1_16' title='bbox 1696 314 1713 334; x_wconf 80' lang='lat'>³</span> <span class='ocrx_word' id='word_1_17' title='bbox 1738 307 1744 330; x_wconf 89' lang='lat'>¹</span> 
     </span>
     <span class='ocr_line' id='line_1_3' title="bbox 120 386 1748 444; baseline 0 -14"><span class='ocrx_word' id='word_1_18' title='bbox 120 386 493 444; x_wconf 86' lang='lat' dir='ltr'>interpretatur,</span> <span class='ocrx_word' id='word_1_19' title='bbox 541 386 602 431; x_wconf 91' lang='lat' dir='ltr'>ad</span> <span class='ocrx_word' id='word_1_20' title='bbox 648 402 793 443; x_wconf 86' lang='lat' dir='ltr'>quam</span> <span class='ocrx_word' id='word_1_21' title='bbox 835 388 1200 444; x_wconf 72' lang='lat' dir='ltr'>percipiendam</span> <span class='ocrx_word' id='word_1_22' title='bbox 1241 387 1504 444; x_wconf 86' lang='lat' dir='ltr'>aliquando</span> <span class='ocrx_word' id='word_1_23' title='bbox 1550 386 1748 431; x_wconf 82' lang='lat' dir='ltr'>circiter</span> 
     </span>
     <span class='ocr_line' id='line_1_4' title="bbox 120 463 1750 522; baseline 0 -14"><span class='ocrx_word' id='word_1_24' title='bbox 120 463 324 521; x_wconf 80' lang='lat' dir='ltr'>triginta</span> <span class='ocrx_word' id='word_1_25' title='bbox 359 472 459 509; x_wconf 90' lang='lat' dir='ltr'>tam</span> <span class='ocrx_word' id='word_1_26' title='bbox 500 480 561 509; x_wconf 88' lang='lat' dir='ltr'>ex</span> <span class='ocrx_word' id='word_1_27' title='bbox 596 464 887 520; x_wconf 91' lang='lat' dir='ltr'>presbiteris</span> <span class='ocrx_word' id='word_1_28' title='bbox 923 466 1231 510; x_wconf 86' lang='lat' dir='ltr'>secularibus</span> <span class='ocrx_word' id='word_1_29' title='bbox 1266 480 1411 522; x_wconf 87' lang='lat' dir='ltr'>quam</span> <span class='ocrx_word' id='word_1_30' title='bbox 1444 480 1506 509; x_wconf 85' lang='lat' dir='ltr'>ex</span> <span class='ocrx_word' id='word_1_31' title='bbox 1530 463 1750 508; x_wconf 75' lang='lat' dir='ltr'>monacis</span> 
     </span>
     <span class='ocr_line' id='line_1_5' title="bbox 119 541 1749 599; baseline -0.001 -13"><span class='ocrx_word' id='word_1_32' title='bbox 119 541 436 597; x_wconf 79' lang='lat' dir='ltr'>conueniunt,</span> <span class='ocrx_word' id='word_1_33' title='bbox 464 542 692 598; x_wconf 70' lang='lat' dir='ltr'>exceptis</span> <span class='ocrx_word' id='word_1_34' title='bbox 724 541 911 599; x_wconf 84' lang='lat' dir='ltr'>aliquot</span> <span class='ocrx_word' id='word_1_35' title='bbox 936 543 1191 598; x_wconf 48' lang='lat' dir='ltr'>primariis*</span> <span class='ocrx_word' id='word_1_36' title='bbox 1216 542 1338 588; x_wconf 72' lang='lat' dir='ltr'>viris</span> <span class='ocrx_word' id='word_1_37' title='bbox 1364 550 1513 598; x_wconf 83' lang='lat' dir='ltr'>atque</span> <span class='ocrx_word' id='word_1_38' title='bbox 1536 541 1749 586; x_wconf 67' lang='lat' dir='ltr'>mulieri-</span> 
     </span>
     <span class='ocr_line' id='line_1_6' title="bbox 120 618 1751 677; baseline -0.002 -13"><span class='ocrx_word' id='word_1_39' title='bbox 120 619 214 664; x_wconf 74' lang='lat' dir='ltr'>bus</span> <span class='ocrx_word' id='word_1_40' title='bbox 259 619 291 664; x_wconf 76' lang='lat'>¹³.</span> <span class='ocrx_word' id='word_1_41' title='bbox 337 618 482 676; x_wconf 86' lang='lat' dir='ltr'>Quod</span> <span class='ocrx_word' id='word_1_42' title='bbox 517 635 637 666; x_wconf 89' lang='lat' dir='ltr'>sane</span> <span class='ocrx_word' id='word_1_43' title='bbox 673 635 773 666; x_wconf 75' lang='lat' dir='ltr'>non</span> <span class='ocrx_word' id='word_1_44' title='bbox 804 620 971 665; x_wconf 75' lang='lat' dir='ltr'>solnm</span> <span class='ocrx_word' id='word_1_45' title='bbox 996 621 1203 677; x_wconf 69' lang='lat' dir='ltr'>nostris,</span> <span class='ocrx_word' id='word_1_46' title='bbox 1229 620 1500 665; x_wconf 73' lang='lat' dir='ltr'>sedetiam</span> <span class='ocrx_word' id='word_1_47' title='bbox 1526 618 1751 664; x_wconf 78' lang='lat' dir='ltr'>omnibus</span> 
     </span>
     <span class='ocr_line' id='line_1_7' title="bbox 121 696 1748 754; baseline -0.001 -13"><span class='ocrx_word' id='word_1_48' title='bbox 121 696 263 742; x_wconf 75' lang='lat' dir='ltr'>liuius</span> <span class='ocrx_word' id='word_1_49' title='bbox 288 697 452 754; x_wconf 87' lang='lat' dir='ltr'>oppidi</span> <span class='ocrx_word' id='word_1_50' title='bbox 477 698 823 744; x_wconf 85' lang='lat' dir='ltr'>sacerdotibus</span> <span class='ocrx_word' id='word_1_51' title='bbox 848 697 1278 754; x_wconf 88' lang='lat' dir='ltr'>pernecessarium</span> <span class='ocrx_word' id='word_1_52' title='bbox 1312 706 1402 753; x_wconf 85' lang='lat' dir='ltr'>est,</span> <span class='ocrx_word' id='word_1_53' title='bbox 1440 712 1499 742; x_wconf 86' lang='lat' dir='ltr'>ac</span> <span class='ocrx_word' id='word_1_54' title='bbox 1535 696 1748 741; x_wconf 89' lang='lat' dir='ltr'>omnium</span> 
     </span>
     <span class='ocr_line' id='line_1_8' title="bbox 121 773 1748 833; baseline 0.001 -15"><span class='ocrx_word' id='word_1_55' title='bbox 121 773 334 819; x_wconf 79' lang='lat' dir='ltr'>aliarum</span> <span class='ocrx_word' id='word_1_56' title='bbox 360 775 642 832; x_wconf 78' lang='lat' dir='ltr'>lectionum,</span> <span class='ocrx_word' id='word_1_57' title='bbox 672 791 781 820; x_wconf 90' lang='lat' dir='ltr'>meo</span> <span class='ocrx_word' id='word_1_58' title='bbox 807 775 999 833; x_wconf 88' lang='lat' dir='ltr'>quidem</span> <span class='ocrx_word' id='word_1_59' title='bbox 1026 775 1220 830; x_wconf 85' lang='lat' dir='ltr'>iudicio,</span> <span class='ocrx_word' id='word_1_60' title='bbox 1248 775 1395 831; x_wconf 91' lang='lat' dir='ltr'>longe</span> <span class='ocrx_word' id='word_1_61' title='bbox 1422 774 1748 829; x_wconf 78' lang='lat' dir='ltr'>Vtilissimum,</span> 
     </span>
     <span class='ocr_line' id='line_1_9' title="bbox 119 851 1749 909; baseline 0 -13"><span class='ocrx_word' id='word_1_62' title='bbox 119 866 230 896; x_wconf 89' lang='lat' dir='ltr'>cum</span> <span class='ocrx_word' id='word_1_63' title='bbox 255 851 301 896; x_wconf 89' lang='lat' dir='ltr'>in</span> <span class='ocrx_word' id='word_1_64' title='bbox 325 851 398 896; x_wconf 91' lang='lat' dir='ltr'>his</span> <span class='ocrx_word' id='word_1_65' title='bbox 424 852 616 909; x_wconf 75' lang='lat' dir='ltr'>oppidis</span> <span class='ocrx_word' id='word_1_66' title='bbox 642 856 973 898; x_wconf 67' lang='lat' dir='ltr'>monstruosa</span> <span class='ocrx_word' id='word_1_67' title='bbox 997 859 1011 878; x_wconf 70' lang='lat' dir='ltr'>C</span> <span class='ocrx_word' id='word_1_68' title='bbox 1036 852 1244 907; x_wconf 78' lang='lat' dir='ltr'>inscitia,</span> <span class='ocrx_word' id='word_1_69' title='bbox 1269 852 1484 897; x_wconf 88' lang='lat' dir='ltr'>omnium</span> <span class='ocrx_word' id='word_1_70' title='bbox 1505 852 1749 896; x_wconf 87' lang='lat' dir='ltr'>malorum</span> 
     </span>
     <span class='ocr_line' id='line_1_10' title="bbox 122 929 501 987; baseline 0.005 -14"><span class='ocrx_word' id='word_1_71' title='bbox 122 929 283 986; x_wconf 89' lang='lat' dir='ltr'>origo,</span> <span class='ocrx_word' id='word_1_72' title='bbox 312 929 501 987; x_wconf 85' lang='lat' dir='ltr'>vigeat.</span> 
     </span>
    </p>

    <p class='ocr_par' dir='ltr' id='par_1_3' title="bbox 121 1005 1753 1529">
     <span class='ocr_line' id='line_1_11' title="bbox 179 1005 1750 1063; baseline -0.001 -12"><span class='ocrx_word' id='word_1_73' title='bbox 179 1006 221 1051; x_wconf 73' lang='grc' dir='ltr'>Ο.</span> <span class='ocrx_word' id='word_1_74' title='bbox 289 1005 508 1063; x_wconf 76' lang='lat' dir='ltr'>Itemque</span> <span class='ocrx_word' id='word_1_75' title='bbox 542 1008 759 1053; x_wconf 87' lang='lat' dir='ltr'>nonnulli</span> <span class='ocrx_word' id='word_1_76' title='bbox 794 1022 856 1053; x_wconf 78' lang='lat' dir='ltr'>ex</span> <span class='ocrx_word' id='word_1_77' title='bbox 891 1007 1210 1052; x_wconf 78' lang='lat' dir='ltr'>nobilioribus</span> <span class='ocrx_word' id='word_1_78' title='bbox 1245 1007 1374 1052; x_wconf 87' lang='lat' dir='ltr'>inter</span> <span class='ocrx_word' id='word_1_79' title='bbox 1408 1022 1460 1051; x_wconf 89' lang='lat' dir='ltr'>se</span> <span class='ocrx_word' id='word_1_80' title='bbox 1496 1023 1525 1051; x_wconf 84' lang='lat' dir='ltr'>a</span> <span class='ocrx_word' id='word_1_81' title='bbox 1563 1006 1654 1050; x_wconf 60' lang='lat' dir='ltr'>Pse</span> <span class='ocrx_word' id='word_1_82' title='bbox 1680 1021 1750 1050; x_wconf 90' lang='lat' dir='ltr'>re-</span> 
     </span>
     <span class='ocr_line' id='line_1_12' title="bbox 121 1083 1751 1141; baseline 0 -14"><span class='ocrx_word' id='word_1_83' title='bbox 121 1092 260 1128; x_wconf 88' lang='lat' dir='ltr'>ctore</span> <span class='ocrx_word' id='word_1_84' title='bbox 286 1085 591 1129; x_wconf 87' lang='lat' dir='ltr'>reconciliati</span> <span class='ocrx_word' id='word_1_85' title='bbox 615 1094 743 1130; x_wconf 88' lang='lat' dir='ltr'>sunt.</span> <span class='ocrx_word' id='word_1_86' title='bbox 767 1084 1071 1130; x_wconf 77' lang='lat' dir='ltr'>Permultum</span> <span class='ocrx_word' id='word_1_87' title='bbox 1098 1093 1362 1141; x_wconf 88' lang='lat' dir='ltr'>praeterea</span> <span class='ocrx_word' id='word_1_88' title='bbox 1388 1084 1449 1129; x_wconf 84' lang='lat' dir='ltr'>ab</span> <span class='ocrx_word' id='word_1_89' title='bbox 1475 1083 1647 1128; x_wconf 85' lang='lat' dir='ltr'>eodem</span> <span class='ocrx_word' id='word_1_90' title='bbox 1672 1099 1751 1139; x_wconf 86' lang='lat' dir='ltr'>pe—</span> 
     </span>
     <span class='ocr_line' id='line_1_13' title="bbox 123 1160 1752 1217; baseline -0.001 -12"><span class='ocrx_word' id='word_1_91' title='bbox 123 1161 299 1206; x_wconf 82' lang='lat' dir='ltr'>cuniae</span> <span class='ocrx_word' id='word_1_92' title='bbox 334 1161 582 1217; x_wconf 85' lang='lat' dir='ltr'>triticique</span> <span class='ocrx_word' id='word_1_93' title='bbox 622 1161 891 1207; x_wconf 79' lang='lat' dir='ltr'>transactis</span> <span class='ocrx_word' id='word_1_94' title='bbox 931 1162 1004 1207; x_wconf 90' lang='lat' dir='ltr'>his</span> <span class='ocrx_word' id='word_1_95' title='bbox 1046 1161 1294 1206; x_wconf 89' lang='lat' dir='ltr'>mensibus</span> <span class='ocrx_word' id='word_1_96' title='bbox 1329 1161 1374 1205; x_wconf 87' lang='lat' dir='ltr'>in</span> <span class='ocrx_word' id='word_1_97' title='bbox 1409 1176 1657 1217; x_wconf 76' lang='lat' dir='ltr'>pauperes</span> <span class='ocrx_word' id='word_1_98' title='bbox 1692 1160 1752 1204; x_wconf 87' lang='lat' dir='ltr'>ad</span> 
     </span>
     <span class='ocr_line' id='line_1_14' title="bbox 123 1237 1753 1295; baseline -0.001 -12"><span class='ocrx_word' id='word_1_99' title='bbox 123 1248 398 1284; x_wconf 81' lang='lat' dir='ltr'>extremam</span> <span class='ocrx_word' id='word_1_100' title='bbox 436 1255 558 1295; x_wconf 91' lang='lat' dir='ltr'>pene</span> <span class='ocrx_word' id='word_1_101' title='bbox 592 1239 805 1285; x_wconf 88' lang='lat' dir='ltr'>inediam</span> <span class='ocrx_word' id='word_1_102' title='bbox 847 1239 1080 1285; x_wconf 85' lang='lat' dir='ltr'>redactos</span> <span class='ocrx_word' id='word_1_103' title='bbox 1120 1247 1387 1295; x_wconf 88' lang='lat' dir='ltr'>erogatum</span> <span class='ocrx_word' id='word_1_104' title='bbox 1422 1248 1511 1284; x_wconf 87' lang='lat' dir='ltr'>est.</span> <span class='ocrx_word' id='word_1_105' title='bbox 1551 1237 1753 1283; x_wconf 81' lang='lat' dir='ltr'>Plurimi</span> 
     </span>
     <span class='ocr_line' id='line_1_15' title="bbox 123 1315 1752 1374; baseline -0.001 -13"><span class='ocrx_word' id='word_1_106' title='bbox 123 1316 346 1361; x_wconf 90' lang='lat' dir='ltr'>similiter</span> <span class='ocrx_word' id='word_1_107' title='bbox 371 1332 489 1362; x_wconf 86' lang='lat' dir='ltr'>aere</span> <span class='ocrx_word' id='word_1_108' title='bbox 524 1317 686 1362; x_wconf 89' lang='lat' dir='ltr'>alieno</span> <span class='ocrx_word' id='word_1_109' title='bbox 720 1317 962 1374; x_wconf 77' lang='lat' dir='ltr'>obstricti,</span> <span class='ocrx_word' id='word_1_110' title='bbox 999 1317 1045 1362; x_wconf 92' lang='lat' dir='ltr'>in</span> <span class='ocrx_word' id='word_1_111' title='bbox 1080 1317 1279 1361; x_wconf 77' lang='lat' dir='ltr'>vincula</span> <span class='ocrx_word' id='word_1_112' title='bbox 1313 1316 1539 1372; x_wconf 80' lang='lat' dir='ltr'>coniecti,</span> <span class='ocrx_word' id='word_1_113' title='bbox 1578 1315 1752 1361; x_wconf 70' lang='lat' dir='ltr'>conde-</span> 
     </span>
     <span class='ocr_line' id='line_1_16' title="bbox 125 1393 1745 1451; baseline -0.002 -12"><span class='ocrx_word' id='word_1_114' title='bbox 125 1394 292 1450; x_wconf 87' lang='lat' dir='ltr'>mnati,</span> <span class='ocrx_word' id='word_1_115' title='bbox 321 1394 534 1451; x_wconf 83' lang='lat' dir='ltr'>aegroti,</span> <span class='ocrx_word' id='word_1_116' title='bbox 562 1394 800 1451; x_wconf 79' lang='lat' dir='ltr'>oppressi,</span> <span class='ocrx_word' id='word_1_117' title='bbox 828 1394 1006 1440; x_wconf 78' lang='lat' dir='ltr'>fauore</span> <span class='ocrx_word' id='word_1_118' title='bbox 1030 1393 1065 1449; x_wconf 70' lang='lat' dir='ltr'>d,</span> <span class='ocrx_word' id='word_1_119' title='bbox 1103 1394 1304 1448; x_wconf 80' lang='lat' dir='ltr'>auxiliO,</span> <span class='ocrx_word' id='word_1_120' title='bbox 1344 1394 1573 1450; x_wconf 86' lang='lat' dir='ltr'>precibus</span> <span class='ocrx_word' id='word_1_121' title='bbox 1609 1393 1745 1437; x_wconf 72' lang='lat' dir='ltr'>Pm‘s.</span> 
     </span>
     <span class='ocr_line' id='line_1_17' title="bbox 125 1472 1091 1529; baseline 0.001 -12"><span class='ocrx_word' id='word_1_122' title='bbox 125 1473 336 1518; x_wconf 66' lang='lat' dir='ltr'>rectoris</span> <span class='ocrx_word' id='word_1_123' title='bbox 360 1488 667 1529; x_wconf 82' lang='lat' dir='ltr'>magnopere</span> <span class='ocrx_word' id='word_1_124' title='bbox 693 1472 938 1518; x_wconf 89' lang='lat' dir='ltr'>subleuati</span> <span class='ocrx_word' id='word_1_125' title='bbox 965 1482 1091 1518; x_wconf 89' lang='lat' dir='ltr'>sunt.</span> 
     </span>
    </p>

    <p class='ocr_par' dir='ltr' id='par_1_4' title="bbox 125 1548 1758 2150">
     <span class='ocr_line' id='line_1_18' title="bbox 190 1548 1753 1607; baseline -0.001 -12"><span class='ocrx_word' id='word_1_126' title='bbox 190 1550 253 1596; x_wconf 91' lang='lat' dir='ltr'>lO.</span> <span class='ocrx_word' id='word_1_127' title='bbox 323 1549 561 1595; x_wconf 82' lang='lat' dir='ltr'>Permulti</span> <span class='ocrx_word' id='word_1_128' title='bbox 596 1565 792 1607; x_wconf 90' lang='lat' dir='ltr'>quoque</span> <span class='ocrx_word' id='word_1_129' title='bbox 816 1559 916 1595; x_wconf 88' lang='lat' dir='ltr'>tarn</span> <span class='ocrx_word' id='word_1_130' title='bbox 941 1566 1004 1595; x_wconf 82' lang='lat' dir='ltr'>ex</span> <span class='ocrx_word' id='word_1_131' title='bbox 1028 1550 1275 1607; x_wconf 90' lang='lat' dir='ltr'>primariis</span> <span class='ocrx_word' id='word_1_132' title='bbox 1311 1565 1458 1606; x_wconf 85' lang='lat' dir='ltr'>quam</span> <span class='ocrx_word' id='word_1_133' title='bbox 1483 1566 1545 1594; x_wconf 83' lang='lat' dir='ltr'>ex</span> <span class='ocrx_word' id='word_1_134' title='bbox 1570 1548 1753 1605; x_wconf 88' lang='lat' dir='ltr'>plebeis</span> 
     </span>
     <span class='ocr_line' id='line_1_19' title="bbox 125 1626 1756 1684; baseline -0.001 -12"><span class='ocrx_word' id='word_1_135' title='bbox 125 1627 270 1684; x_wconf 86' lang='lat' dir='ltr'>(sicut</span> <span class='ocrx_word' id='word_1_136' title='bbox 294 1627 693 1684; x_wconf 75' lang='lat' dir='ltr'>frequentissime</span> <span class='ocrx_word' id='word_1_137' title='bbox 715 1627 948 1684; x_wconf 87' lang='lat' dir='ltr'>vicarius,</span> <span class='ocrx_word' id='word_1_138' title='bbox 972 1628 1050 1684; x_wconf 87' lang='lat' dir='ltr'>qui</span> <span class='ocrx_word' id='word_1_139' title='bbox 1076 1627 1221 1673; x_wconf 87' lang='lat' dir='ltr'>nichil</span> <span class='ocrx_word' id='word_1_140' title='bbox 1246 1626 1443 1672; x_wconf 90' lang='lat' dir='ltr'>omnino</span> <span class='ocrx_word' id='word_1_141' title='bbox 1469 1626 1571 1671; x_wconf 91' lang='lat' dir='ltr'>sine</span> <span class='ocrx_word' id='word_1_142' title='bbox 1592 1626 1756 1671; x_wconf 84' lang='lat' dir='ltr'>Patris</span> 
     </span>
     <span class='ocr_line' id='line_1_20' title="bbox 127 1704 1755 1762; baseline -0.001 -12"><span class='ocrx_word' id='word_1_143' title='bbox 127 1704 330 1750; x_wconf 86' lang='lat' dir='ltr'>consilio</span> <span class='ocrx_word' id='word_1_144' title='bbox 365 1705 579 1762; x_wconf 85' lang='lat' dir='ltr'>aggredi</span> <span class='ocrx_word' id='word_1_145' title='bbox 619 1705 798 1762; x_wconf 74' lang='lat' dir='ltr'>audet)</span> <span class='ocrx_word' id='word_1_146' title='bbox 836 1709 889 1750; x_wconf 79' lang='lat' dir='ltr'>vt</span> <span class='ocrx_word' id='word_1_147' title='bbox 916 1711 932 1731; x_wconf 66' lang='grc' dir='ltr'>Ε</span> <span class='ocrx_word' id='word_1_148' title='bbox 968 1721 1029 1751; x_wconf 86' lang='lat' dir='ltr'>ex</span> <span class='ocrx_word' id='word_1_149' title='bbox 1065 1705 1370 1761; x_wconf 76' lang='lat' dir='ltr'>magistratu</span> <span class='ocrx_word' id='word_1_150' title='bbox 1412 1704 1423 1730; x_wconf 78' lang='lat' dir='ltr'>f</span> <span class='ocrx_word' id='word_1_151' title='bbox 1458 1714 1505 1749; x_wconf 92' lang='lat' dir='ltr'>et</span> <span class='ocrx_word' id='word_1_152' title='bbox 1539 1704 1755 1761; x_wconf 89' lang='lat' dir='ltr'>superio-</span> 
     </span>
     <span class='ocr_line' id='line_1_21' title="bbox 128 1782 1756 1840; baseline -0.001 -14"><span class='ocrx_word' id='word_1_153' title='bbox 128 1782 262 1828; x_wconf 89' lang='lat' dir='ltr'>ribus</span> <span class='ocrx_word' id='word_1_154' title='bbox 298 1782 673 1839; x_wconf 88' lang='lat' dir='ltr'>coenobiorum,</span> <span class='ocrx_word' id='word_1_155' title='bbox 699 1782 988 1840; x_wconf 77' lang='lat' dir='ltr'>frequenter</span> <span class='ocrx_word' id='word_1_156' title='bbox 1023 1783 1217 1828; x_wconf 89' lang='lat' dir='ltr'>domum</span> <span class='ocrx_word' id='word_1_157' title='bbox 1251 1791 1473 1828; x_wconf 90' lang='lat' dir='ltr'>nostram</span> <span class='ocrx_word' id='word_1_158' title='bbox 1498 1782 1561 1826; x_wconf 91' lang='lat' dir='ltr'>ad</span> <span class='ocrx_word' id='word_1_159' title='bbox 1585 1796 1756 1826; x_wconf 84' lang='lat' dir='ltr'>consu—</span> 
     </span>
     <span class='ocr_line' id='line_1_22' title="bbox 126 1859 1756 1916; baseline -0.001 -12"><span class='ocrx_word' id='word_1_160' title='bbox 126 1859 320 1905; x_wconf 90' lang='lat' dir='ltr'>lendum</span> <span class='ocrx_word' id='word_1_161' title='bbox 346 1859 465 1905; x_wconf 58' lang='lat' dir='ltr'>Pfeffl</span> <span class='ocrx_word' id='word_1_162' title='bbox 511 1869 760 1905; x_wconf 88' lang='lat' dir='ltr'>rectorem</span> <span class='ocrx_word' id='word_1_163' title='bbox 800 1860 844 1905; x_wconf 90' lang='lat' dir='ltr'>in</span> <span class='ocrx_word' id='word_1_164' title='bbox 885 1860 1128 1916; x_wconf 89' lang='lat' dir='ltr'>grauibus</span> <span class='ocrx_word' id='word_1_165' title='bbox 1166 1859 1391 1905; x_wconf 88' lang='lat' dir='ltr'>dubiisve</span> <span class='ocrx_word' id='word_1_166' title='bbox 1431 1859 1579 1904; x_wconf 89' lang='lat' dir='ltr'>rebus</span> <span class='ocrx_word' id='word_1_167' title='bbox 1617 1873 1756 1903; x_wconf 87' lang='lat' dir='ltr'>acce-</span> 
     </span>
     <span class='ocr_line' id='line_1_23' title="bbox 128 1924 1758 1994; baseline -0.001 -12"><span class='ocrx_word' id='word_1_168' title='bbox 128 1937 260 1982; x_wconf 86' lang='lat' dir='ltr'>dunt.</span> <span class='ocrx_word' id='word_1_169' title='bbox 290 1937 456 1994; x_wconf 84' lang='lat' dir='ltr'>Atque</span> <span class='ocrx_word' id='word_1_170' title='bbox 488 1952 661 1982; x_wconf 92' lang='lat' dir='ltr'>omnes</span> <span class='ocrx_word' id='word_1_171' title='bbox 695 1924 801 1983; x_wconf 80' lang='lat' dir='ltr'>fere</span> <span class='ocrx_word' id='word_1_172' title='bbox 836 1937 882 1982; x_wconf 93' lang='lat' dir='ltr'>in</span> <span class='ocrx_word' id='word_1_173' title='bbox 916 1937 1010 1983; x_wconf 88' lang='lat' dir='ltr'>hac</span> <span class='ocrx_word' id='word_1_174' title='bbox 1045 1937 1169 1982; x_wconf 86' lang='lat' dir='ltr'>vrbe</span> <span class='ocrx_word' id='word_1_175' title='bbox 1200 1941 1308 1982; x_wconf 77' lang='lat' dir='ltr'>tam</span> <span class='ocrx_word' id='word_1_176' title='bbox 1344 1938 1466 1982; x_wconf 91' lang='lat' dir='ltr'>bene</span> <span class='ocrx_word' id='word_1_177' title='bbox 1489 1943 1508 1970; x_wconf 72' lang='lat' dir='ltr'>g</span> <span class='ocrx_word' id='word_1_178' title='bbox 1534 1936 1593 1980; x_wconf 88' lang='lat' dir='ltr'>de</span> <span class='ocrx_word' id='word_1_179' title='bbox 1618 1935 1758 1980; x_wconf 87' lang='lat' dir='ltr'>nobis</span> 
     </span>
     <span class='ocr_line' id='line_1_24' title="bbox 128 2012 1756 2071; baseline -0.001 -12"><span class='ocrx_word' id='word_1_180' title='bbox 128 2015 360 2069; x_wconf 82' lang='lat' dir='ltr'>sentiunt,</span> <span class='ocrx_word' id='word_1_181' title='bbox 389 2030 479 2059; x_wconf 92' lang='lat' dir='ltr'>nos</span> <span class='ocrx_word' id='word_1_182' title='bbox 514 2023 826 2068; x_wconf 78' lang='lat' dir='ltr'>reuerentur,</span> <span class='ocrx_word' id='word_1_183' title='bbox 864 2028 958 2060; x_wconf 81' lang='lat' dir='ltr'>nos</span> <span class='ocrx_word' id='word_1_184' title='bbox 992 2014 1009 2041; x_wconf 66' lang='lat'>*¹</span> <span class='ocrx_word' id='word_1_185' title='bbox 1045 2014 1269 2071; x_wconf 78' lang='lat' dir='ltr'>diligunt,</span> <span class='ocrx_word' id='word_1_186' title='bbox 1308 2013 1602 2071; x_wconf 87' lang='lat' dir='ltr'>praesertim</span> <span class='ocrx_word' id='word_1_187' title='bbox 1635 2012 1756 2057; x_wconf 58' lang='lat' dir='ltr'>PJem</span> 
     </span>
     <span class='ocr_line' id='line_1_25' title="bbox 128 2090 1758 2150; baseline -0.001 -14"><span class='ocrx_word' id='word_1_188' title='bbox 128 2102 392 2147; x_wconf 83' lang='lat' dir='ltr'>rectorem,</span> <span class='ocrx_word' id='word_1_189' title='bbox 438 2108 581 2149; x_wconf 90' lang='lat' dir='ltr'>quem</span> <span class='ocrx_word' id='word_1_190' title='bbox 626 2108 772 2150; x_wconf 88' lang='lat' dir='ltr'>quam</span> <span class='ocrx_word' id='word_1_191' title='bbox 819 2093 1020 2139; x_wconf 87' lang='lat' dir='ltr'>maximi</span> <span class='ocrx_word' id='word_1_192' title='bbox 1065 2092 1270 2148; x_wconf 76' lang='lat' dir='ltr'>faciunt,</span> <span class='ocrx_word' id='word_1_193' title='bbox 1312 2101 1414 2137; x_wconf 88' lang='lat' dir='ltr'>tum</span> <span class='ocrx_word' id='word_1_194' title='bbox 1463 2092 1590 2147; x_wconf 86' lang='lat' dir='ltr'>quod</span> <span class='ocrx_word' id='word_1_195' title='bbox 1634 2090 1758 2135; x_wconf 77' lang='lat' dir='ltr'>bene</span> 
     </span>
    </p>
   </div>
   <div class='ocr_carea' id='block_1_3' title="bbox 62 2168 1758 2228">
    <p class='ocr_par' dir='ltr' id='par_1_5' title="bbox 62 2168 1758 2228">
     <span class='ocr_line' id='line_1_26' title="bbox 62 2168 1758 2228; baseline -0.002 -13"><span class='ocrx_word' id='word_1_196' title='bbox 62 2208 65 2209; x_wconf 11' lang='grc' dir='ltr'><em>γ</em></span> <span class='ocrx_word' id='word_1_197' title='bbox 129 2170 277 2215; x_wconf 69' lang='lat' dir='ltr'>audit</span> <span class='ocrx_word' id='word_1_198' title='bbox 314 2170 640 2228; x_wconf 72' lang='lat' dir='ltr'>omnibusque</span> <span class='ocrx_word' id='word_1_199' title='bbox 674 2171 958 2216; x_wconf 80' lang='lat' dir='ltr'>consultum</span> <span class='ocrx_word' id='word_1_200' title='bbox 996 2173 1101 2216; x_wconf 75' lang='lat' dir='ltr'>vult</span> <span class='ocrx_word' id='word_1_201' title='bbox 1131 2169 1167 2227; x_wconf 71' lang='lat'>¹,</span> <span class='ocrx_word' id='word_1_202' title='bbox 1194 2179 1298 2216; x_wconf 90' lang='lat' dir='ltr'>tum</span> <span class='ocrx_word' id='word_1_203' title='bbox 1333 2169 1460 2226; x_wconf 89' lang='lat' dir='ltr'>quod</span> <span class='ocrx_word' id='word_1_204' title='bbox 1497 2168 1758 2225; x_wconf 88' lang='lat' dir='ltr'>plurimum</span> 
     </span>
    </p>
   </div>
   <div class='ocr_carea' id='block_1_4' title="bbox 128 2247 1757 2460">
    <p class='ocr_par' dir='ltr' id='par_1_6' title="bbox 128 2247 1757 2460">
     <span class='ocr_line' id='line_1_27' title="bbox 128 2247 1757 2304; baseline -0.002 -12"><span class='ocrx_word' id='word_1_205' title='bbox 128 2247 259 2304; x_wconf 88' lang='lat' dir='ltr'>apud</span> <span class='ocrx_word' id='word_1_206' title='bbox 293 2261 471 2293; x_wconf 80' lang='lat' dir='ltr'>omnes</span> <span class='ocrx_word' id='word_1_207' title='bbox 504 2251 552 2292; x_wconf 79' lang='lat' dir='ltr'>et</span> <span class='ocrx_word' id='word_1_208' title='bbox 584 2248 814 2293; x_wconf 77' lang='lat' dir='ltr'>maxime</span> <span class='ocrx_word' id='word_1_209' title='bbox 854 2248 1026 2293; x_wconf 88' lang='lat' dir='ltr'>ducem</span> <span class='ocrx_word' id='word_1_210' title='bbox 1069 2249 1219 2302; x_wconf 84' lang='lat' dir='ltr'>valet,</span> <span class='ocrx_word' id='word_1_211' title='bbox 1256 2249 1324 2294; x_wconf 88' lang='lat' dir='ltr'>ita</span> <span class='ocrx_word' id='word_1_212' title='bbox 1362 2256 1411 2291; x_wconf 86' lang='lat' dir='ltr'>vt</span> <span class='ocrx_word' id='word_1_213' title='bbox 1447 2261 1616 2291; x_wconf 90' lang='lat' dir='ltr'>omnes</span> <span class='ocrx_word' id='word_1_214' title='bbox 1656 2256 1757 2290; x_wconf 87' lang='lat' dir='ltr'>tan-</span> 
     </span>
     <span class='ocr_line' id='line_1_28' title="bbox 129 2322 1757 2382; baseline -0.001 -13"><span class='ocrx_word' id='word_1_215' title='bbox 129 2341 274 2382; x_wconf 88' lang='lat' dir='ltr'>quam</span> <span class='ocrx_word' id='word_1_216' title='bbox 298 2325 340 2370; x_wconf 89' lang='lat' dir='ltr'>in</span> <span class='ocrx_word' id='word_1_217' title='bbox 367 2341 458 2371; x_wconf 90' lang='lat' dir='ltr'>sua</span> <span class='ocrx_word' id='word_1_218' title='bbox 482 2334 729 2381; x_wconf 88' lang='lat' dir='ltr'>potestate</span> <span class='ocrx_word' id='word_1_219' title='bbox 764 2325 950 2371; x_wconf 91' lang='lat' dir='ltr'>habere</span> <span class='ocrx_word' id='word_1_220' title='bbox 976 2325 1220 2380; x_wconf 77' lang='lat' dir='ltr'>videatur,</span> <span class='ocrx_word' id='word_1_221' title='bbox 1248 2339 1490 2380; x_wconf 86' lang='lat' dir='ltr'>nemoque</span> <span class='ocrx_word' id='word_1_222' title='bbox 1515 2322 1602 2379; x_wconf 92' lang='lat' dir='ltr'>ipsi</span> <span class='ocrx_word' id='word_1_223' title='bbox 1628 2322 1757 2379; x_wconf 83' lang='lat' dir='ltr'>quic-</span> 
     </span>
     <span class='ocr_line' id='line_1_29' title="bbox 129 2403 780 2460; baseline 0 -12"><span class='ocrx_word' id='word_1_224' title='bbox 129 2418 276 2459; x_wconf 85' lang='lat' dir='ltr'>quam</span> <span class='ocrx_word' id='word_1_225' title='bbox 301 2403 556 2460; x_wconf 89' lang='lat' dir='ltr'>denegare</span> <span class='ocrx_word' id='word_1_226' title='bbox 580 2403 780 2448; x_wconf 87' lang='lat' dir='ltr'>audeat.</span> 
     </span>
    </p>
   </div>
   <div class='ocr_carea' id='block_1_5' title="bbox 129 2575 1761 2804">
    <p class='ocr_par' dir='ltr' id='par_1_7' title="bbox 129 2575 1761 2804">
     <span class='ocr_line' id='line_1_30' title="bbox 175 2575 1761 2626; baseline -0.003 -11"><span class='ocrx_word' id='word_1_227' title='bbox 175 2586 192 2606; x_wconf 86' lang='lat' dir='ltr'>a</span> <span class='ocrx_word' id='word_1_228' title='bbox 225 2579 428 2626; x_wconf 86' lang='lat' dir='ltr'>quandam</span> <span class='ocrx_word' id='word_1_229' title='bbox 447 2591 646 2615; x_wconf 90' lang='lat' dir='ltr'>summam</span> <span class='ocrx_word' id='word_1_230' title='bbox 662 2590 830 2614; x_wconf 89' lang='lat' dir='ltr'>casuum</span> <span class='ocrx_word' id='word_1_231' title='bbox 845 2578 1131 2621; x_wconf 82' lang='lat' dir='ltr'>conscientiae,</span> <span class='ocrx_word' id='word_1_232' title='bbox 1153 2583 1191 2613; x_wconf 85' lang='lat' dir='ltr'>vt</span> <span class='ocrx_word' id='word_1_233' title='bbox 1210 2582 1365 2613; x_wconf 74' lang='lat' dir='ltr'>vocant.</span> <span class='ocrx_word' id='word_1_234' title='bbox 1423 2575 1486 2602; x_wconf 79' lang='lat' dir='ltr'>—b</span> <span class='ocrx_word' id='word_1_235' title='bbox 1512 2580 1675 2622; x_wconf 87' lang='lat' dir='ltr'>praeter</span> <span class='ocrx_word' id='word_1_236' title='bbox 1689 2575 1761 2611; x_wconf 86' lang='lat' dir='ltr'>ali-</span> 
     </span>
     <span class='ocr_line' id='line_1_31' title="bbox 129 2634 1757 2685; baseline -0.002 -11"><span class='ocrx_word' id='word_1_237' title='bbox 129 2651 229 2685; x_wconf 84' lang='lat' dir='ltr'>quos</span> <span class='ocrx_word' id='word_1_238' title='bbox 248 2638 461 2685; x_wconf 86' lang='lat' dir='ltr'>primarios</span> <span class='ocrx_word' id='word_1_239' title='bbox 489 2637 597 2674; x_wconf 88' lang='lat' dir='ltr'>viros</span> <span class='ocrx_word' id='word_1_240' title='bbox 616 2642 738 2684; x_wconf 85' lang='lat' dir='ltr'>atque</span> <span class='ocrx_word' id='word_1_241' title='bbox 759 2637 966 2673; x_wconf 89' lang='lat' dir='ltr'>mulieres.</span> <span class='ocrx_word' id='word_1_242' title='bbox 1023 2643 1083 2663; x_wconf 78' lang='lat' dir='ltr'>—c</span> <span class='ocrx_word' id='word_1_243' title='bbox 1107 2636 1350 2682; x_wconf 84' lang='lat' dir='ltr'>prodigiosa.</span> <span class='ocrx_word' id='word_1_244' title='bbox 1408 2634 1471 2661; x_wconf 81' lang='lat' dir='ltr'>—d</span> <span class='ocrx_word' id='word_1_245' title='bbox 1505 2635 1622 2671; x_wconf 86' lang='lat' dir='ltr'>huius</span> <span class='ocrx_word' id='word_1_246' title='bbox 1654 2634 1757 2670; x_wconf 86' lang='lat' dir='ltr'>Pris.</span> 
     </span>
     <span class='ocr_line' id='line_1_32' title="bbox 130 2695 1759 2744; baseline -0.002 -10"><span class='ocrx_word' id='word_1_247' title='bbox 130 2697 282 2735; x_wconf 85' lang='lat' dir='ltr'>fauore.</span> <span class='ocrx_word' id='word_1_248' title='bbox 335 2705 397 2725; x_wconf 40' lang='lat' dir='ltr'>*e</span> <span class='ocrx_word' id='word_1_249' title='bbox 446 2697 700 2744; x_wconf 77' lang='lat' dir='ltr'>aggreditur.</span> <span class='ocrx_word' id='word_1_250' title='bbox 734 2702 831 2733; x_wconf 90' lang='lat' dir='ltr'>tum.</span> <span class='ocrx_word' id='word_1_251' title='bbox 886 2696 943 2723; x_wconf 71' lang='lat' dir='ltr'>——f</span> <span class='ocrx_word' id='word_1_252' title='bbox 993 2695 1310 2743; x_wconf 85' lang='lat' dir='ltr'>magistratibus.</span> <span class='ocrx_word' id='word_1_253' title='bbox 1368 2702 1431 2729; x_wconf 81' lang='lat' dir='ltr'>——g</span> <span class='ocrx_word' id='word_1_254' title='bbox 1476 2695 1638 2741; x_wconf 71' lang='lat' dir='ltr'>optime}</span> <span class='ocrx_word' id='word_1_255' title='bbox 1675 2705 1759 2731; x_wconf 83' lang='lat' dir='ltr'>non</span> 
     </span>
     <span class='ocr_line' id='line_1_33' title="bbox 130 2755 1268 2804; baseline -0.004 -10"><span class='ocrx_word' id='word_1_256' title='bbox 130 2758 268 2795; x_wconf 83' lang='lat' dir='ltr'>deleto</span> <span class='ocrx_word' id='word_1_257' title='bbox 285 2758 405 2794; x_wconf 87' lang='lat' dir='ltr'>bene.</span> <span class='ocrx_word' id='word_1_258' title='bbox 460 2757 524 2784; x_wconf 80' lang='lat'>-—¹1</span> <span class='ocrx_word' id='word_1_259' title='bbox 548 2770 607 2793; x_wconf 85' lang='lat' dir='ltr'>ac.</span> <span class='ocrx_word' id='word_1_260' title='bbox 662 2758 719 2792; x_wconf 82' lang='lat' dir='ltr'>—i</span> <span class='ocrx_word' id='word_1_261' title='bbox 753 2757 858 2804; x_wconf 89' lang='lat' dir='ltr'>quod</span> <span class='ocrx_word' id='word_1_262' title='bbox 877 2757 1062 2793; x_wconf 87' lang='lat' dir='ltr'>omnibus</span> <span class='ocrx_word' id='word_1_263' title='bbox 1081 2755 1268 2792; x_wconf 85' lang='lat' dir='ltr'>consulit.</span> 
     </span>
    </p>
   </div>
   <div class='ocr_carea' id='block_1_6' title="bbox 179 2910 1761 2959">
    <p class='ocr_par' dir='ltr' id='par_1_8' title="bbox 179 2910 1761 2959">
     <span class='ocr_line' id='line_1_34' title="bbox 179 2910 1761 2959; baseline -0.003 -8"><span class='ocrx_word' id='word_1_264' title='bbox 179 2916 187 2934; x_wconf 84' lang='lat'>¹</span> <span class='ocrx_word' id='word_1_265' title='bbox 241 2914 309 2951; x_wconf 85' lang='lat' dir='ltr'>Fr.</span> <span class='ocrx_word' id='word_1_266' title='bbox 332 2914 670 2951; x_wconf 86' lang='lat' dir='ltr'>Bartholomaeus</span> <span class='ocrx_word' id='word_1_267' title='bbox 690 2915 857 2959; x_wconf 85' lang='lat' dir='ltr'>Fumus,</span> <span class='ocrx_word' id='word_1_268' title='bbox 877 2913 925 2951; x_wconf 92' lang='lat' dir='ltr'>O.</span> <span class='ocrx_word' id='word_1_269' title='bbox 943 2913 987 2950; x_wconf 91' lang='lat' dir='ltr'>P.</span> <span class='ocrx_word' id='word_1_270' title='bbox 1008 2912 1043 2958; x_wconf 91' lang='lat'>(†</span> <span class='ocrx_word' id='word_1_271' title='bbox 1069 2913 1173 2957; x_wconf 67' lang='lat'>1545)</span> <span class='ocrx_word' id='word_1_272' title='bbox 1193 2912 1352 2958; x_wconf 85' lang='lat' dir='ltr'>scripsit</span> <span class='ocrx_word' id='word_1_273' title='bbox 1368 2910 1579 2948; x_wconf 82' lang='lat' dir='ltr'>Summam</span> <span class='ocrx_word' id='word_1_274' title='bbox 1595 2924 1761 2948; x_wconf 84' lang='lat' dir='ltr'>casuum</span> 
     </span>
    </p>
   </div>
   <div class='ocr_carea' id='block_1_7' title="bbox 130 2971 1760 3077">
    <p class='ocr_par' dir='ltr' id='par_1_9' title="bbox 130 2971 1760 3077">
     <span class='ocr_line' id='line_1_35' title="bbox 130 2971 1760 3015; baseline -0.002 -4"><span class='ocrx_word' id='word_1_275' title='bbox 130 2975 399 3011; x_wconf 85' lang='lat' dir='ltr'>eonscientiae</span> <span class='ocrx_word' id='word_1_276' title='bbox 427 2973 613 3011; x_wconf 83' lang='lat' dir='ltr'>Auream</span> <span class='ocrx_word' id='word_1_277' title='bbox 645 2975 849 3011; x_wconf 87' lang='lat' dir='ltr'>armillam</span> <span class='ocrx_word' id='word_1_278' title='bbox 878 2974 1038 3011; x_wconf 85' lang='lat' dir='ltr'>dictam.</span> <span class='ocrx_word' id='word_1_279' title='bbox 1070 2971 1132 3009; x_wconf 78' lang='lat' dir='ltr'>Cf.</span> <span class='ocrx_word' id='word_1_280' title='bbox 1163 2972 1360 3014; x_wconf 71' lang='lat' dir='ltr'>HURTER,</span> <span class='ocrx_word' id='word_1_281' title='bbox 1390 2972 1760 3015; x_wconf 50' lang='lat' dir='ltr'>Nomenclator’...,</span> 
     </span>
     <span class='ocr_line' id='line_1_36' title="bbox 130 3033 336 3077; baseline -0.01 -6"><span class='ocrx_word' id='word_1_282' title='bbox 130 3033 205 3077; x_wconf 86' lang='lat' dir='ltr'>IV,</span> <span class='ocrx_word' id='word_1_283' title='bbox 230 3033 336 3070; x_wconf 81' lang='lat'><strong>1332.</strong></span> 
     </span>
    </p>
   </div>
  </div>
 </body>
</html>
