1910 3380
527 208 788 245 41.-1³12Ac.„x
816 207 861 243 20
892 207 1064 243 Affinis
1094 208 1182 242 1537
1556 208 1621 242 173

39 321 162 360 esse,
190 320 332 361 quam
368 303 528 349 studio
562 312 647 348 aut
680 303 788 348 aliis
818 317 944 359 quae
969 302 1072 346 sine
1103 302 1382 346 obedientia
1409 312 1455 347 et
1481 304 1662 347 actuali

39 381 319 440 praesentia
344 389 391 425 et
416 389 548 425 motu
575 380 693 437 Jesu
730 379 912 424 Christi
950 379 1025 424 bic
1060 379 1174 423 nibil
1210 389 1417 435 prosunt
1442 388 1489 423 et
1523 380 1665 424 facile

40 468 237 516 possent
260 458 523 514 plurimum
549 459 742 502 obesse.

95 538 137 582 8.
209 535 357 581 Videt
382 535 440 580 T.
470 535 529 580 R.
558 535 607 582 P.
634 550 780 591 quam
817 549 918 578 rem
956 534 1062 578 Deo
1097 543 1297 589 gratam
1335 532 1490 578 faciat
1515 533 1592 589 qui
1621 533 1663 577 in

38 612 341 659 orationibus
360 621 444 657 aut
464 611 719 657 sacrificiis
739 611 922 655 sanctis
944 610 1238 655 recordetur
1260 610 1466 655 Patrum
1487 625 1547 654 ac
1569 610 1664 654 fra-

38 701 168 737 trum
193 689 334 734 huius
364 689 578 745 collegii,
606 689 684 745 qui
719 688 841 744 siqui
878 688 956 732 alii
993 687 1318 744 experiuntur
1354 687 1664 731 uerissimum

38 783 161 823 esse,
203 782 255 812 se
295 767 401 823 plus
441 766 657 822 pendere
693 782 721 810 a
757 765 939 811 Christi
976 765 1161 810 auxilio
1202 774 1249 810 et
1289 765 1472 810 actuali
1511 774 1664 815 motu,

39 860 182 902 quam
206 844 252 888 in
277 843 503 888 omnibus
537 842 811 899 praesidiis,
839 858 966 899 quae
1002 842 1047 887 in
1085 842 1224 888 nobis
1260 843 1502 887 habemus
1527 851 1665 886 natu-

41 938 126 967 rae
150 921 225 966 uel
251 920 449 977 gratiae
475 919 756 973 habitualis,
785 928 879 964 etc.

96 1000 138 1045 O.
205 998 324 1043 Heri
349 998 517 1042 habita
542 1006 614 1042 est
639 997 802 1042 oratio
828 997 887 1042 de
919 997 1285 1042 resurrectione
1320 997 1515 1042 Domini
1552 1012 1667 1053 gra-

40 1075 254 1132 uissima,
281 1075 357 1120 cui
384 1090 495 1119 cum
519 1075 734 1120 maxima
758 1073 996 1120 auiditate
1030 1084 1078 1119 et
1113 1074 1301 1119 laetitia
1336 1073 1667 1119 interfuerunt

41 1154 188 1199 Pater
222 1152 299 1197 ille
335 1161 506 1197 noster
540 1152 801 1208 episcopus
837 1152 1115 1197 labacensis
1151 1154 1180 1208 ¹,
1209 1152 1286 1208 qui
1313 1151 1660 1215 estlconfessa-

42 1231 139 1276 rius
159 1230 306 1286 regis,
327 1229 657 1275 cancellarius
676 1228 987 1286 Hungariae,
1007 1229 1322 1285 praepositus
1340 1228 1602 1286 pragensis
1638 1231 1667 1280 ²,

41 1308 277 1365 magister
301 1307 643 1364 hospitalensis
663 1308 695 1364 ³,
717 1306 942 1352 canonici
963 1316 1009 1352 et
1029 1307 1318 1352 sacerdotes
1342 1307 1492 1363 arcis,
1528 1306 1660 1351 nobi«

41 1387 110 1431 les
128 1385 207 1430 filii
228 1385 486 1439 baronum,
507 1393 554 1429 et
571 1384 651 1444 alii
669 1384 1015 1440 quamplurimi
1034 1384 1304 1436 auditores;
1325 1385 1503 1440 quibus
1519 1383 1667 1428 etiam

42 1463 183 1521 plane
222 1462 462 1508 satisfecit
500 1477 721 1518 carmen,
760 1461 889 1518 quod
925 1470 1039 1507 ante
1075 1461 1351 1506 orationem
1387 1477 1416 1506 a
1450 1460 1662 1517 quodam

41 1539 246 1598 puerulo
271 1539 534 1584 recitatum
560 1548 649 1584 est.

127 1616 267 1663 Haec
291 1632 352 1662 ex
377 1616 540 1661 multis
564 1616 724 1661 obiter
750 1616 802 1661 P.
831 1616 889 1662 T.
917 1616 1108 1673 scripsi,
1143 1616 1546 1662 commmendans
1577 1631 1668 1660 nos

43 1706 88 1740 et
126 1703 297 1740 nostra
336 1693 516 1750 omnia,
560 1703 611 1739 ut
646 1709 773 1750 quae
806 1694 1037 1751 maxime,
1077 1694 1396 1740 Paternitatis
1431 1685 1573 1739 Tuae
1608 1708 1667 1738 ac

43 1771 254 1817 omnium
279 1771 501 1827 Patrum,
530 1770 825 1827 praesertim
860 1771 935 1821 R„
960 1771 1005 1816 in
1040 1771 1131 1817 X.0
1166 1771 1356 1828 uicarii,
1394 1771 1446 1816 P.
1486 1770 1553 1816 M.
1590 1770 1669 1830 Ja-

43 1849 151 1894 cobi
184 1849 404 1905 Laynez,
442 1848 606 1893 Patris
636 1849 730 1894 mei
765 1848 1203 1895 obseruandissimi
1227 1854 1247 1875 ἢ
1271 1849 1317 1894 in
1345 1848 1562 1906 Christo,
1590 1848 1669 1904 qui

43 1926 179 1972 nobis
202 1926 248 1971 in
273 1935 410 1971 terra
446 1936 796 1983 repraesentat
832 1927 1033 1972 Patrem
1067 1926 1333 1984 Ignatium,
1371 1936 1418 1972 et
1452 1926 1668 1972 omnium

42 2003 243 2049 Patrum
268 2019 328 2049 ac
351 2003 564 2049 fratrum
590 2004 847 2050 sacrificiis
871 2020 932 2051 ac
956 2005 1267 2050 orationibus
1293 2020 1355 2050 ex
1379 2004 1560 2050 anime.

128 2080 294 2137 Praga
319 2096 345 2126 e
369 2090 542 2127 nostro
567 2081 798 2139 collegiO,
826 2082 919 2127 XII
943 2081 1199 2128 Kalendas
1224 2082 1341 2127 Maii
1371 2080 1537 2138 155[7].

89 2251 107 2270 a
151 2251 301 2298 Jacobo
320 2251 433 2288 Patri
453 2264 542 2289 meo
562 2252 932 2290 obseruandissimo
953 2265 1032 2291 ms.

90 2407 99 2426 ¹
152 2407 343 2445 Urbanus
362 2407 516 2445 Textor
536 2407 739 2454 (Weber).

91 2466 104 2485 ²
151 2466 211 2503 Ita
242 2467 451 2504 dicebatur
476 2468 730 2514 praepositus
758 2469 956 2506 ecclesiae
990 2471 1234 2518 praecipuae
1263 2471 1554 2508 catholicorum
1583 2484 1669 2518 pra-

45 2526 240 2572 gensium,
261 2532 354 2563 tunc
373 2526 577 2563 Henricus
596 2526 846 2565 Scribonius.
871 2529 975 2566 Vide
996 2531 1182 2577 superius
1203 2544 1296 2578 pag.
1319 2532 1376 2574 27,
1399 2536 1534 2567 annot.
1561 2531 1593 2567 1.

87 2585 100 2604 ³
150 2585 353 2623 Antonius
372 2586 478 2623 Brus
497 2586 562 2631 (de
583 2586 787 2633 Muglizt),
810 2589 1005 2635 magister
1026 2590 1331 2627 Cruciferorum
1352 2590 1531 2636 Pragae.
