1971 3369
290 314 360 349 236
758 313 977 349 LITTERAE
1005 312 1363 357 QUJ—DRIMESTRES

243 409 396 454 simus
420 418 493 454 est
527 409 572 454 in
608 408 700 453 fide
725 409 971 454 ortodoxa
1006 418 1053 454 et
1087 407 1300 452 catolica
1334 408 1583 452 mordicus
1618 407 1872 453 retinenda

243 495 393 542 atque
418 486 615 531 tuenda.
641 485 738 541 Qui
757 495 959 531 sanctus
979 487 1081 531 eius
1102 486 1268 530 zaelus
1288 485 1334 529 in
1353 485 1456 530 dies
1475 485 1696 541 singulos
1716 485 1875 529 maius

244 573 393 619 atque
418 563 578 607 maius
602 563 749 607 sumit
773 563 1146 608 incrementum.
1174 562 1227 607 In
1252 572 1427 607 senatu
1458 553 1624 606 autem
1648 561 1754 606 fere
1780 561 1873 618 pri-

244 655 350 684 mus
384 650 459 684 est
494 639 636 684 Coss.
676 639 996 685 Hermannus
1037 640 1333 688 Suderman,
1371 641 1661 695 praeclarus
1702 639 1875 683 domus
1939 664 1942 665 ν

245 717 338 761 Dei
363 718 603 774 zaelator,
632 729 679 761 et
703 733 922 763 summus
957 727 1161 763 nostrae
1196 715 1463 762 Societatis
1488 716 1558 773 (ut
1584 715 1874 760 manifestis-

248 793 380 838 5111115
419 794 730 849 argumentis
768 793 1057 850 frequenter
1097 794 1479 848 demonstrauit)
1518 793 1687 838 fautor
1727 802 1875 848 atque
1942 850 1944 852 Υ

246 880 502 926 patronus.
526 870 621 915 Hic
646 871 812 916 statim
837 887 865 916 a
890 872 1127 928 principio
1152 886 1356 916 causam
1381 880 1604 916 nostram
1628 869 1673 914 in
1697 885 1749 915 se
1773 885 1875 914 sus--

245 947 391 1004 cepit,
420 963 629 1003 eamque
663 956 765 993 tam
800 945 1009 993 fideliter
1044 949 1161 1005 egit,
1188 957 1240 993 ut
1275 957 1479 993 cunctos
1513 948 1559 992 in
1594 946 1875 992 admiratio-

244 1040 355 1069 nem
380 1034 554 1069 tranei
558 1025 607 1069 it
638 1024 863 1082 Cumque
889 1041 969 1071 res
994 1026 1056 1070 illi
1085 1041 1180 1070 una
1204 1026 1268 1070 ui
1271 1042 1286 1070 1
1310 1042 1405 1070 11011
1439 1025 1750 1079 succederet,
1778 1024 1877 1069 alia

246 1116 522 1158 aogiessus
549 1111 637 1159 est,
666 1112 815 1158 atque
841 1103 910 1147 ita
935 1118 1210 1159 agffgiessus
1235 1117 1259 1147 ι
1263 1107 1323 1153 st,
1358 1112 1408 1147 ut
1432 1103 1605 1147 eodem
1632 1102 1706 1147 die
1731 1102 1875 1146 colle-

246 1178 382 1235 gium
406 1178 519 1223 nobi
525 1194 547 1223 S
571 1188 617 1224 tr
622 1155 813 1236 aderet
842 1190 889 1225 et
915 1181 1110 1236 quidem
1146 1191 1414 1236 antequam
1445 1195 1645 1225 mensae
1671 1194 1791 1224 suae
1817 1180 1878 1224 tal
1940 1173 1954 1230 ¹,

249 1255 589 1311 prandendum
615 1258 951 1303 accumberet.
981 1257 1028 1302 V
1037 1273 1174 1302 erum
1194 1273 1304 1302 cum
1330 1266 1438 1313 post
1463 1257 1526 1302 ab
1545 1257 1656 1302 eins
1680 1257 1876 1314 ingres-

249 1346 313 1377 su
348 1332 412 1377 M.
446 1332 658 1378 Iacobus
693 1333 923 1379 Leichius
958 1337 970 1359 ¹
1006 1350 1095 1379 nos
1130 1343 1490 1386 remoraretur,
1534 1335 1633 1379 tale
1663 1333 1728 1379 illi
1761 1342 1879 1378 nun-¹
1944 1340 1949 1342 '

249 1409 368 1454 tium
408 1410 559 1467 misit,
602 1419 656 1456 ut
693 1411 804 1456 11100
844 1422 955 1468 post
998 1411 1259 1473 prandium
1299 1411 1494 1468 collegii
1533 1412 1702 1456 claues
1739 1411 1878 1456 nobis
1940 1415 1951 1431 ’·

246 1486 484 1543 traderet,
514 1487 710 1532 tametsi
735 1488 951 1533 nondum
975 1504 1066 1534 sua
1091 1489 1255 1534 onmia
1280 1489 1412 1534 elata
1437 1498 1616 1533 essent.
1943 1475 1949 1477 ‚

310 1563 377 1607 11.
444 1562 586 1608 Iubet
620 1579 709 1609 nos
744 1564 789 1609 in
824 1565 948 1610 bene
987 1566 1173 1621 coeptis·
1208 1580 1441 1622 pergere,
1484 1574 1531 1610 et
1571 1565 1878 1625 aemulorum

247 1639 362 1683 odia
385 1648 536 1695 atque
561 1641 955 1687 obtrectationes
979 1652 1314 1698 contemnere,
1342 1657 1493 1698 seque
1518 1652 1740 1687 nostrum
1764 1657 1877 1697 pro-

248 1726 491 1762 tectorem
516 1728 562 1762 et
588 1718 903 1764 defensorem
926 1719 1034 1764 fore
1058 1720 1333 1776 pollicetur.
1361 1718 1562 1766 Gaudet
1585 1719 1625 1764 si
1650 1734 1739 1764 suo
1763 1734 1875 1763 con-

253 1793 359 1837 silio
384 1804 431 1838 et
455 1809 609 1850 opera
634 1805 848 1851 utamur,
875 1806 1055 1852 putans
1089 1811 1142 1841 se
1176 1795 1468 1842 beneficium
1493 1796 1739 1853 accipere,
1767 1811 1880 1840 cum

251 1886 339 1916 nos
363 1871 563 1916 iuuandi
584 1873 730 1917 datur
755 1873 968 1918 occasio.
998 1873 1184 1930 Nuper
1214 1878 1422 1919 strenue
1446 1873 1655 1918 cuidam
1678 1873 1878 1930 restitit,

253 1948 542 2005 theologiae
566 1952 613 1993 et
631 1949 997 2007 professommz
1021 1947 1134 1995 eins
1159 1964 1376 1996 caetscmz
1402 1964 1582 2007 agens.

312 2025 379 2070 12.
449 2024 574 2070 Cum
601 2039 723 2071 nero
747 2027 947 2082 quidam
969 2027 1015 2071 in
1040 2042 1189 2072 sacra
1223 2028 1461 2073 concione
1486 2027 1721 2072 nonnulla
1755 2042 1882 2083 quae

249 2103 373 2147 haer
378 2102 497 2147 esim
522 2118 558 2147 5
551 2103 784 2170 tpiebant
807 2103 1070 2167 effutisset,
1094 2105 1218 2149 adeo
1244 2113 1519 2150 commotus
1542 2113 1632 2159 est,
1656 2114 1706 2148 ut
1729 2103 1879 2148 homi-
1930 2091 1951 2165 Ἰ

250 2195 363 2224 nem
390 2167 643 2224 uideretur
668 2190 924 2226 coniectui
930 2196 985 2225 us
1010 2181 1053 2226 in
1080 2196 1355 2227 carcerem
1382 2181 1504 2227 Item
1528 2197 1675 2237 quum
1710 2165 1880 2237 anglo·
1924 2191 1949 2235 ’,1

257 2273 365 2302 111111
390 2258 568 2302 cohors
594 2257 693 2314 (qui
728 2258 791 2303 ob
821 2258 1067 2304 haeresim
1092 2260 1252 2304 solum
1278 2259 1579 2315 uertebant),
1606 2259 1697 2304 hac
1722 2268 1880 2304 trans-

251 2335 357 2380 iens
381 2335 604 2388 nonnihil
622 2347 928 2392 moraretur,
957 2337 1130 2390 timuit,
1157 2348 1208 2382 ut
1233 2352 1445 2393 aequum
1481 2348 1606 2393 erat,
1643 2352 1703 2381 ne
1735 2336 1781 2381 in
1816 2335 1880 2381 di-
1922 2345 1953 2394 ’-’,

251 2412 479 2458 uer-sorio
515 2413 952 2469 concionarentur,
992 2414 1213 2471 aliosque
1246 2415 1558 2460 seducerent.
1592 2413 1881 2470 Explorabo
1946 2406 1957 2438 ³3

253 2489 421 2546 igitur,
461 2489 627 2546 inquit,
671 2490 783 2546 quid
822 2500 993 2548 agant,
1031 2491 1069 2536 si
1110 2506 1196 2536 eos
1235 2492 1586 2537 concionantes
1625 2506 1878 2548 reperero,

252 2576 461 2612 cunctos
487 2568 549 2612 ad
573 2582 833 2612 carcerem
866 2568 1080 2619 traham,
1109 2584 1199 2614 nec
1223 2569 1466 2614 monebor
1490 2568 1527 2614 si
1552 2570 1631 2614 uel
1654 2569 1882 2625 proprios
1923 2563 1959 2627 J'l'

254 2645 382 2689 inter
404 2659 489 2689 eos
515 2659 825 2700 conspexero
852 2643 990 2689 filios.

317 2721 384 2767 13.
452 2721 665 2777 Verum,
703 2729 755 2765 ut
789 2719 972 2777 finiam,
1009 2721 1299 2767 sacerdotes
1333 2721 1411 2767 bic
1444 2737 1614 2766 sumus
1650 2731 1878 2777 quatuor,
1914 2704 1954 2778 4⁴1

255 2798 482 2855 magistri
515 2799 626 2855 duo,
654 2798 898 2844 dialectici
922 2807 1040 2850 tres,
1070 2799 1297 2845 rhetores
1331 2799 1559 2856 quinque,
1586 2809 1635 2844 et
1659 2798 1881 2844 dominus

255 2876 336 2921 ille
360 2876 392 2932 2,
435 2876 493 2920 de
519 2891 614 2932 quo
650 2875 775 2921 alias
808 2875 1112 2932 scripsimus.
1138 2876 1286 2922 Vnus
1322 2887 1586 2934 praeterea
1621 2875 1879 2932 magister,

305 3062 313 3081 ¹
367 3061 430 3098 Cf.
452 3061 808 3103 BRAUNSBERGER,
829 3063 905 3099 loc.
921 3061 1004 3105 cit,
1025 3061 1074 3101 ΙΙ,
1100 3061 1177 3104 143,
1200 3067 1335 3098 annot.
1357 3061 1391 3098 2.

303 3120 316 3140 ²
367 3121 474 3158 Vide
494 3134 628 3169 supra,
650 3134 744 3169 pag.
764 3120 823 3165 6¹2,
844 3126 980 3158 annot.
1005 3121 1035 3158 1.
