1910 3380
511 306 824 343 (lk-—LAUREro
849 304 895 341 28
924 302 1079 341 Mxizrn
1114 304 1202 340 1:337
1556 304 1619 339 147

54 404 162 451 tutti
186 404 226 449 si
251 403 388 449 uede.
413 402 604 459 Questo
629 402 901 447 6313011316
921 401 973 445 fu
991 410 1283 446 ueramente
1303 401 1520 446 notabile
1541 402 1586 447 13
1606 403 1669 447 diu

53 482 250 528 uotione
275 481 319 525 di
344 480 455 526 tutti
480 480 662 536 quanti.
691 479 742 524 lo
762 478 946 523 ottenni
967 478 1029 523 da
1050 478 1369 534 monsignore
1390 488 1561 524 nostro
1581 481 1671 525 che

55 558 292 616 potesimo
312 566 439 603 tutta
464 557 510 602 la
534 566 669 602 notte
689 556 815 601 dello
836 556 999 601 lnnedl
1018 556 1206 611 godere
1226 557 1272 601 la
1296 556 1575 601 santissima
1594 573 1672 602 63-

55 636 181 694 pella
200 636 247 680 al
267 635 465 692 piacere
484 643 532 679 et
552 633 796 679 desiderio
818 644 1004 689 nostro,
1028 633 1055 677 il
1077 633 1166 678 che
1186 642 1369 689 quanto
1389 633 1438 678 fu
1459 634 1671 690 saput[o,

56 729 147 759 non
173 710 407 770 puoteuo]
434 718 450 738 ³
477 712 661 756 hauere
687 711 869 766 lnogho
904 726 993 766 per
1026 710 1387 766 nascondermi,
1415 720 1552 756 tanto
1587 727 1675 756 613

56 789 247 848 grande
272 789 527 834 l’instanza
558 788 646 833 che
671 787 916 832 faceuano
941 787 985 832 di
1011 797 1219 844 puotere
1245 788 1455 844 uigliare
1479 797 1606 833 tutta
1630 789 1676 832 la

57 876 207 923 notte,
235 876 283 912 et
307 866 417 911 fare
442 865 690 921 discipline
716 877 761 910 et
787 865 914 910 altre
937 864 1301 910 mortificationi
1327 865 1373 909 in
1397 866 1508 921 quel
1534 867 1675 911 bene-

58 946 190 991 detto
234 943 434 1001 luogho.
476 942 537 988 Et
576 943 620 987 in
656 942 829 988 effetto
864 958 957 987 non
993 942 1198 998 puotetti
1234 943 1330 988 mai
1365 954 1499 988 51316
1539 953 1676 989 tanto

57 1022 211 1078 saldo,
253 1021 342 1066 che
382 1037 478 1066 non
517 1020 563 1066 ui
604 1021 876 1065 andassero
916 1020 1056 1076 quasi
1096 1020 1221 1074 tutti,
1259 1036 1354 1066 non
1399 1030 1595 1067 ostante
1634 1023 1677 1067 el

59 1098 387 1157 grandissimo
420 1098 594 1143 {reddo
620 1097 707 1143 che
732 1097 911 1142 1366113
941 1097 1049 1154 (603
1077 1108 1239 1154 tempo
1265 1101 1384 1154 pero
1409 1098 1675 1156 ordinato),

57 1176 310 1223 ritenendo
335 1176 606 1220 solamente
626 1174 769 1231 quelli
794 1175 884 1219 che
908 1190 999 1220 con
1024 1175 1188 1220 buona
1212 1175 1514 1221 conscientia
1537 1176 1678 1233 [sen]-

59 1269 115 1299 za
142 1252 393 1310 [perico]lo
418 1251 437 1279 b
461 1267 557 1297 non
581 1262 794 1308 puoteuo
820 1251 1074 1297 mandare.
1105 1251 1168 1297 Et
1192 1252 1237 1297 ui
1263 1252 1330 1308 fu,
1357 1268 1497 1298 come
1522 1254 1678 1299 anche

59 1330 460 1388 principalmente
485 1328 629 1386 quelli
653 1328 814 1385 giorni
839 1328 884 1373 di
909 1328 1243 1386 dissolutione,
1271 1329 1601 1386 grandissimo
1635 1331 1679 1376 el

59 1408 259 1454 feruore
294 1408 416 1464 loro,
454 1423 483 1452 a
507 1407 575 1451 tal
599 1407 689 1451 che
713 1405 1023 1463 pocchissimi
1058 1418 1286 1453 restorno
1310 1408 1400 1453 che
1430 1424 1527 1453 non
1552 1409 1589 1454 si
1615 1408 1680 1454 di-

60 1486 421 1543 sciplinassero.
449 1484 578 1530 Altri
604 1483 739 1530 molti
765 1484 943 1530 11110110
968 1485 1057 1530 6116
1081 1484 1251 1531 fecero
1275 1486 1680 1542 grand'instanza

62 1563 104 1608 di
128 1574 333 1620 puotere
358 1562 548 1607 andare
571 1577 660 1618 per
678 1561 709 1606 il
734 1561 926 1618 borgho
951 1561 1365 1619 disciplinandosi⁷
1388 1563 1419 1608 il
1443 1564 1533 1608 che
1558 1566 1680 1620 pero

60 1640 204 1698 negai
237 1656 326 1696 per
358 1638 505 1685 buoni
540 1647 589 1684 et
623 1638 767 1695 degni
804 1638 1008 1695 rispetti.
1037 1639 1143 1684 Non
1181 1642 1354 1685 tacero
1390 1640 1448 1685 de
1479 1640 1608 1686 l'uno
1634 1641 1681 1686 31

62 1717 202 1775 quale
238 1716 469 1774 negando
502 1715 550 1761 13
583 1715 812 1774 predetta
846 1715 1079 1762 richiesta
1113 1716 1354 1762 dicendoli
1389 1717 1680 1763 soi-ridendo

62 1795 149 1840 che
173 1794 305 1840 saria
330 1793 510 1851 meglio
541 1793 671 1838 farla
705 1792 750 1838 in
784 1808 919 1851 casa,
948 1793 1046 1850 egli
1069 1793 1230 1839 subito
1254 1794 1503 1851 pigliando
1529 1795 1576 1840 13
1600 1811 1682 1852 pa-

64 1873 185 1918 rolla
219 1871 281 1917 da
315 1887 450 1927 uero,
479 1886 532 1916 se
564 1871 742 1917 n'ando
775 1870 984 1928 pigliare
1019 1871 1063 1916 61
1096 1887 1243 1916 53660
1280 1881 1326 1916 61
1357 1872 1612 1928 disciplina
1637 1882 1684 1919 et

65 1958 339 2007 erumpette
373 1948 769 2006 disciplinandosi
804 1949 1162 1994 terribilmente
1186 1958 1234 1994 et
1257 1949 1501 2005 gridando
1536 1951 1683 1996 conti-

66 2039 322 2074 nuamente
356 2026 700 2072 misericordia
735 2042 822 2083 per
855 2041 908 2071 se
942 2035 989 2072 et
1023 2026 1137 2072 altri
1172 2028 1442 2084 peccatori,
1477 2037 1525 2073 et
1558 2028 1683 2073 chie-

67 2104 222 2150 dendo
256 2105 300 2150 el
334 2103 583 2161 suffragio
626 2103 670 2149 di
703 2103 887 2149 fratelli
923 2103 1011 2149 che
1045 2113 1256 2149 stauano
1291 2104 1337 2149 in
1372 2105 1683 2151 recreatione

67 2181 224 2238 doppo
242 2196 447 2238 pranzo,
469 2196 562 2226 603
583 2190 721 2226 tanto
742 2180 945 2226 feruore
964 2180 1054 2226 che
1078 2180 1118 2226 si
1142 2196 1238 2226 non
1263 2181 1492 2227 l'hauessi
1518 2192 1683 2239 presto

0 2305 1 2316 ¹
69 2258 320 2314 rifrenato,
342 2258 475 2304 fosse
499 2266 682 2303 uenuto
706 2258 933 2315 mancho,
961 2273 1100 2303 come
1134 2257 1474 2304 dimonstraua
1509 2260 1553 2304 el
1588 2260 1683 2315 pal-

70 2337 173 2382 lore
197 2345 246 2382 61
270 2335 542 2382 mutatione
582 2335 774 2393 grande
805 2335 883 2381 del
913 2336 1064 2381 uolto.
1093 2335 1229 2381 'sutti
1255 2337 1544 2382 restassimo
1573 2352 1682 2382 con-

69 2411 177 2470 fusi,
219 2413 295 2459 chi
329 2428 422 2459 603
456 2412 702 2470 laghrime
735 2428 913 2469 grosse
947 2413 1193 2471 all’occhi,
1235 2413 1312 2459 chi
1351 2413 1513 2470 fugitti
1549 2415 1606 2459 de
1639 2415 1686 2459 la

71 2490 208 2548 salla,
236 2490 281 2536 di
305 2502 562 2548 spauento,
589 2490 664 2536 chi
691 2491 960 2536 uoltauano
986 2491 1029 2536 le
1054 2491 1207 2547 spalle
1241 2492 1290 2536 al
1324 2491 1459 2536 detto
1484 2507 1579 2536 non
1605 2508 1685 2548 po-

72 2567 214 2613 tendo
247 2568 463 2614 ritenere
493 2582 583 2614 5113
617 2567 926 2626 confusione,
953 2568 1100 2614 l'altri
1135 2580 1345 2614 51311330
1376 2569 1515 2624 quasi
1544 2569 1589 2614 in
1616 2584 1687 2615 es-

72 2645 179 2702 tasi‚
206 2661 295 2703 per
318 2661 485 2691 essere
510 2656 639 2692 stato
659 2661 777 2691 cosa
802 2645 951 2690 molto
976 2645 1429 2703 improuistamente
1449 2645 1576 2691 satta
1595 2657 1642 2691 et
1661 2662 1689 2692 3

75 2722 339 2778 quell'hora
363 2723 574 2769 insolita.

134 2799 200 2845 10.
266 2799 466 2857 Quanto
506 2800 588 2847 alli
627 2799 773 2846 studii
813 2800 858 2845 di
897 2801 1005 2846 tutti
1044 2816 1209 2846 uanno
1249 2800 1400 2845 molto
1443 2801 1564 2846 bene
1604 2816 1693 2857 per

75 2876 237 2932 gratia
269 2877 346 2923 del
380 2876 612 2935 Signore‚
646 2887 695 2924 et
728 2891 874 2932 spero
910 2878 999 2923 che
1033 2879 1184 2923 molto
1219 2877 1256 2922 si
1292 2877 1487 2922 56111113
1521 2887 1693 2923 305110

122 3059 139 3080 ³
185 3054 384 3092 Abscissa
404 3056 568 3093 charta.
623 3056 690 3083 -b
713 3055 810 3093 Duo
830 3068 896 3093 vv.
915 3055 1114 3102 praeced.
1137 3053 1294 3092 addita
1313 3055 1360 3091 in
1380 3065 1519 3101 marg:
1541 3054 1694 3092 eadem

77 3122 226 3151 manu.
