1925 3509
600 282 836 318 3.—l“1<.-x‹;‚x
866 291 986 317 INI‘slo
1015 290 1112 315 Ami
1144 280 1230 314 1337
1637 279 1682 313 23

101 394 224 424 unus
259 379 494 435 egregius
529 378 653 422 baro
688 393 740 422 se
774 376 898 420 Rdo.
928 375 1023 419 Pri.
1053 383 1224 418 nostro
1249 373 1591 417 confessurum
1620 389 1727 428 pro-

101 456 242 501 misit.
268 456 408 500 Alius
434 455 508 500 uir
531 454 876 506 nobilissimus,
904 453 988 497 sed
1014 452 1318 502 lutheranus,
1357 459 1489 494 statu
1524 458 1729 494 nostrae

101 533 373 579 uocationis
413 533 674 588 diligenter
713 531 990 586 explorato,
1033 544 1092 573 ac
1132 527 1332 583 cognito
1373 527 1506 572 tenui
1548 527 1727 582 ubique

100 625 265 655 rerum
290 625 397 661 usu,
426 609 602 653 mirum
626 608 671 652 in
697 606 893 651 modum
918 615 1090 650 nostra
1114 603 1496 649 conuersatione
1517 603 1727 648 delecta-

100 697 197 739 tur,
225 687 457 742 templum
483 685 662 737 uisitat,
690 682 952 728 conciones
976 681 1127 733 audit,
1155 696 1264 725 cum
1289 679 1521 725 Patribus
1546 680 1729 724 nostris

100 763 364 820 aliquando
388 762 447 807 de
472 760 760 818 quibusdam
785 760 1015 815 disputat,
1043 756 1415 815 quantumlibet
1438 756 1727 811 illiteratus,

102 855 161 885 ac
194 840 392 885 tandem
426 849 526 883 tam
561 837 786 881 omnibus
821 834 1135 880 manifestam
1170 850 1229 878 ac
1264 848 1295 877 a
1323 840 1338 859 ³
1363 833 1601 878 ssohemia
1625 837 1731 877 tota

103 917 406 962 nu‘rabiliter
441 915 459 941 b
498 913 861 970 praedicatam,
904 912 1163 968 plusquam
1204 910 1485 966 exprimere
1529 909 1728 965 possim,

104 993 448 1044 obedientiam,
486 999 831 1047 paupertatem
868 999 916 1034 et
949 988 1249 1044 castitatem,
1287 982 1496 1042 denique
1525 987 1689 1031 omnia
1716 993 1732 1013 C

104 1071 423 1115 uehementer
466 1068 726 1123 approbat,
769 1075 979 1121 excepto
1019 1065 1098 1109 illo
1139 1064 1267 1120 quod
1311 1063 1549 1120 Luthero,
1587 1078 1731 1119 quem

102 1150 338 1192 sanctam
377 1149 424 1189 et
460 1144 663 1189 doctum
705 1144 878 1188 uirum
913 1141 1217 1186 nominabat
1250 1155 1310 1185 ae
1331 1139 1349 1166 d
1374 1140 1729 1195 uenerabatur,

102 1238 195 1267 non
221 1221 564 1267 adhereamus.

166 1298 231 1343 12.
300 1296 480 1343 Comes
505 1297 764 1353 quaedam,
792 1296 886 1340 secl
906 1295 1172 1344 catholica,
1202 1294 1333 1339 dedit
1364 1304 1529 1339 uestes
1563 1309 1729 1338 sacer-

101 1375 305 1427 dotales,
332 1373 568 1425 cortinas,
596 1373 704 1418 lina
727 1382 775 1417 et
798 1372 896 1417 alia
920 1371 965 1416 id
989 1386 1163 1427 genus,
1191 1370 1356 1415 diuino
1381 1369 1536 1415 cultui
1560 1385 1728 1415 neces-

100 1451 250 1506 saria,
287 1466 413 1507 quae
447 1465 596 1506 saepe
630 1450 796 1494 uisitat
830 1450 1064 1504 templum
1104 1457 1344 1499 nostrum;
1387 1447 1571 1492 saltem
1611 1451 1732 1492 (inte

97 1527 388 1585 pragensia
408 1527 635 1584 frigora,
665 1530 721 1571 ut
739 1540 1011 1582 speramus,
1034 1525 1138 1570 eius
1163 1525 1391 1580 exemplo
1414 1525 1582 1580 plures
1606 1525 1732 1569 alios

102 1605 163 1650 ad
188 1605 450 1650 conciones
475 1615 689 1659 nostras,
716 1607 764 1648 et
785 1619 814 1648 a
845 1602 1197 1647 remotioribus
1231 1602 1380 1647 etiam
1415 1601 1552 1659 locis,
1589 1617 1728 1647 acce-

101 1697 244 1726 suros
283 1696 406 1727 esse.
449 1681 748 1726 Paecuuias
786 1679 930 1724 nobis
974 1679 1091 1735 ilbsa
1135 1679 1409 1736 aliquoties
1447 1678 1639 1735 obtulit,
1678 1683 1735 1723 ut

100 1763 195 1814 pro
235 1758 436 1815 marito,
475 1757 773 1802 arcln‘clucis
805 1756 970 1801 nostri
1002 1759 1180 1800 contra
1213 1759 1417 1800 turcam
1451 1759 1625 1800 castra
1658 1769 1730 1800 se-

102 1839 299 1892 quente,
341 1848 562 1880 ereneus.
606 1834 760 1891 Quod
795 1833 1067 1879 charitatis
1105 1832 1403 1890 obsequium
1436 1846 1529 1878 nos
1567 1833 1731 1877 numi-

89 1912 466 1969 ficentissimae
490 1912 731 1957 (lonn‘nare
755 1911 968 1955 libenter
996 1914 1044 1954 et
1075 1910 1266 1967 gratis,
1296 1914 1350 1954 ut
1386 1910 1542 1966 (lecet,
1579 1915 1730 1965 prae-

102 1993 316 2034 stamus.

165 2066 232 2111 13.
298 2066 392 2111 Hic
415 2066 620 2112 alterius
639 2066 786 2111 etiam
805 2065 1058 2110 cuiusdam
1078 2065 1366 2121 praediuitis
1386 2064 1563 2109 uiduae
1583 2064 1732 2109 admi-

103 2143 259 2188 randa
281 2144 438 2199 pietas
464 2143 727 2200 praeteriri
761 2158 857 2187 non
892 2142 1053 2198 debet,
1088 2157 1215 2198 quae
1247 2141 1294 2186 in
1317 2142 1594 2198 asperrima
1620 2141 1730 2198 hye-

104 2234 181 2264 me
219 2219 367 2265 etiam
407 2235 437 2265 a
481 2235 672 2265 summo
711 2235 858 2265 mane
896 2234 1050 2275 usque
1089 2219 1242 2276 quasi
1278 2218 1340 2263 ad
1375 2218 1630 2263 meridiem
1658 2225 1674 2245 e
1702 2233 1733 2264 a

103 2297 283 2352 templo
306 2312 402 2342 non
425 2297 630 2342 discedit
653 2297 960 2342 orationibus
986 2296 1229 2341 insistens.
1252 2295 1396 2340 Hanc
1414 2295 1496 2340 alii
1515 2295 1730 2352 quidam

105 2373 333 2418 catholici
358 2373 590 2430 religiose
615 2373 882 2419 imitantur.
904 2372 988 2417 Ex
1006 2372 1190 2430 quibus
1208 2372 1309 2417 duo
1327 2386 1476 2416 senes
1480 2372 1732 2429 frequen-

104 2453 182 2493 ter
202 2453 249 2494 et
271 2449 484 2494 libenter
506 2464 599 2495 nos
622 2450 903 2494 admonent
925 2449 987 2494 de
1011 2449 1127 2502 illis,
1156 2462 1288 2506 quae
1319 2448 1391 2493 ad
1421 2448 1601 2504 templi
1632 2449 1730 2493 cul-

105 2529 213 2570 tum
247 2529 295 2570 et
328 2530 551 2571 ueterem
581 2526 996 2583 laudabilemque
1018 2525 1202 2570 ‘diuini
1222 2525 1388 2582 officii
1409 2525 1731 2569 eonsuetudi-

107 2615 222 2646 neni
255 2603 530 2658 pertinent.
575 2602 729 2660 Quod
760 2616 882 2647 uero
915 2602 978 2647 a'e
1010 2602 1153 2646 lectis
1189 2606 1356 2657 supra
1396 2601 1564 2658 attigi,
1605 2615 1734 2658 quos

107 2691 245 2723 more
275 2679 443 2724 italico
476 2679 588 2724 sine
617 2679 817 2735 plumis
849 2679 1117 2733 habemus,
1157 2692 1258 2723 uno
1290 2677 1528 2734 stragulo
1558 2681 1729 2735 tectos,

107 2754 234 2799 adeo
271 2755 328 2800 lii
362 2756 593 2800 hanzines
631 2756 908 2812 mirantur,
952 2760 1007 2800 ut
1040 2755 1172 2800 nilu'l
1203 2760 1384 2810 supra,
1417 2755 1733 2811 praesertim

107 2831 262 2876 etiam
280 2832 417 2888 quod
437 2832 510 2877 ita
533 2833 704 2877 oculos
728 2846 759 2878 a
784 2832 1086 2877 mulieribus
1110 2835 1431 2877 auertaneus.

169 2907 235 2952 14.
301 2907 408 2953 Sed
427 2909 489 2953 cle
511 2909 774 2954 materiali
795 2923 993 2966 quoque
1017 2908 1228 2965 collegio
1252 2907 1412 2952 obiter
1433 2906 1633 2965 aliquid
1660 2911 1730 2952 at-

153 3085 170 3105 a
214 3079 266 3115 in.
320 3083 384 3110 —-b
417 3079 509 3115 iam.
562 3086 625 3106 —C
658 3080 791 3116 omnia
826 3084 974 3115 nostra.
1028 3077 1094 3104 —d
1130 3078 1229 3124 ipse.
1283 3085 1346 3105 -e
1383 3078 1593 3114 meridiem
1629 3077 1731 3115 fere.
