1971 3369
289 298 358 335 ⁴261.
626 330 629 334 .
757 299 974 336 LITTERAE
1003 301 1359 344 QUADRIMESTRES

245 394 472 439 Romam
508 395 746 439 misimus
780 395 832 439 in
867 397 1066 440 octonis
1100 395 1340 440 Paschae
1365 396 1393 452 ¹,
1421 410 1553 452 qnae
1586 396 1660 452 (m
1678 396 1871 454 fallor)

242 471 347 515 loro
381 471 842 528 quadrimestm'zcm
877 471 1057 517 haberi
1084 475 1343 527 poterunt.
1382 471 1536 517 szc
1573 477 1747 518 tamen
1784 474 1868 518 ite-

242 560 359 591 rum
382 547 552 602 paucis
579 546 971 603 perstringemus
996 548 1109 605 quid
1134 563 1303 592 rerum
1330 547 1529 605 Pragae
1560 549 1823 595 nobiscnm
1847 549 1868 571 a

242 633 439 679 agatur.
658 682 660 684 Υ

330 700 381 745 In
406 701 576 756 primis
601 716 771 746 omnes
805 717 973 747 sumus
1006 702 1130 758 sani,
1157 711 1259 746 tum
1286 717 1514 758 corpore,
1542 711 1643 748 tum
1669 702 1740 759 (ut
1763 719 1867 759 spe-

243 777 316 833 ro)
351 777 521 833 spiritu
560 793 646 833 per
682 777 774 822 Dei
809 778 976 834 optimi
1017 778 1214 822 maximi
1252 778 1661 824 misericordiam.
1700 779 1869 825 Nouos

240 854 424 910 aliquot
460 855 659 899 iuuenes
695 856 997 909 recepimus,
1028 856 1104 911 qui
1129 871 1181 900 se
1216 855 1234 881 b
1269 855 1314 899 in
1350 856 1575 900 omnibus
1611 857 1869 913 resignare

237 931 434 975 student
458 940 606 986 atque
630 931 675 975 in
701 932 872 976 domus
896 931 1070 976 officiis
1094 947 1203 976 sese
1228 942 1481 977 exercent.
1511 932 1676 989 Aliqui
1708 934 1867 979 solent

239 1006 301 1051 ad
337 1022 426 1051 nos
462 1007 646 1063 uenire,
674 1017 878 1052 orantes
913 1017 963 1053 ut
999 1008 1319 1065 recipiantur,
1347 1022 1411 1053 ex
1443 1009 1627 1065 quibus
1660 1010 1867 1066 quidam

237 1082 522 1129 afficiuntur
556 1084 673 1140 iugo
709 1084 850 1129 suaui
889 1084 1071 1130 Christi
1108 1085 1360 1142 paulatim;
1389 1085 1588 1141 quidam
1623 1102 1744 1131 uero
1782 1086 1864 1132 im-

236 1160 481 1215 patientes
504 1167 519 1187 ‘2
554 1161 807 1213 recedunt.
850 1161 1193 1207 Veruntamen
1219 1176 1283 1206 ex
1306 1162 1608 1208 huiusmodi
1630 1168 1861 1209 constan-

237 1241 312 1281 tes
342 1242 687 1293 persezlemwzt
719 1238 894 1295 aliqui,
922 1253 986 1283 ex
1019 1239 1202 1296 quibus
1236 1239 1480 1295 quendam
1514 1239 1533 1266 ‘¹
1568 1255 1864 1296 germanum

238 1315 491 1370 nouitium,
531 1316 849 1360 humillimum
875 1316 971 1373 (qui
998 1316 1380 1372 grammaticam
1404 1317 1577 1362 audire
1601 1318 1794 1363 solebat
1818 1318 1863 1363 in

236 1391 441 1447 priuatis
472 1392 687 1449 scholis),
714 1392 1049 1449 praefecimus
1084 1393 1228 1438 classi
1263 1408 1548 1451 puerorum,
1576 1394 1655 1450 qui
1689 1395 1863 1450 princi-

233 1468 313 1525 pia
351 1469 708 1525 grammatices
742 1470 998 1514 recitante
1030 1480 1078 1515 et
1112 1470 1157 1515 hi
1192 1479 1304 1516 sunt
1338 1471 1637 1526 penultimae
1671 1471 1858 1518 classis,

232 1545 399 1590 Alium
435 1547 676 1602 quendam
712 1546 1045 1603 praefecimus
1075 1547 1303 1592 minimae
1328 1547 1473 1592 classi
1498 1563 1766 1603 puerorum
1797 1549 1861 1594 di-

232 1623 471 1668 scentium
496 1624 665 1679 legere
690 1633 738 1669 et
762 1624 1096 1680 alphabetum,
1118 1634 1166 1669 et
1190 1624 1266 1669 hic
1291 1634 1364 1670 est
1388 1625 1677 1682 bohaemus,
1702 1635 1753 1671 ut
1779 1627 1861 1671 bo-

232 1700 454 1745 haemice
488 1700 641 1756 possit
675 1717 786 1745 cum
826 1701 895 1746 eis
930 1716 1100 1757 agere.
1140 1699 1426 1757 Gasparum
1462 1703 1476 1726 ²
1513 1716 1635 1747 nero
1664 1701 1674 1729 f
1716 1703 1861 1749 classi

231 1776 452 1822 Floriani
492 1777 525 1834 3,
567 1777 613 1821 in
654 1793 749 1834 qua
787 1777 925 1834 pueri
960 1778 1150 1823 discunt
1189 1779 1383 1834 quidem
1423 1779 1661 1836 principia
1695 1795 1861 1836 gram-

230 1854 436 1899 matices
461 1862 497 1910 g,
534 1855 619 1900 sed
644 1855 725 1900 alii
754 1855 1097 1912 prouectiores
1129 1865 1242 1900 sunt
1276 1856 1399 1912 aliis,
1427 1866 1575 1912 atque
1600 1856 1665 1902 illi
1689 1872 1719 1902 a
1743 1872 1861 1914 pau-

229 1931 298 1976 cis
333 1931 722 1977 hebdomadibus
756 1941 1026 1989 coeperunt
1060 1933 1232 1977 audire
1270 1931 1526 1978 Ciceronis
1561 1934 1859 1979 selectarum

229 2008 553 2064 epistolarum
599 2009 979 2065 explicationem
1025 2009 1365 2055 bohaemicam
1410 2020 1457 2055 et
1496 2010 1854 2067 germanicam,

229 2086 343 2142 quia
368 2086 597 2131 altiorum
623 2096 734 2131 sunt
759 2087 955 2131 minime
980 2101 1207 2143 capaces,
1235 2087 1321 2132 sed
1347 2097 1394 2132 et
1418 2087 1510 2132 hoc
1534 2088 1691 2144 ipsum
1716 2103 1856 2144 prae-

229 2163 372 2218 cipue
397 2162 619 2219 fecimus,
643 2171 695 2208 ut
720 2163 1042 2209 imbecillitati
1063 2173 1325 2220 parentum
1345 2163 1624 2222 satisfieret,
1648 2165 1727 2221 qui
1746 2180 1857 2210 con-

228 2240 565 2295 querebantur
587 2238 712 2284 filios
737 2255 852 2285 suos
876 2239 992 2285 nihil
1016 2240 1147 2285 aliud
1171 2256 1318 2297 quam
1354 2240 1436 2285 illa
1467 2241 1609 2286 rudia
1644 2241 1853 2298 discere,

225 2331 316 2361 nec
341 2317 592 2373 progredi.
621 2316 772 2362 Tales
805 2326 919 2362 sunt
952 2317 1025 2362 his
1060 2317 1105 2362 in
1139 2318 1366 2373 partibus
1400 2327 1650 2375 parentes,
1678 2328 1728 2363 ut
1763 2318 1852 2364 nisi

226 2393 391 2439 statim
416 2409 650 2450 magnam
685 2393 901 2450 aliquam
935 2394 1259 2440 mutationem
1292 2395 1503 2440 uiderint
1538 2395 1584 2439 in
1619 2395 1782 2451 pueris
1807 2405 1856 2440 et

225 2470 521 2526 profectum,
550 2479 719 2527 putent
749 2471 863 2516 nihil
893 2471 992 2516 sibi
1012 2470 1134 2516 fieri.
1162 2471 1335 2528 Itaque
1369 2472 1645 2517 consultum
1668 2471 1775 2526 fuit,
1803 2481 1855 2517 ut

270 2614 290 2632 a
340 2613 445 2659 apud
461 2626 544 2650 nos.
601 2613 664 2639 —b
701 2612 954 2648 admissimus
973 2612 1161 2659 [Sic]‚qui
1176 2625 1219 2649 se
1235 2617 1351 2649 totos.
1407 2619 1466 2638 -c
1502 2613 1855 2659 impatientesmo-
1922 2610 1926 2627 '¹

224 2685 307 2709 rae.
355 2671 420 2699 -d
452 2672 653 2718 quendam
674 2684 723 2708 ex
741 2672 815 2708 his.
861 2678 924 2698 —e
956 2677 1143 2709 tractant.
1189 2671 1246 2698 —f
1288 2684 1384 2708 vero
1399 2676 1593 2709 nostrum.
1636 2679 1702 2706 -g
1733 2671 1856 2708 Haec

225 2732 255 2768 ,5
271 2743 338 2768 vv.
353 2733 482 2778 prins
497 2732 647 2775 ohlzvt..
664 2732 765 2768 dein
783 2732 982 2768 restituta
997 2734 1102 2767 smzt
1112 2732 1291 2777 punctis
1306 2731 1425 2777 infra
1437 2732 1606 2777 positis.

274 2865 278 2881 ¹
336 2861 442 2898 Vide
462 2874 594 2908 supra,
617 2874 708 2908 pag.
730 2860 809 2898 172.
830 2860 954 2897 Forte
975 2861 1024 2897 ad
1044 2861 1136 2897 illas
1155 2861 1312 2897 alludit.

272 2923 283 2939 '³
336 2920 443 2958 Vide
463 2933 555 2967 pag.
577 2919 635 2964 21,
657 2925 792 2957 annot.
816 2919 846 2956 1.

270 2982 281 2997 “²
332 2979 447 3023 Ibid.,
469 2984 603 3016 annot.
624 2979 658 3015 3.
681 2979 726 3015 In
745 2979 910 3026 antiquo
930 2979 1140 3024 «catalogo
1158 2978 1328 3015 fratrum
1348 2977 1608 3025 germanicae
1633 2977 1853 3024 superioris
1878 3006 1881 3009 ,
1910 2959 1935 3039 {¹

223 3038 483 3075 Provinciae»
508 3039 606 3083 (cod.
631 3038 770 3076 Germ.
791 3038 880 3083 131,
901 3037 968 3076 fol.
989 3038 1076 3081 237)
1092 3038 1238 3074 dicitur
1253 3050 1302 3074 ex
1319 3037 1554 3075 Carinthea.
1576 3036 1700 3073 Anno
1721 3036 1813 3073 1560
1830 3048 1852 3072 e
1875 3056 1880 3059 ·

222 3097 427 3135 Societate
444 3098 630 3134 dimissus
645 3097 730 3135 fuit.
751 3096 814 3135 Cf.
832 3097 1193 3143 BRAUNSBERGER,
1216 3097 1382 3134 Cam'sz’z‘
1399 3098 1538 3143 epist..
1554 3095 1604 3141 ΙΙ,
1620 3095 1702 3141 717,
1719 3095 1801 3132 735.

1906 3051 1933 3147 ξ,

1900 3241 1927 3260 ,7

1896 3308 1926 3331 ,ω

1890 3334 1934 3369 Ἐς
