1971 3369
287 329 357 366 234
755 331 975 368 Liri‘ERAE
1003 331 1357 377 QUADRIMES'J'RES

240 442 325 484 pes
350 427 499 472 etiam
524 428 722 473 catolici
746 427 959 485 fortiter,
983 430 1151 483 credo,
1174 428 1237 472 ad
1256 428 1602 484 extirpandam
1623 429 1871 475 haeresim

237 503 594 561 incumberent,
621 504 660 549 si
684 505 862 549 saltem
897 505 1139 550 haberent
1165 505 1297 550 uiros
1322 505 1495 550 doctos
1527 514 1575 550 et
1603 505 1723 563 pios,
1755 522 1869 563 quo·

238 595 347 624 rum
370 596 524 637 opera
549 596 609 626 ea
634 581 679 625 in
708 596 762 625 re
788 581 857 626 uti
882 590 1096 637 possent.
1125 581 1303 626 Messis
1336 592 1473 626 certe
1508 582 1728 637 copiosa.
1756 598 1868 638 ope·
1931 570 1971 598 '³

238 657 358 702 rarii
403 658 548 713 pauci
589 660 619 702 ¹.
663 657 931 715 Siquidem
978 663 1025 703 et
1068 658 1494 714 arcln‘epz'scopns
1538 659 1868 716 trelterensz's,
1926 660 1971 686 ⁵²

232 734 482 790 princeps
516 734 698 779 elector
733 735 764 791 ²,
801 739 971 790 nuper
998 740 1097 791 per
1129 736 1458 780 cartnsz‘cmos
1498 736 1872 791 conslnentz'nos

236 810 381 855 nobis
413 811 740 868 significauit
771 825 826 855 se
862 815 909 856 et
940 811 1249 856 Societatem
1281 825 1477 868 amare,
1507 815 1555 856 et
1576 812 1688 856 eius
1711 817 1871 868 opera

234 888 289 932 in
312 902 406 933 suo
426 888 691 944 pascendo
705 902 874 945 grege?
893 889 1021 932 [telle
1042 888 1254 933 libenter
1273 889 1361 933 nti.
1384 887 1676 944 Speramzts
1696 889 1871 945 ipsum
1936 899 1941 903 '
1964 900 1971 957 A·

236 965 336 1009 lmc
360 965 421 1009 de
446 979 499 1008 re
524 964 596 1009 ad
629 963 678 1009 V.
707 964 772 1009 R.
799 965 1136 1020 scripturum.
1926 1014 1958 1026 „-

293 1041 336 1087 6.
405 1041 692 1097 Caeterum,
721 1050 771 1086 ut
795 1041 858 1086 ad
881 1050 1079 1087 nostros
1109 1051 1358 1095 reuertar,
1386 1041 1649 1086 conciones
1673 1041 1719 1086 in
1746 1041 1870 1087 aede
1926 1063 1927 1066 ¹
1951 1046 1971 1064 ’”

234 1135 383 1164 sacra
418 1119 480 1163 D.
509 1118 746 1175 Agathae
781 1105 1127 1164 continuamus
1161 1119 1193 1173 3,
1222 1127 1270 1163 et
1303 1118 1368 1163 M.
1403 1117 1651 1163 Henricus
1684 1118 1868 1174 Diony-

236 1196 336 1241 sius
365 1203 396 1251 ³,
424 1196 470 1240 in
495 1195 826 1252 explicatione
849 1195 1096 1253 Psalterii,
1124 1205 1172 1240 et
1199 1195 1261 1239 M.
1289 1194 1591 1240 Franciscus
1627 1194 1870 1240 Costerus
1930 1258 1934 1260 .

235 1274 281 1318 in
306 1273 416 1318 libri
441 1271 700 1318 Geneseos
725 1272 1033 1329 expositione
1069 1272 1331 1328 diligenter
1355 1273 1760 1329 progrediuntur.
1790 1272 1868 1318 Ex
1915 1285 1962 1315 ··.

236 1350 412 1407 quibus
436 1350 662 1395 omnibus
697 1364 823 1406 quae
857 1349 1044 1394 utilitas
1079 1359 1358 1406 promanet‚
1386 1359 1434 1395 et
1458 1349 1692 1406 frequens
1724 1349 1850 1395 confi
1919 1350 1962 1394 'i

235 1427 441 1472 tentium
465 1442 698 1471 numerus
723 1435 771 1471 et
794 1426 1107 1483 theologicae
1125 1426 1379 1471 facultatis
1398 1426 1695 1472 instauratio
1715 1427 1867 1472 abun-

236 1504 295 1549 de
319 1513 584 1549 testantur.
612 1503 755 1561 Nam,
784 1512 837 1548 ut
872 1502 1097 1548 omittam
1133 1519 1217 1548 eos
1252 1504 1330 1560 qui
1366 1502 1417 1548 P.
1447 1503 1666 1549 Henrico
1696 1503 1890 1554 diebus

234 1580 510 1626 sabbatinis
534 1589 582 1625 et
607 1580 860 1625 dominicis
891 1579 1205 1635 confitentur,
1233 1581 1278 1625 in
1304 1580 1432 1626 festo
1469 1581 1869 1626 Annuntiationis
1951 1563 1969 1573 Ἰ

235 1659 490 1715 Deiparae
515 1657 743 1713 Virginis
769 1667 910 1702 tanta
933 1657 1022 1702 fuit
1046 1657 1092 1702 in
1117 1657 1241 1703 aede
1266 1658 1327 1702 D.
1357 1657 1613 1703 Maximini
1637 1657 1868 1702 confiten-
1909 1706 1912 1715 Δ
1933 1643 1969 1707 4

236 1737 358 1781 tium
383 1735 658 1793 multitudo,
687 1745 738 1780 ut
762 1735 827 1780 M.
855 1734 1183 1780 Franciscum
1218 1734 1486 1780 Costerum
1511 1751 1540 1780 a
1565 1735 1721 1791 prima
1745 1735 1871 1780 hora
1903 1746 1911 1785 J
1947 1731 1965 1765 J

236 1812 512 1858 meridiana
546 1812 608 1857 ad
641 1811 740 1858 &³¹¹¹
775 1827 930 1868 usque
964 1812 1302 1869 uespertinam
1337 1812 1614 1869 detinuerit,
1643 1820 1692 1857 et
1725 1827 1870 1857 mane
1898 1835 1921 1850 «¹
1950 1799 1954 1854 3.

235 1905 434 1935 rursum
473 1889 747 1946 occuparit.
786 1888 838 1933 In
878 1889 1066 1945 pascha
1104 1889 1166 1934 ad
1205 1904 1323 1934 suos
1361 1889 1499 1935 iuere
1534 1889 1796 1946 parochos:
1823 1889 1870 1934 in

235 1961 527 2006 ascensione
551 1969 600 2006 et
622 1969 910 2016 pentecoste
934 1975 1131 2005 rursum
1154 1962 1426 2016 permultos
1451 1970 1788 2018 expectamus.

292 2039 334 2084 7.
401 2038 455 2083 ln
478 2047 649 2083 nostro
682 2042 958 2098 praeterea
992 2037 1210 2082 aduentu
1244 2053 1449 2094 prorsus
1483 2038 1682 2083 iacebat
1714 2037 1870 2083 facul-
1910 2051 1949 2097 st:

237 2125 316 2161 tas
349 2115 649 2172 theologica:
678 2115 792 2160 nulli
818 2115 925 2160 eius
954 2115 1192 2159 ordinarii
1227 2115 1558 2171 professores,
1586 2114 1867 2172 paucissimi
1903 2126 1913 2134 ’
1938 2104 1946 2122 η’

237 2192 341 2238 eius
388 2200 660 2237 amatores.
703 2191 974 2247 Postquam
1015 2207 1138 2236 uero
1179 2207 1291 2236 eam
1331 2191 1553 2248 profiteri
1597 2201 1869 2247 coeperunt
1942 2175 1947 2185 .

236 2269 302 2314 M.
325 2268 575 2314 Henricus
594 2268 862 2324 Dionysius
883 2277 932 2314 et
949 2268 1016 2314 M.
1039 2268 1341 2313 Franciscus
1358 2263 1617 2325 Costerus‚
1640 2268 1870 2326 permulti
1894 2307 1898 2310 .
1944 2291 1948 2296 ·

236 2346 299 2391 ad
324 2361 435 2391 eam
460 2345 855 2401 amplectendam
889 2344 955 2401 (id
980 2345 1109 2401 quod
1133 2344 1367 2401 frequens
1403 2345 1683 2391 auditorum
1709 2354 1868 2390 osten·
1893 2357 1898 2363 '

236 2423 304 2468 dit
342 2422 614 2480 numerus),
659 2431 706 2467 et
750 2438 846 2467 non
887 2421 1032 2479 pauci
1071 2422 1135 2467 ad
1173 2437 1283 2467 eam
1326 2422 1716 2478 promouendam
1757 2430 1869 2468 sunt
1887 2478 1891 2487 Ι
1939 2408 1941 2411 V

237 2499 455 2545 excitati.
493 2498 637 2544 Duos
677 2498 1044 2544 constituerunt
1084 2497 1365 2544 ordinarios
1403 2498 1732 2556 professores,
1774 2498 1900 2555 epi—

238 2578 481 2622 stolarum
506 2573 558 2621 S.
586 2575 742 2632 Pauli,
770 2581 816 2620 et
838 2575 905 2620 M.
929 2573 1319 2621 Sententiarum:
1342 2575 1387 2620 in
1409 2591 1618 2632 quorum
1638 2562 1888 2641 primums}
1937 2579 1942 2603 ³

236 2653 587 2699 canonicatum
622 2651 799 2697 summi
834 2651 1019 2708 templi;
1057 2651 1101 2696 in
1141 2652 1370 2705 alterum,
1399 2651 1535 2697 aedis
1568 2648 1899 2697 Sanctorum⁷

283 2813 300 2833 ἃ
348 2806 440 2852 Seq.
456 2810 502 2842 et
521 2804 578 2841 M.
600 2805 844 2842 Franciscus
864 2803 1061 2841 Costerus
1080 2805 1213 2842 ohlz'tt.
1236 2806 1290 2842 ab
1311 2806 1459 2842 eodem
1487 2806 1654 2847 Retleio,
1682 2809 1733 2842 ut
1753 2805 1868 2842 vide-
1884 2816 1886 2819 ·
1939 2828 1942 2835 ›

236 2870 321 2902 tur.
1880 2876 1882 2878 ’

286 3010 295 3027 ¹
349 3008 476 3050 Luc„
497 3007 551 3051 X,
571 3006 606 3044 2.

284 3066 296 3086 ²
342 3067 522 3113 Joannes
540 3066 589 3103 de
607 3065 733 3102 Petra
753 3066 845 3112 (von
861 3066 933 3103 der
951 3065 1124 3112 Leyen).

283 3126 296 3144 ³
348 3126 455 3163 'Vide
475 3138 610 3172 supra,
630 3138 724 3172 pag.
745 3125 781 3169 3,
799 3130 937 3163 annot.
961 3125 992 3162 1.
