<?xml version="1.0" encoding="UTF-8"?>
<!DOCTYPE html PUBLIC "-//W3C//DTD XHTML 1.0 Transitional//EN"
    "http://www.w3.org/TR/xhtml1/DTD/xhtml1-transitional.dtd">
<html xmlns="http://www.w3.org/1999/xhtml" xml:lang="en" lang="en">
 <head>
  <title>
</title>
<meta http-equiv="Content-Type" content="text/html;charset=utf-8" />
  <meta name='ocr-system' content='tesseract 3.04.00' />
  <meta name='ocr-capabilities' content='ocr_page ocr_carea ocr_par ocr_line ocrx_word'/>
</head>
<body>
  <div class='ocr_page' id='page_1' title='image "./litteraequadrime1705lain_0619.png"; bbox 0 0 1900 3380; ppageno 0'>
   <div class='ocr_carea' id='block_1_1' title="bbox 495 227 1649 264">
    <p class='ocr_par' dir='ltr' id='par_1_1' title="bbox 495 227 1649 264">
     <span class='ocr_line' id='line_1_1' title="bbox 495 227 1649 264; baseline -0.003 0"><span class='ocrx_word' id='word_1_1' title='bbox 495 227 870 264; x_wconf 40' lang='lat' dir='ltr'>150.-Fi„01&lt;m&gt;1*1.&gt;x</span> <span class='ocrx_word' id='word_1_2' title='bbox 901 227 948 262; x_wconf 73' lang='lat'>‘20</span> <span class='ocrx_word' id='word_1_3' title='bbox 979 227 1141 262; x_wconf 48' lang='lat' dir='ltr'>&gt;Lm-[11</span> <span class='ocrx_word' id='word_1_4' title='bbox 1174 228 1263 262; x_wconf 62' lang='lat'>1558</span> <span class='ocrx_word' id='word_1_5' title='bbox 1579 227 1649 262; x_wconf 63' lang='lat'>537</span> 
     </span>
    </p>
   </div>
   <div class='ocr_carea' id='block_1_2' title="bbox 16 321 1696 3084">
    <p class='ocr_par' dir='ltr' id='par_1_2' title="bbox 57 321 1696 1370">
     <span class='ocr_line' id='line_1_2' title="bbox 64 321 1696 379; baseline -0.001 -11"><span class='ocrx_word' id='word_1_6' title='bbox 64 323 236 369; x_wconf 86' lang='lat' dir='ltr'>tisimis</span> <span class='ocrx_word' id='word_1_7' title='bbox 260 322 415 379; x_wconf 89' lang='lat' dir='ltr'>epulis</span> <span class='ocrx_word' id='word_1_8' title='bbox 449 332 496 367; x_wconf 92' lang='lat' dir='ltr'>et</span> <span class='ocrx_word' id='word_1_9' title='bbox 531 322 810 378; x_wconf 68' lang='lat' dir='ltr'>sybariticis</span> <span class='ocrx_word' id='word_1_10' title='bbox 835 322 1029 377; x_wconf 85' lang='lat' dir='ltr'>delitiis,</span> <span class='ocrx_word' id='word_1_11' title='bbox 1057 321 1230 377; x_wconf 85' lang='lat' dir='ltr'>quibus</span> <span class='ocrx_word' id='word_1_12' title='bbox 1265 321 1346 366; x_wconf 89' lang='lat' dir='ltr'>alii</span> <span class='ocrx_word' id='word_1_13' title='bbox 1382 338 1440 366; x_wconf 93' lang='lat' dir='ltr'>eo</span> <span class='ocrx_word' id='word_1_14' title='bbox 1470 330 1696 377; x_wconf 87' lang='lat' dir='ltr'>tempore</span> 
     </span>
     <span class='ocr_line' id='line_1_3' title="bbox 62 397 1696 456; baseline -0.002 -10"><span class='ocrx_word' id='word_1_15' title='bbox 62 401 178 446; x_wconf 89' lang='lat' dir='ltr'>dant</span> <span class='ocrx_word' id='word_1_16' title='bbox 212 414 432 456; x_wconf 90' lang='lat' dir='ltr'>operam,</span> <span class='ocrx_word' id='word_1_17' title='bbox 472 400 618 456; x_wconf 90' lang='lat' dir='ltr'>longe</span> <span class='ocrx_word' id='word_1_18' title='bbox 653 399 1050 455; x_wconf 74' lang='lat' dir='ltr'>anteponendam</span> <span class='ocrx_word' id='word_1_19' title='bbox 1085 398 1454 444; x_wconf 76' lang='lat' dir='ltr'>existimabant.</span> <span class='ocrx_word' id='word_1_20' title='bbox 1496 397 1584 444; x_wconf 85' lang='lat' dir='ltr'>Est</span> <span class='ocrx_word' id='word_1_21' title='bbox 1618 399 1696 444; x_wconf 91' lang='lat' dir='ltr'>hic</span> 
     </span>
     <span class='ocr_line' id='line_1_4' title="bbox 61 476 1692 534; baseline 0 -13"><span class='ocrx_word' id='word_1_22' title='bbox 61 485 327 534; x_wconf 89' lang='lat' dir='ltr'>praeterea</span> <span class='ocrx_word' id='word_1_23' title='bbox 361 476 558 533; x_wconf 87' lang='lat' dir='ltr'>quidam</span> <span class='ocrx_word' id='word_1_24' title='bbox 594 476 900 533; x_wconf 88' lang='lat' dir='ltr'>paralyticus</span> <span class='ocrx_word' id='word_1_25' title='bbox 926 476 1023 532; x_wconf 87' lang='lat' dir='ltr'>qui,</span> <span class='ocrx_word' id='word_1_26' title='bbox 1051 491 1207 520; x_wconf 88' lang='lat' dir='ltr'>annos</span> <span class='ocrx_word' id='word_1_27' title='bbox 1233 476 1327 520; x_wconf 89' lang='lat' dir='ltr'>iam</span> <span class='ocrx_word' id='word_1_28' title='bbox 1352 476 1560 532; x_wconf 89' lang='lat' dir='ltr'>amplius</span> <span class='ocrx_word' id='word_1_29' title='bbox 1584 491 1692 521; x_wconf 84' lang='lat' dir='ltr'>sex-</span> 
     </span>
     <span class='ocr_line' id='line_1_5' title="bbox 60 552 1693 609; baseline 0 -11"><span class='ocrx_word' id='word_1_30' title='bbox 60 553 214 598; x_wconf 80' lang='lat' dir='ltr'>decim</span> <span class='ocrx_word' id='word_1_31' title='bbox 240 568 299 598; x_wconf 93' lang='lat' dir='ltr'>eo</span> <span class='ocrx_word' id='word_1_32' title='bbox 325 554 499 598; x_wconf 90' lang='lat' dir='ltr'>morbo</span> <span class='ocrx_word' id='word_1_33' title='bbox 524 553 768 608; x_wconf 88' lang='lat' dir='ltr'>detentus,</span> <span class='ocrx_word' id='word_1_34' title='bbox 792 553 921 598; x_wconf 91' lang='lat' dir='ltr'>intra</span> <span class='ocrx_word' id='word_1_35' title='bbox 946 552 1244 597; x_wconf 83' lang='lat' dir='ltr'>domesticos</span> <span class='ocrx_word' id='word_1_36' title='bbox 1264 569 1315 597; x_wconf 92' lang='lat' dir='ltr'>se</span> <span class='ocrx_word' id='word_1_37' title='bbox 1337 553 1553 609; x_wconf 82' lang='lat' dir='ltr'>parietes</span> <span class='ocrx_word' id='word_1_38' title='bbox 1579 568 1693 598; x_wconf 90' lang='lat' dir='ltr'>con-</span> 
     </span>
     <span class='ocr_line' id='line_1_6' title="bbox 59 629 1693 686; baseline -0.001 -10"><span class='ocrx_word' id='word_1_39' title='bbox 59 630 194 676; x_wconf 90' lang='lat' dir='ltr'>tinet.</span> <span class='ocrx_word' id='word_1_40' title='bbox 223 629 316 674; x_wconf 86' lang='lat' dir='ltr'>Cui</span> <span class='ocrx_word' id='word_1_41' title='bbox 341 639 532 675; x_wconf 88' lang='lat' dir='ltr'>tantum</span> <span class='ocrx_word' id='word_1_42' title='bbox 560 630 599 675; x_wconf 87' lang='lat' dir='ltr'>is</span> <span class='ocrx_word' id='word_1_43' title='bbox 624 631 826 675; x_wconf 78' lang='lat' dir='ltr'>morbus</span> <span class='ocrx_word' id='word_1_44' title='bbox 851 630 1005 675; x_wconf 79' lang='lat' dir='ltr'>affert</span> <span class='ocrx_word' id='word_1_45' title='bbox 1029 629 1270 684; x_wconf 83' lang='lat' dir='ltr'>dolorem,</span> <span class='ocrx_word' id='word_1_46' title='bbox 1294 640 1345 674; x_wconf 90' lang='lat' dir='ltr'>ut</span> <span class='ocrx_word' id='word_1_47' title='bbox 1371 630 1453 674; x_wconf 85' lang='lat' dir='ltr'>uix</span> <span class='ocrx_word' id='word_1_48' title='bbox 1479 646 1693 686; x_wconf 86' lang='lat' dir='ltr'>unquam</span> 
     </span>
     <span class='ocr_line' id='line_1_7' title="bbox 60 707 1692 763; baseline -0.001 -11"><span class='ocrx_word' id='word_1_49' title='bbox 60 723 89 752; x_wconf 90' lang='lat' dir='ltr'>a</span> <span class='ocrx_word' id='word_1_50' title='bbox 131 707 317 763; x_wconf 91' lang='lat' dir='ltr'>gemitu</span> <span class='ocrx_word' id='word_1_51' title='bbox 359 723 411 752; x_wconf 94' lang='lat' dir='ltr'>se</span> <span class='ocrx_word' id='word_1_52' title='bbox 452 708 604 763; x_wconf 78' lang='lat' dir='ltr'>possit</span> <span class='ocrx_word' id='word_1_53' title='bbox 649 707 921 752; x_wconf 87' lang='lat' dir='ltr'>continere.</span> <span class='ocrx_word' id='word_1_54' title='bbox 967 707 1044 751; x_wconf 71' lang='lat' dir='ltr'>Ad</span> <span class='ocrx_word' id='word_1_55' title='bbox 1084 722 1196 751; x_wconf 90' lang='lat' dir='ltr'>eum</span> <span class='ocrx_word' id='word_1_56' title='bbox 1236 708 1363 752; x_wconf 91' lang='lat' dir='ltr'>solet</span> <span class='ocrx_word' id='word_1_57' title='bbox 1404 717 1692 752; x_wconf 86' lang='lat' dir='ltr'>nostrorum</span> 
     </span>
     <span class='ocr_line' id='line_1_8' title="bbox 60 783 1695 841; baseline -0.001 -12"><span class='ocrx_word' id='word_1_58' title='bbox 60 784 224 830; x_wconf 83' lang='lat' dir='ltr'>Prum.</span> <span class='ocrx_word' id='word_1_59' title='bbox 248 784 425 840; x_wconf 86' lang='lat' dir='ltr'>aliquis</span> <span class='ocrx_word' id='word_1_60' title='bbox 448 784 653 841; x_wconf 87' lang='lat' dir='ltr'>singulis</span> <span class='ocrx_word' id='word_1_61' title='bbox 678 784 927 829; x_wconf 89' lang='lat' dir='ltr'>mensibus</span> <span class='ocrx_word' id='word_1_62' title='bbox 951 783 1212 828; x_wconf 86' lang='lat' dir='ltr'>accedere:</span> <span class='ocrx_word' id='word_1_63' title='bbox 1241 793 1288 828; x_wconf 91' lang='lat' dir='ltr'>et</span> <span class='ocrx_word' id='word_1_64' title='bbox 1312 794 1423 839; x_wconf 90' lang='lat' dir='ltr'>post</span> <span class='ocrx_word' id='word_1_65' title='bbox 1446 784 1695 828; x_wconf 78' lang='lat' dir='ltr'><strong>solemnes</strong></span> 
     </span>
     <span class='ocr_line' id='line_1_9' title="bbox 60 861 1693 918; baseline -0.001 -12"><span class='ocrx_word' id='word_1_66' title='bbox 60 862 239 907; x_wconf 81' lang='lat' dir='ltr'>missae</span> <span class='ocrx_word' id='word_1_67' title='bbox 273 862 585 907; x_wconf 73' lang='lat' dir='ltr'>ceremonias</span> <span class='ocrx_word' id='word_1_68' title='bbox 619 871 998 907; x_wconf 85' lang='lat' dir='ltr'>sacrosanctum</span> <span class='ocrx_word' id='word_1_69' title='bbox 1024 861 1137 917; x_wconf 82' lang='lat' dir='ltr'>Xpi.</span> <span class='ocrx_word' id='word_1_70' title='bbox 1165 876 1347 917; x_wconf 84' lang='lat' dir='ltr'>corpus</span> <span class='ocrx_word' id='word_1_71' title='bbox 1372 861 1436 905; x_wconf 86' lang='lat' dir='ltr'>illi</span> <span class='ocrx_word' id='word_1_72' title='bbox 1467 861 1693 918; x_wconf 86' lang='lat' dir='ltr'>suppedi-</span> 
     </span>
     <span class='ocr_line' id='line_1_10' title="bbox 58 938 1693 995; baseline -0.001 -11"><span class='ocrx_word' id='word_1_73' title='bbox 58 949 183 985; x_wconf 84' lang='lat' dir='ltr'>tare.</span> <span class='ocrx_word' id='word_1_74' title='bbox 213 938 326 995; x_wconf 86' lang='lat' dir='ltr'>Qua</span> <span class='ocrx_word' id='word_1_75' title='bbox 350 955 413 984; x_wconf 81' lang='lat' dir='ltr'>ex</span> <span class='ocrx_word' id='word_1_76' title='bbox 439 955 491 984; x_wconf 87' lang='lat' dir='ltr'>re</span> <span class='ocrx_word' id='word_1_77' title='bbox 516 949 707 984; x_wconf 87' lang='lat' dir='ltr'>tantam</span> <span class='ocrx_word' id='word_1_78' title='bbox 734 938 1040 994; x_wconf 85' lang='lat' dir='ltr'>illesuscipit</span> <span class='ocrx_word' id='word_1_79' title='bbox 1080 938 1492 989; x_wconf 77' lang='lat' dir='ltr'>consolationem,</span> <span class='ocrx_word' id='word_1_80' title='bbox 1521 948 1572 983; x_wconf 93' lang='lat' dir='ltr'>ut</span> <span class='ocrx_word' id='word_1_81' title='bbox 1597 955 1693 983; x_wconf 91' lang='lat' dir='ltr'>non</span> 
     </span>
     <span class='ocr_line' id='line_1_11' title="bbox 59 1015 1692 1073; baseline -0.001 -12"><span class='ocrx_word' id='word_1_82' title='bbox 59 1017 202 1061; x_wconf 91' lang='lat' dir='ltr'>modo</span> <span class='ocrx_word' id='word_1_83' title='bbox 237 1016 453 1073; x_wconf 80' lang='lat' dir='ltr'>gemitus</span> <span class='ocrx_word' id='word_1_84' title='bbox 488 1016 587 1073; x_wconf 86' lang='lat' dir='ltr'>(qui</span> <span class='ocrx_word' id='word_1_85' title='bbox 617 1026 730 1061; x_wconf 86' lang='lat' dir='ltr'>sunt</span> <span class='ocrx_word' id='word_1_86' title='bbox 764 1016 827 1060; x_wconf 90' lang='lat' dir='ltr'>illi</span> <span class='ocrx_word' id='word_1_87' title='bbox 864 1015 1254 1071; x_wconf 77' lang='lat' dir='ltr'>familiarissimi)</span> <span class='ocrx_word' id='word_1_88' title='bbox 1288 1015 1412 1060; x_wconf 90' lang='lat' dir='ltr'>ullos</span> <span class='ocrx_word' id='word_1_89' title='bbox 1437 1031 1531 1060; x_wconf 94' lang='lat' dir='ltr'>non</span> <span class='ocrx_word' id='word_1_90' title='bbox 1558 1015 1692 1072; x_wconf 83' lang='lat' dir='ltr'>edat,</span> 
     </span>
     <span class='ocr_line' id='line_1_12' title="bbox 57 1093 1692 1150; baseline -0.001 -12"><span class='ocrx_word' id='word_1_91' title='bbox 57 1109 231 1139; x_wconf 88' lang='lat' dir='ltr'>uerum</span> <span class='ocrx_word' id='word_1_92' title='bbox 268 1093 417 1138; x_wconf 89' lang='lat' dir='ltr'>etiam</span> <span class='ocrx_word' id='word_1_93' title='bbox 451 1093 541 1139; x_wconf 89' lang='lat' dir='ltr'>sibi</span> <span class='ocrx_word' id='word_1_94' title='bbox 577 1093 705 1139; x_wconf 91' lang='lat' dir='ltr'>inter</span> <span class='ocrx_word' id='word_1_95' title='bbox 740 1094 1036 1150; x_wconf 76' lang='lat' dir='ltr'>angelorum</span> <span class='ocrx_word' id='word_1_96' title='bbox 1061 1093 1240 1138; x_wconf 90' lang='lat' dir='ltr'>choros</span> <span class='ocrx_word' id='word_1_97' title='bbox 1272 1093 1468 1138; x_wconf 87' lang='lat' dir='ltr'>uersari</span> <span class='ocrx_word' id='word_1_98' title='bbox 1505 1093 1692 1138; x_wconf 90' lang='lat' dir='ltr'>tamdiu</span> 
     </span>
     <span class='ocr_line' id='line_1_13' title="bbox 58 1170 1686 1226; baseline 0 -12"><span class='ocrx_word' id='word_1_99' title='bbox 58 1170 303 1225; x_wconf 82' lang='lat' dir='ltr'>uideatur,</span> <span class='ocrx_word' id='word_1_100' title='bbox 342 1170 574 1226; x_wconf 79' lang='lat' dir='ltr'>quamdiu</span> <span class='ocrx_word' id='word_1_101' title='bbox 609 1186 638 1215; x_wconf 88' lang='lat' dir='ltr'>a</span> <span class='ocrx_word' id='word_1_102' title='bbox 673 1180 845 1215; x_wconf 90' lang='lat' dir='ltr'>nostro</span> <span class='ocrx_word' id='word_1_103' title='bbox 879 1170 958 1215; x_wconf 90' lang='lat' dir='ltr'>illo</span> <span class='ocrx_word' id='word_1_104' title='bbox 997 1171 1106 1214; x_wconf 83' lang='lat' dir='ltr'>Pre.</span> <span class='ocrx_word' id='word_1_105' title='bbox 1146 1185 1346 1214; x_wconf 87' lang='lat' dir='ltr'>sacrum</span> <span class='ocrx_word' id='word_1_106' title='bbox 1382 1170 1686 1214; x_wconf 86' lang='lat' dir='ltr'>celebratur:</span> 
     </span>
     <span class='ocr_line' id='line_1_14' title="bbox 57 1247 1691 1304; baseline -0.001 -12"><span class='ocrx_word' id='word_1_107' title='bbox 57 1263 306 1304; x_wconf 87' lang='lat' dir='ltr'>nunquam</span> <span class='ocrx_word' id='word_1_108' title='bbox 332 1248 459 1293; x_wconf 88' lang='lat' dir='ltr'>enim</span> <span class='ocrx_word' id='word_1_109' title='bbox 486 1258 635 1293; x_wconf 86' lang='lat' dir='ltr'>antea</span> <span class='ocrx_word' id='word_1_110' title='bbox 660 1264 711 1293; x_wconf 88' lang='lat' dir='ltr'>se</span> <span class='ocrx_word' id='word_1_111' title='bbox 738 1264 842 1292; x_wconf 87' lang='lat' dir='ltr'>rem</span> <span class='ocrx_word' id='word_1_112' title='bbox 867 1247 1083 1292; x_wconf 89' lang='lat' dir='ltr'>diuinam</span> <span class='ocrx_word' id='word_1_113' title='bbox 1108 1263 1196 1303; x_wconf 88' lang='lat' dir='ltr'>per</span> <span class='ocrx_word' id='word_1_114' title='bbox 1216 1262 1372 1292; x_wconf 90' lang='lat' dir='ltr'>annos</span> <span class='ocrx_word' id='word_1_115' title='bbox 1391 1247 1498 1292; x_wconf 81' lang='lat' dir='ltr'>fere</span> <span class='ocrx_word' id='word_1_116' title='bbox 1518 1247 1691 1292; x_wconf 78' lang='lat' dir='ltr'>decem</span> 
     </span>
     <span class='ocr_line' id='line_1_15' title="bbox 57 1324 555 1370; baseline -0.002 0"><span class='ocrx_word' id='word_1_117' title='bbox 57 1324 306 1370; x_wconf 81' lang='lat' dir='ltr'>audiuisse</span> <span class='ocrx_word' id='word_1_118' title='bbox 326 1334 555 1370; x_wconf 87' lang='lat' dir='ltr'>testatur.</span> 
     </span>
    </p>

    <p class='ocr_par' dir='ltr' id='par_1_3' title="bbox 16 1400 1693 3084">
     <span class='ocr_line' id='line_1_16' title="bbox 119 1400 1690 1457; baseline -0.001 -11"><span class='ocrx_word' id='word_1_119' title='bbox 119 1401 186 1446; x_wconf 75' lang='lat'>13.</span> <span class='ocrx_word' id='word_1_120' title='bbox 254 1401 464 1446; x_wconf 83' lang='lat' dir='ltr'>Fratres</span> <span class='ocrx_word' id='word_1_121' title='bbox 494 1402 651 1446; x_wconf 88' lang='lat' dir='ltr'>nostri</span> <span class='ocrx_word' id='word_1_122' title='bbox 687 1418 858 1446; x_wconf 85' lang='lat' dir='ltr'>omnes</span> <span class='ocrx_word' id='word_1_123' title='bbox 894 1402 984 1446; x_wconf 82' lang='lat' dir='ltr'>sub</span> <span class='ocrx_word' id='word_1_124' title='bbox 1020 1400 1207 1446; x_wconf 90' lang='lat' dir='ltr'>initium</span> <span class='ocrx_word' id='word_1_125' title='bbox 1244 1400 1385 1446; x_wconf 83' lang='lat' dir='ltr'>huius</span> <span class='ocrx_word' id='word_1_126' title='bbox 1419 1401 1549 1455; x_wconf 91' lang='lat' dir='ltr'>anni,</span> <span class='ocrx_word' id='word_1_127' title='bbox 1585 1401 1690 1457; x_wconf 92' lang='lat' dir='ltr'>ipso</span> 
     </span>
     <span class='ocr_line' id='line_1_17' title="bbox 55 1478 1684 1535; baseline 0 -12"><span class='ocrx_word' id='word_1_128' title='bbox 55 1479 130 1523; x_wconf 78' lang='lat' dir='ltr'>die</span> <span class='ocrx_word' id='word_1_129' title='bbox 155 1478 549 1524; x_wconf 83' lang='lat' dir='ltr'>circumcisionis</span> <span class='ocrx_word' id='word_1_130' title='bbox 575 1479 790 1535; x_wconf 88' lang='lat' dir='ltr'>Domini,</span> <span class='ocrx_word' id='word_1_131' title='bbox 818 1489 936 1524; x_wconf 87' lang='lat' dir='ltr'>uota</span> <span class='ocrx_word' id='word_1_132' title='bbox 961 1495 1051 1524; x_wconf 84' lang='lat' dir='ltr'>sua</span> <span class='ocrx_word' id='word_1_133' title='bbox 1077 1478 1295 1523; x_wconf 80' lang='lat' dir='ltr'>maxima</span> <span class='ocrx_word' id='word_1_134' title='bbox 1320 1494 1429 1523; x_wconf 87' lang='lat' dir='ltr'>cum</span> <span class='ocrx_word' id='word_1_135' title='bbox 1454 1478 1684 1523; x_wconf 80' lang='lat' dir='ltr'>alacrita-</span> 
     </span>
     <span class='ocr_line' id='line_1_18' title="bbox 55 1555 1691 1612; baseline -0.001 -11"><span class='ocrx_word' id='word_1_136' title='bbox 55 1565 101 1601; x_wconf 88' lang='lat' dir='ltr'>te</span> <span class='ocrx_word' id='word_1_137' title='bbox 126 1566 173 1601; x_wconf 88' lang='lat' dir='ltr'>et</span> <span class='ocrx_word' id='word_1_138' title='bbox 197 1555 400 1602; x_wconf 78' lang='lat' dir='ltr'>feruore</span> <span class='ocrx_word' id='word_1_139' title='bbox 425 1566 736 1602; x_wconf 86' lang='lat' dir='ltr'>renouarunt</span> <span class='ocrx_word' id='word_1_140' title='bbox 772 1557 815 1601; x_wconf 87' lang='lat' dir='ltr'>in</span> <span class='ocrx_word' id='word_1_141' title='bbox 851 1557 1033 1612; x_wconf 89' lang='lat' dir='ltr'>templo</span> <span class='ocrx_word' id='word_1_142' title='bbox 1068 1566 1241 1601; x_wconf 90' lang='lat' dir='ltr'>nostro</span> <span class='ocrx_word' id='word_1_143' title='bbox 1275 1571 1448 1600; x_wconf 90' lang='lat' dir='ltr'>coram</span> <span class='ocrx_word' id='word_1_144' title='bbox 1474 1555 1691 1600; x_wconf 87' lang='lat' dir='ltr'>Domino</span> 
     </span>
     <span class='ocr_line' id='line_1_19' title="bbox 56 1632 1690 1691; baseline -0.001 -13"><span class='ocrx_word' id='word_1_145' title='bbox 56 1632 231 1690; x_wconf 79' lang='lat' dir='ltr'>IESV,</span> <span class='ocrx_word' id='word_1_146' title='bbox 259 1649 404 1691; x_wconf 88' lang='lat' dir='ltr'>quem</span> <span class='ocrx_word' id='word_1_147' title='bbox 429 1634 595 1679; x_wconf 88' lang='lat' dir='ltr'>statim</span> <span class='ocrx_word' id='word_1_148' title='bbox 623 1644 675 1679; x_wconf 91' lang='lat' dir='ltr'>ut</span> <span class='ocrx_word' id='word_1_149' title='bbox 700 1644 931 1679; x_wconf 88' lang='lat' dir='ltr'>uotorum</span> <span class='ocrx_word' id='word_1_150' title='bbox 965 1633 1233 1678; x_wconf 77' lang='lat' dir='ltr'>formulam</span> <span class='ocrx_word' id='word_1_151' title='bbox 1269 1634 1328 1678; x_wconf 91' lang='lat' dir='ltr'>de</span> <span class='ocrx_word' id='word_1_152' title='bbox 1363 1643 1567 1678; x_wconf 72' lang='lat' dir='ltr'>nostrae</span> <span class='ocrx_word' id='word_1_153' title='bbox 1602 1632 1690 1678; x_wconf 80' lang='lat' dir='ltr'>So-</span> 
     </span>
     <span class='ocr_line' id='line_1_20' title="bbox 57 1710 1693 1768; baseline 0 -13"><span class='ocrx_word' id='word_1_154' title='bbox 57 1710 255 1756; x_wconf 87' lang='lat' dir='ltr'>cietatis</span> <span class='ocrx_word' id='word_1_155' title='bbox 274 1726 413 1756; x_wconf 90' lang='lat' dir='ltr'>more</span> <span class='ocrx_word' id='word_1_156' title='bbox 432 1712 841 1768; x_wconf 79' lang='lat' dir='ltr'>pronunciarunt,</span> <span class='ocrx_word' id='word_1_157' title='bbox 865 1727 928 1757; x_wconf 85' lang='lat' dir='ltr'>ex</span> <span class='ocrx_word' id='word_1_158' title='bbox 946 1711 1057 1756; x_wconf 85' lang='lat' dir='ltr'>Rdi.</span> <span class='ocrx_word' id='word_1_159' title='bbox 1081 1710 1206 1755; x_wconf 92' lang='lat' dir='ltr'>Pris.</span> <span class='ocrx_word' id='word_1_160' title='bbox 1232 1711 1442 1756; x_wconf 86' lang='lat' dir='ltr'>rectoris</span> <span class='ocrx_word' id='word_1_161' title='bbox 1462 1711 1693 1755; x_wconf 87' lang='lat' dir='ltr'>manibus</span> 
     </span>
     <span class='ocr_line' id='line_1_21' title="bbox 18 1788 1690 1846; baseline 0 -14"><span class='ocrx_word' id='word_1_162' title='bbox 18 1794 22 1800; x_wconf 75' lang='grc'><em>’</em></span> <span class='ocrx_word' id='word_1_163' title='bbox 54 1798 392 1846; x_wconf 87' lang='lat' dir='ltr'>susceperunt.</span> <span class='ocrx_word' id='word_1_164' title='bbox 433 1788 658 1846; x_wconf 87' lang='lat' dir='ltr'>Cumque</span> <span class='ocrx_word' id='word_1_165' title='bbox 692 1799 856 1834; x_wconf 75' lang='lat' dir='ltr'>essent</span> <span class='ocrx_word' id='word_1_166' title='bbox 891 1789 1125 1834; x_wconf 80' lang='lat' dir='ltr'>admoniti</span> <span class='ocrx_word' id='word_1_167' title='bbox 1162 1799 1212 1833; x_wconf 93' lang='lat' dir='ltr'>ut</span> <span class='ocrx_word' id='word_1_168' title='bbox 1250 1788 1690 1845; x_wconf 81' lang='lat' dir='ltr'>quicquidcontra</span> 
     </span>
     <span class='ocr_line' id='line_1_22' title="bbox 54 1866 1689 1924; baseline -0.001 -13"><span class='ocrx_word' id='word_1_169' title='bbox 54 1876 256 1912; x_wconf 88' lang='lat' dir='ltr'>nostrae</span> <span class='ocrx_word' id='word_1_170' title='bbox 280 1866 548 1912; x_wconf 83' lang='lat' dir='ltr'>Societatis</span> <span class='ocrx_word' id='word_1_171' title='bbox 583 1868 785 1923; x_wconf 88' lang='lat' dir='ltr'>regulas</span> <span class='ocrx_word' id='word_1_172' title='bbox 820 1878 968 1924; x_wconf 87' lang='lat' dir='ltr'>atque</span> <span class='ocrx_word' id='word_1_173' title='bbox 1004 1867 1226 1912; x_wconf 87' lang='lat' dir='ltr'>instituta</span> <span class='ocrx_word' id='word_1_174' title='bbox 1262 1882 1320 1911; x_wconf 94' lang='lat' dir='ltr'>eo</span> <span class='ocrx_word' id='word_1_175' title='bbox 1356 1881 1486 1911; x_wconf 89' lang='lat' dir='ltr'>anno</span> <span class='ocrx_word' id='word_1_176' title='bbox 1517 1882 1689 1922; x_wconf 91' lang='lat' dir='ltr'>perpe-</span> 
     </span>
     <span class='ocr_line' id='line_1_23' title="bbox 16 1944 1690 2005; baseline -0.001 -16"><span class='ocrx_word' id='word_1_177' title='bbox 16 1953 287 2005; x_wconf 27' lang='lat' dir='ltr'>·&#39;trassenss</span> <span class='ocrx_word' id='word_1_178' title='bbox 326 1960 497 1990; x_wconf 89' lang='lat' dir='ltr'>coram</span> <span class='ocrx_word' id='word_1_179' title='bbox 533 1945 757 1990; x_wconf 89' lang='lat' dir='ltr'>omnibus</span> <span class='ocrx_word' id='word_1_180' title='bbox 794 1944 1033 1990; x_wconf 77' lang='lat' dir='ltr'>fratribus</span> <span class='ocrx_word' id='word_1_181' title='bbox 1069 1944 1400 2001; x_wconf 90' lang='lat' dir='ltr'>Patribusque</span> <span class='ocrx_word' id='word_1_182' title='bbox 1436 1944 1481 1988; x_wconf 88' lang='lat' dir='ltr'>in</span> <span class='ocrx_word' id='word_1_183' title='bbox 1517 1952 1690 1988; x_wconf 83' lang='lat' dir='ltr'>nostro</span> 
     </span>
     <span class='ocr_line' id='line_1_24' title="bbox 52 2021 1689 2079; baseline -0.001 -12"><span class='ocrx_word' id='word_1_184' title='bbox 52 2023 326 2067; x_wconf 87' lang='lat' dir='ltr'>coenaculo</span> <span class='ocrx_word' id='word_1_185' title='bbox 361 2023 631 2079; x_wconf 66' lang='lat' dir='ltr'>aperirent,</span> <span class='ocrx_word' id='word_1_186' title='bbox 669 2034 769 2068; x_wconf 90' lang='lat' dir='ltr'>tum</span> <span class='ocrx_word' id='word_1_187' title='bbox 810 2023 957 2068; x_wconf 88' lang='lat' dir='ltr'>etiam</span> <span class='ocrx_word' id='word_1_188' title='bbox 999 2022 1183 2079; x_wconf 90' lang='lat' dir='ltr'>aliquid</span> <span class='ocrx_word' id='word_1_189' title='bbox 1222 2022 1314 2067; x_wconf 88' lang='lat' dir='ltr'>sibi</span> <span class='ocrx_word' id='word_1_190' title='bbox 1353 2021 1689 2078; x_wconf 91' lang='lat' dir='ltr'>poenitentiae</span> 
     </span>
     <span class='ocr_line' id='line_1_25' title="bbox 54 2097 1688 2157; baseline -0.001 -14"><span class='ocrx_word' id='word_1_191' title='bbox 54 2097 124 2155; x_wconf 84' lang='lat' dir='ltr'>&lt;ut</span> <span class='ocrx_word' id='word_1_192' title='bbox 148 2110 352 2144; x_wconf 91' lang='lat' dir='ltr'>nostrae</span> <span class='ocrx_word' id='word_1_193' title='bbox 387 2101 596 2156; x_wconf 89' lang='lat' dir='ltr'>regulae</span> <span class='ocrx_word' id='word_1_194' title='bbox 631 2100 901 2156; x_wconf 86' lang='lat' dir='ltr'>postulant)</span> <span class='ocrx_word' id='word_1_195' title='bbox 928 2117 1017 2157; x_wconf 89' lang='lat' dir='ltr'>pro</span> <span class='ocrx_word' id='word_1_196' title='bbox 1042 2099 1232 2145; x_wconf 83' lang='lat' dir='ltr'>delictis</span> <span class='ocrx_word' id='word_1_197' title='bbox 1258 2099 1444 2155; x_wconf 89' lang='lat' dir='ltr'>iniungi</span> <span class='ocrx_word' id='word_1_198' title='bbox 1470 2099 1688 2155; x_wconf 91' lang='lat' dir='ltr'>postula-</span> 
     </span>
     <span class='ocr_line' id='line_1_26' title="bbox 54 2175 1689 2235; baseline -0.001 -15"><span class='ocrx_word' id='word_1_199' title='bbox 54 2186 177 2220; x_wconf 89' lang='lat' dir='ltr'>rent:</span> <span class='ocrx_word' id='word_1_200' title='bbox 205 2185 308 2221; x_wconf 89' lang='lat' dir='ltr'>tam</span> <span class='ocrx_word' id='word_1_201' title='bbox 333 2177 572 2222; x_wconf 78' lang='lat' dir='ltr'>alacriter</span> <span class='ocrx_word' id='word_1_202' title='bbox 605 2186 719 2222; x_wconf 90' lang='lat' dir='ltr'>sunt</span> <span class='ocrx_word' id='word_1_203' title='bbox 752 2178 983 2233; x_wconf 83' lang='lat' dir='ltr'>aggressi</span> <span class='ocrx_word' id='word_1_204' title='bbox 1016 2186 1083 2235; x_wconf 89' lang='lat' dir='ltr'>ut,</span> <span class='ocrx_word' id='word_1_205' title='bbox 1110 2177 1201 2222; x_wconf 91' lang='lat' dir='ltr'>nisi</span> <span class='ocrx_word' id='word_1_206' title='bbox 1225 2176 1379 2221; x_wconf 86' lang='lat' dir='ltr'>Rdus.</span> <span class='ocrx_word' id='word_1_207' title='bbox 1408 2175 1489 2220; x_wconf 89' lang='lat' dir='ltr'>Pr.</span> <span class='ocrx_word' id='word_1_208' title='bbox 1518 2185 1689 2220; x_wconf 91' lang='lat' dir='ltr'>rector</span> 
     </span>
     <span class='ocr_line' id='line_1_27' title="bbox 52 2252 1684 2311; baseline -0.001 -14"><span class='ocrx_word' id='word_1_209' title='bbox 52 2253 399 2309; x_wconf 80' lang='lat' dir='ltr'>prohibuisset,</span> <span class='ocrx_word' id='word_1_210' title='bbox 427 2255 506 2299; x_wconf 91' lang='lat' dir='ltr'>uel</span> <span class='ocrx_word' id='word_1_211' title='bbox 546 2255 910 2299; x_wconf 83' lang='lat' dir='ltr'>secretissimas</span> <span class='ocrx_word' id='word_1_212' title='bbox 945 2270 1168 2311; x_wconf 86' lang='lat' dir='ltr'>quasque</span> <span class='ocrx_word' id='word_1_213' title='bbox 1202 2253 1350 2299; x_wconf 90' lang='lat' dir='ltr'>animi</span> <span class='ocrx_word' id='word_1_214' title='bbox 1385 2253 1458 2297; x_wconf 92' lang='lat' dir='ltr'>sui</span> <span class='ocrx_word' id='word_1_215' title='bbox 1494 2252 1684 2308; x_wconf 88' lang='lat' dir='ltr'>cogita-</span> 
     </span>
     <span class='ocr_line' id='line_1_28' title="bbox 52 2330 1687 2387; baseline 0 -12"><span class='ocrx_word' id='word_1_216' title='bbox 52 2330 209 2375; x_wconf 87' lang='lat' dir='ltr'>tiones</span> <span class='ocrx_word' id='word_1_217' title='bbox 244 2331 440 2387; x_wconf 87' lang='lat' dir='ltr'>aperire</span> <span class='ocrx_word' id='word_1_218' title='bbox 475 2341 744 2377; x_wconf 88' lang='lat' dir='ltr'>tentarent.</span> <span class='ocrx_word' id='word_1_219' title='bbox 772 2332 892 2377; x_wconf 83' lang='lat' dir='ltr'>Post</span> <span class='ocrx_word' id='word_1_220' title='bbox 925 2347 1134 2377; x_wconf 87' lang='lat' dir='ltr'>coenam</span> <span class='ocrx_word' id='word_1_221' title='bbox 1170 2347 1310 2387; x_wconf 90' lang='lat' dir='ltr'>uero,</span> <span class='ocrx_word' id='word_1_222' title='bbox 1338 2347 1432 2375; x_wconf 92' lang='lat' dir='ltr'>non</span> <span class='ocrx_word' id='word_1_223' title='bbox 1468 2340 1569 2375; x_wconf 89' lang='lat' dir='ltr'>tam</span> <span class='ocrx_word' id='word_1_224' title='bbox 1605 2345 1687 2375; x_wconf 86' lang='lat' dir='ltr'>ex-</span> 
     </span>
     <span class='ocr_line' id='line_1_29' title="bbox 53 2406 1683 2466; baseline 0.001 -15"><span class='ocrx_word' id='word_1_225' title='bbox 53 2407 240 2463; x_wconf 89' lang='lat' dir='ltr'>quisitis</span> <span class='ocrx_word' id='word_1_226' title='bbox 274 2408 429 2464; x_wconf 90' lang='lat' dir='ltr'>epulis</span> <span class='ocrx_word' id='word_1_227' title='bbox 464 2425 611 2466; x_wconf 90' lang='lat' dir='ltr'>quam</span> <span class='ocrx_word' id='word_1_228' title='bbox 647 2409 951 2465; x_wconf 85' lang='lat' dir='ltr'>spiritalibus</span> <span class='ocrx_word' id='word_1_229' title='bbox 985 2409 1181 2465; x_wconf 90' lang='lat' dir='ltr'>gaudiis</span> <span class='ocrx_word' id='word_1_230' title='bbox 1215 2408 1491 2465; x_wconf 75' lang='lat' dir='ltr'>opiparam,</span> <span class='ocrx_word' id='word_1_231' title='bbox 1528 2406 1683 2452; x_wconf 77' lang='lat' dir='ltr'>Rdus.</span> 
     </span>
     <span class='ocr_line' id='line_1_30' title="bbox 52 2483 1686 2543; baseline -0.001 -14"><span class='ocrx_word' id='word_1_232' title='bbox 52 2483 132 2529; x_wconf 81' lang='lat' dir='ltr'>Pr.</span> <span class='ocrx_word' id='word_1_233' title='bbox 160 2494 329 2531; x_wconf 90' lang='lat' dir='ltr'>rector</span> <span class='ocrx_word' id='word_1_234' title='bbox 352 2485 569 2531; x_wconf 88' lang='lat' dir='ltr'>omnium</span> <span class='ocrx_word' id='word_1_235' title='bbox 595 2486 841 2531; x_wconf 88' lang='lat' dir='ltr'>desideria</span> <span class='ocrx_word' id='word_1_236' title='bbox 865 2487 1013 2543; x_wconf 88' lang='lat' dir='ltr'>(quae</span> <span class='ocrx_word' id='word_1_237' title='bbox 1046 2486 1247 2542; x_wconf 90' lang='lat' dir='ltr'>scriptis</span> <span class='ocrx_word' id='word_1_238' title='bbox 1282 2484 1528 2530; x_wconf 87' lang='lat' dir='ltr'>schedulis</span> <span class='ocrx_word' id='word_1_239' title='bbox 1560 2483 1686 2541; x_wconf 89' lang='lat' dir='ltr'>quis-</span> 
     </span>
     <span class='ocr_line' id='line_1_31' title="bbox 53 2560 1686 2620; baseline -0.001 -14"><span class='ocrx_word' id='word_1_240' title='bbox 53 2576 145 2617; x_wconf 90' lang='lat' dir='ltr'>que</span> <span class='ocrx_word' id='word_1_241' title='bbox 184 2561 543 2619; x_wconf 86' lang='lat' dir='ltr'>insinuauerat)</span> <span class='ocrx_word' id='word_1_242' title='bbox 578 2564 742 2619; x_wconf 89' lang='lat' dir='ltr'>palam</span> <span class='ocrx_word' id='word_1_243' title='bbox 776 2563 1005 2620; x_wconf 82' lang='lat' dir='ltr'>perlegit.</span> <span class='ocrx_word' id='word_1_244' title='bbox 1043 2562 1189 2620; x_wconf 83' lang='lat' dir='ltr'>Quod</span> <span class='ocrx_word' id='word_1_245' title='bbox 1225 2573 1414 2607; x_wconf 87' lang='lat' dir='ltr'>tantam</span> <span class='ocrx_word' id='word_1_246' title='bbox 1453 2560 1686 2617; x_wconf 79' lang='lat' dir='ltr'>profecto</span> 
     </span>
     <span class='ocr_line' id='line_1_32' title="bbox 51 2638 1686 2698; baseline 0 -15"><span class='ocrx_word' id='word_1_247' title='bbox 51 2638 191 2684; x_wconf 92' lang='lat' dir='ltr'>nobis</span> <span class='ocrx_word' id='word_1_248' title='bbox 215 2640 440 2685; x_wconf 90' lang='lat' dir='ltr'>omnibus</span> <span class='ocrx_word' id='word_1_249' title='bbox 479 2640 643 2686; x_wconf 90' lang='lat' dir='ltr'>attulit</span> <span class='ocrx_word' id='word_1_250' title='bbox 682 2641 1016 2698; x_wconf 85' lang='lat' dir='ltr'>alacritatem,</span> <span class='ocrx_word' id='word_1_251' title='bbox 1045 2651 1097 2686; x_wconf 91' lang='lat' dir='ltr'>ut</span> <span class='ocrx_word' id='word_1_252' title='bbox 1121 2641 1227 2685; x_wconf 89' lang='lat' dir='ltr'>iure</span> <span class='ocrx_word' id='word_1_253' title='bbox 1267 2639 1451 2696; x_wconf 91' lang='lat' dir='ltr'>optimo</span> <span class='ocrx_word' id='word_1_254' title='bbox 1491 2638 1686 2684; x_wconf 86' lang='lat' dir='ltr'>diceres</span> 
     </span>
     <span class='ocr_line' id='line_1_33' title="bbox 51 2715 1685 2775; baseline 0 -15"><span class='ocrx_word' id='word_1_255' title='bbox 51 2731 138 2761; x_wconf 89' lang='lat' dir='ltr'>nos</span> <span class='ocrx_word' id='word_1_256' title='bbox 162 2717 371 2762; x_wconf 89' lang='lat' dir='ltr'>nominis</span> <span class='ocrx_word' id='word_1_257' title='bbox 405 2715 576 2775; x_wconf 83' lang='lat' dir='ltr'>JESV</span> <span class='ocrx_word' id='word_1_258' title='bbox 601 2718 945 2763; x_wconf 88' lang='lat' dir='ltr'>celebritatem</span> <span class='ocrx_word' id='word_1_259' title='bbox 965 2717 1113 2775; x_wconf 86' lang='lat' dir='ltr'>(quae</span> <span class='ocrx_word' id='word_1_260' title='bbox 1137 2717 1277 2762; x_wconf 91' lang='lat' dir='ltr'>nobis</span> <span class='ocrx_word' id='word_1_261' title='bbox 1301 2726 1376 2761; x_wconf 92' lang='lat' dir='ltr'>est</span> <span class='ocrx_word' id='word_1_262' title='bbox 1399 2715 1685 2774; x_wconf 89' lang='lat' dir='ltr'>peculiaris)</span> 
     </span>
     <span class='ocr_line' id='line_1_34' title="bbox 53 2793 1684 2849; baseline 0.001 -12"><span class='ocrx_word' id='word_1_263' title='bbox 53 2794 293 2839; x_wconf 86' lang='lat' dir='ltr'>recolere.</span> <span class='ocrx_word' id='word_1_264' title='bbox 320 2793 444 2839; x_wconf 86' lang='lat' dir='ltr'>Illud</span> <span class='ocrx_word' id='word_1_265' title='bbox 468 2795 617 2840; x_wconf 90' lang='lat' dir='ltr'>etiam</span> <span class='ocrx_word' id='word_1_266' title='bbox 642 2794 855 2840; x_wconf 73' lang='lat' dir='ltr'>fratrum</span> <span class='ocrx_word' id='word_1_267' title='bbox 887 2805 1175 2840; x_wconf 89' lang='lat' dir='ltr'>nostrorum</span> <span class='ocrx_word' id='word_1_268' title='bbox 1210 2793 1464 2838; x_wconf 80' lang='lat' dir='ltr'>feruorem</span> <span class='ocrx_word' id='word_1_269' title='bbox 1490 2809 1550 2839; x_wconf 88' lang='lat' dir='ltr'>ac</span> <span class='ocrx_word' id='word_1_270' title='bbox 1573 2809 1684 2849; x_wconf 91' lang='lat' dir='ltr'>pro-</span> 
     </span>
     <span class='ocr_line' id='line_1_35' title="bbox 51 2868 1681 2928; baseline 0.001 -13"><span class='ocrx_word' id='word_1_271' title='bbox 51 2868 242 2916; x_wconf 89' lang='lat' dir='ltr'>ficiendi</span> <span class='ocrx_word' id='word_1_272' title='bbox 283 2872 581 2917; x_wconf 89' lang='lat' dir='ltr'>desiderium</span> <span class='ocrx_word' id='word_1_273' title='bbox 616 2872 763 2917; x_wconf 76' lang='lat' dir='ltr'>facile</span> <span class='ocrx_word' id='word_1_274' title='bbox 798 2873 1123 2928; x_wconf 86' lang='lat' dir='ltr'>demonstrat,</span> <span class='ocrx_word' id='word_1_275' title='bbox 1161 2871 1290 2927; x_wconf 91' lang='lat' dir='ltr'>quod</span> <span class='ocrx_word' id='word_1_276' title='bbox 1325 2887 1437 2916; x_wconf 90' lang='lat' dir='ltr'>cum</span> <span class='ocrx_word' id='word_1_277' title='bbox 1469 2872 1562 2916; x_wconf 89' lang='lat' dir='ltr'>sub</span> <span class='ocrx_word' id='word_1_278' title='bbox 1596 2871 1681 2916; x_wconf 83' lang='lat' dir='ltr'>ini-</span> 
     </span>
     <span class='ocr_line' id='line_1_36' title="bbox 51 2947 1684 3005; baseline 0.001 -13"><span class='ocrx_word' id='word_1_279' title='bbox 51 2947 170 2992; x_wconf 90' lang='lat' dir='ltr'>tium</span> <span class='ocrx_word' id='word_1_280' title='bbox 193 2948 336 2993; x_wconf 88' lang='lat' dir='ltr'>huius</span> <span class='ocrx_word' id='word_1_281' title='bbox 361 2949 781 3005; x_wconf 82' lang='lat' dir='ltr'>quadragesimae</span> <span class='ocrx_word' id='word_1_282' title='bbox 806 2949 944 2994; x_wconf 87' lang='lat' dir='ltr'>Pres.</span> <span class='ocrx_word' id='word_1_283' title='bbox 972 2949 1129 2994; x_wconf 87' lang='lat' dir='ltr'>nostri</span> <span class='ocrx_word' id='word_1_284' title='bbox 1155 2948 1496 3005; x_wconf 89' lang='lat' dir='ltr'>instituissent,</span> <span class='ocrx_word' id='word_1_285' title='bbox 1518 2960 1569 2994; x_wconf 90' lang='lat' dir='ltr'>ut</span> <span class='ocrx_word' id='word_1_286' title='bbox 1589 2948 1684 2993; x_wconf 90' lang='lat' dir='ltr'>sin-</span> 
     </span>
     <span class='ocr_line' id='line_1_37' title="bbox 51 3024 1682 3084; baseline 0.001 -15"><span class='ocrx_word' id='word_1_287' title='bbox 51 3024 179 3080; x_wconf 86' lang='lat' dir='ltr'>gulis</span> <span class='ocrx_word' id='word_1_288' title='bbox 204 3025 375 3070; x_wconf 89' lang='lat' dir='ltr'>diebus</span> <span class='ocrx_word' id='word_1_289' title='bbox 402 3026 595 3071; x_wconf 88' lang='lat' dir='ltr'>veneris</span> <span class='ocrx_word' id='word_1_290' title='bbox 619 3026 718 3071; x_wconf 90' lang='lat' dir='ltr'>bini</span> <span class='ocrx_word' id='word_1_291' title='bbox 742 3027 931 3084; x_wconf 90' lang='lat' dir='ltr'>seipsos</span> <span class='ocrx_word' id='word_1_292' title='bbox 966 3025 1175 3082; x_wconf 87' lang='lat' dir='ltr'>flagellis</span> <span class='ocrx_word' id='word_1_293' title='bbox 1209 3025 1255 3070; x_wconf 90' lang='lat' dir='ltr'>in</span> <span class='ocrx_word' id='word_1_294' title='bbox 1290 3027 1474 3082; x_wconf 92' lang='lat' dir='ltr'>templo</span> <span class='ocrx_word' id='word_1_295' title='bbox 1509 3027 1682 3072; x_wconf 90' lang='lat' dir='ltr'>caede-</span> 
     </span>
    </p>
   </div>
  </div>
 </body>
</html>
