1909 3328
221 276 291 311 ΒΜ
690 275 910 311 L1‘rTERAE
937 276 1296 320 QUADRIMESTRES

172 365 319 415 etiam
359 370 547 424 diebus,
591 371 939 426 pomeridianis
975 371 1124 425 horis,
1168 370 1317 414 latine
1359 369 1571 414 uicissim
1611 369 1803 414 concio—

171 459 368 493 nantur,
407 445 591 492 Studiis
626 458 791 493 autem
827 464 995 493 omnes
1030 447 1315 503 diligentem
1352 462 1556 503 operam
1596 456 1798 492 nauant.

172 524 272 569 Sex
298 540 359 569 ex
383 524 523 569 nobis
548 524 671 569 duas
697 524 932 570 lectiones
964 524 1274 580 theologicas
1308 523 1546 579 quottidie
1581 524 1800 576 audiunt;

170 617 320 657 super
366 601 541 657 quibus
586 602 838 658 quottidie,
882 601 1168 647 doctoribus
1208 600 1392 645 nostris
1436 600 1798 661 assistentibus,

171 678 401 735 priuatim
428 678 751 734 disputamus,
779 679 1079 734 easdemque
1115 678 1212 722 alia
1248 678 1372 722 hora
1407 663 1604 733 semper
1629 677 1803 733 repeti-

172 771 294 801 mus.
333 754 552 811 Singulis
592 765 757 800 autem
795 755 1186 801 hebdomadibus
1219 754 1536 810 theologicae
1570 754 1802 798 assertio-

170 849 256 878 nes
301 833 347 877 in
391 833 572 877 scholis
616 832 809 888 publice
854 841 1221 889 proponuntur,
1269 846 1412 887 quae,
1460 831 1803 887 praesentibus

168 910 318 955 etiam
358 910 500 955 huius
539 910 876 955 uniuersitatis
917 909 1171 965 magistris
1205 924 1265 953 ac
1304 908 1616 964 doctoribus,
1663 908 1803 953 solle-

170 987 328 1032 mnius
353 993 369 1013 ³
399 987 693 1043 quandoque
718 987 1046 1043 disputantur;
1074 995 1223 1042 atque
1241 986 1375 1031 hisce
1395 985 1567 1031 diebus
1589 985 1802 1041 disputa—

168 1074 251 1111 tae
275 1074 403 1110 sunt.
433 1064 621 1109 Diebus
646 1073 813 1108 autem
839 1064 1013 1121 quibus
1038 1063 1261 1118 publicas
1286 1063 1521 1108 lectiones
1546 1078 1641 1106 non
1666 1062 1802 1107 audi-

169 1157 293 1198 mus,
322 1142 366 1185 in
403 1141 599 1186 casibus
633 1141 966 1186 conscientiae
1001 1149 1049 1185 et
1083 1139 1353 1184 dialecticis
1388 1139 1801 1195 disputationibus

170 1219 383 1264 uicissim
409 1234 499 1263 nos
523 1234 830 1263 exercemus.
859 1217 1173 1262 Institutores
1197 1226 1365 1261 autem
1399 1216 1554 1261 nostri
1580 1225 1693 1261 sunt
1717 1216 1800 1261 do-

169 1308 279 1341 ctor
304 1295 613 1341 Couillonius
641 1294 668 1351 ¹,
697 1295 776 1351 qui
801 1296 926 1340 sicut
950 1294 1311 1340 eruditissimus
1337 1302 1411 1338 est
1435 1293 1525 1350 uir,
1553 1293 1621 1338 ita
1646 1293 1797 1338 omni-

168 1373 260 1418 bus
294 1373 394 1418 suis
428 1372 739 1417 auditoribus
774 1371 916 1428 (quos
949 1372 1127 1427 plnres
1158 1370 1177 1396 b
1207 1370 1374 1426 habet)
1410 1358 1587 1415 mirum
1622 1370 1669 1414 in
1703 1385 1802 1415 mo-

169 1450 284 1495 dum
335 1449 595 1495 satisfacit.
648 1448 899 1505 Praelegit
950 1457 1116 1492 autem
1161 1447 1477 1503 euangelium
1531 1447 1801 1492 secundum

170 1527 461 1582 Mattheum‚
490 1537 661 1582 estque
687 1526 816 1582 apud
841 1541 1010 1570 omnes
1036 1540 1252 1582 magnae
1287 1524 1602 1569 auctoritatis
1627 1524 1733 1579 uin·
1755 1528 1804 1568 et

169 1606 346 1650 doctor
368 1604 688 1649 Hermannus
712 1605 744 1660 ²²,
772 1604 849 1660 qui
876 1603 1021 1648 etiam
1047 1618 1142 1647 non
1168 1618 1343 1658 parum
1367 1602 1468 1647 suis
1487 1601 1799 1646 auditoribus

168 1683 347 1738 placet.
387 1681 642 1737 Praelegit
683 1685 856 1726 antem
892 1681 1159 1741 secundum
1199 1680 1377 1724 librum
1413 1679 1642 1735 Magistri
1681 1678 1800 1724 Sen-

168 1758 452 1804 tentiarum.
492 1758 716 1815 Linguas
761 1767 925 1802 autem
970 1773 1211 1813 graecam
1253 1760 1300 1801 e't
1341 1757 1610 1801 hebraeam
1651 1755 1802 1801 Pater

168 1836 465 1881 Theodorus
500 1836 515 1859 3
550 1834 827 1892 profitetur,
857 1835 1077 1890 duasque
1102 1834 1341 1878 lectiones
1367 1840 1382 1860 ⁰
1409 1833 1672 1890 praelegit.
1701 1831 1804 1878 Sex

166 1923 335 1958 autem
361 1913 441 1957 alii
466 1929 529 1957 ex
552 1912 734 1957 nostris
759 1911 997 1956 fratribus
1017 1911 1390 1956 humanioribus
1415 1910 1570 1955 literis
1594 1925 1799 1966 operam

167 1999 371 2035 nauant.
398 1989 665 2034 Lectiones
701 1988 934 2045 priuatim
970 1988 1188 2044 audiunt3
1216 1989 1397 2044 stylum
1427 1987 1474 2031 in
1505 2002 1800 2043 componen-

168 2067 231 2112 do
255 2076 509 2123 exercent,
538 2082 598 2111 ac
622 2066 823 2122 puritati
859 2066 1058 2122 linguae
1093 2065 1276 2110 latinae
1311 2065 1653 2122 assequendae
1689 2079 1799 2120 ope-

167 2161 277 2190 ram
302 2145 524 2190 sedulam
549 2144 849 2200 impendunt.
876 2143 928 2188 In
964 2154 1251 2188 sanctorum
1282 2152 1449 2188 autem
1475 2141 1797 2198 Chatarinae‚

168 2219 408 2278 Stephani
453 2229 501 2266 et
544 2220 783 2280 Johannis
827 2219 1200 2265 celebritatibus
1244 2234 1516 2275 earumque
1561 2219 1799 2263 honorem

168 2307 271 2343 tres
295 2313 482 2355 graues
505 2307 655 2354 atque
679 2297 935 2354 elegantes
965 2296 1219 2341 orationes
1255 2312 1283 2340 a
1314 2296 1606 2352 quibusdam
1633 2311 1695 2340 ex
1719 2310 1799 2340 no-

166 2376 286 2421 stris
311 2375 553 2421 fratribus
589 2390 771 2432 magno
806 2373 1089 2419 auditorum
1126 2375 1368 2430 applausu
1404 2373 1449 2417 in
1484 2388 1670 2430 magna
1700 2372 1799 2418 uni-

168 2453 422 2498 uersitatis
447 2452 564 2498 aula
588 2452 782 2509 publice
806 2460 919 2496 sunt
943 2450 1158 2496 habitae.
1186 2450 1380 2495 Doctor
1404 2465 1600 2508 quoque
1636 2448 1798 2494 Couil-

168 2529 330 2574 lonius
354 2529 399 2574 in
423 2529 701 2574 sacerdotis
724 2527 982 2573 cuiusdam
1015 2527 1233 2572 defuncti
1256 2527 1512 2583 honorem,
1540 2526 1798 2572 funebrem

168 2606 231 2651 ad
255 2607 490 2664 populum
514 2607 793 2652 orationem
818 2605 1031 2662 quodam
1055 2604 1101 2649 in
1126 2606 1309 2661 templo
1332 2604 1517 2650 habuit.
1545 2603 1690 2649 Unde
1724 2602 1793 2660 fit,

167 2693 221 2727 ut
245 2684 401 2728 nostri
428 2699 525 2728 non
550 2684 777 2728 modicae
800 2682 896 2728 sint
920 2682 1050 2738 apud
1076 2697 1246 2727 omnes
1280 2670 1674 2727 existimationis.
1703 2680 1800 2725 Fa-

216 2839 233 2858 ἃ
301 2832 520 2868 solennius.
575 2832 640 2859 —b
685 2844 765 2868 non
784 2843 944 2878 paucos.
1000 2837 1061 2857 —C
1106 2830 1300 2867 lectiones
1320 2829 1512 2877 quotidie.

219 2970 227 2988 ¹
278 2969 328 3005 P.
349 2969 528 3016 Joannes
548 2969 820 3006 Couillonius.

217 3030 228 3047 ²
280 3028 325 3065 P.
347 3029 609 3065 Hermannus
628 3028 860 3076 Thyraeus.

215 3088 228 3107 ³
280 3088 324 3125 P.
346 3088 584 3125 Theodorus
603 3088 815 3125 Peltanus.
