1900 3380
387 298 609 337 AppEme
638 297 872 336 1.-ΡκΑΟΑ
904 294 945 332 17
967 293 1171 342 *IANUARH
1198 292 1241 338 (P)
1274 291 1363 329 1558
1577 287 1647 325 929

70 397 287 456 gratiam
320 395 679 453 capessendam
718 410 779 440 ex
813 400 1245 438 sacramentorum
1280 387 1495 433 fontibus
1529 386 1695 431 stimu-

71 476 250 521 lantur.
279 474 466 520 Multae
490 472 811 519 mulierculae
834 481 880 516 et
904 470 1038 515 ciues
1072 469 1133 513 ad
1164 465 1502 513 confessiones
1536 462 1697 520 magis

71 552 368 598 animantur.
396 549 627 596 Nonnulli
652 550 697 595 in
722 545 1001 594 confitendo
1036 544 1239 591 consilia
1273 560 1302 589 a
1332 542 1514 588 nostris
1547 540 1696 597 inqui-

73 638 185 675 runt
210 629 269 674 de
293 643 416 674 uera
439 627 740 674 christianae
764 625 874 671 fidei
905 624 1116 672 ratione.
1150 621 1392 679 Quamuis
1425 618 1586 676 pauci,
1614 617 1697 663 ali-

72 706 151 764 qui
175 717 341 752 tamen
366 707 429 751 ab
452 705 687 751 hussitica
711 715 849 750 secta
878 704 1173 757 desciscunt3
1211 699 1349 746 multi
1373 697 1635 744 subtristes
1669 710 1698 740 a

71 784 211 829 nobis
251 784 504 841 recedunt,
546 783 720 839 quibus
759 783 821 828 ob
855 782 1055 838 linguae
1089 778 1430 824 difficultatem
1468 772 1699 820 satisfieri

73 861 256 918 nequit.
284 860 621 906 Illustrissimo
645 859 851 917 principi
876 857 1194 904 Ferdinando
1218 854 1533 910 caeterisque
1556 853 1698 897 baro-

71 939 227 994 nibus,
255 938 519 995 collegium
544 948 768 983 nostrum
804 936 1134 992 uisitantibus,
1162 942 1368 991 peracto
1402 932 1500 977 iarn
1537 931 1583 976 in
1619 945 1697 975 no-

71 1026 175 1061 stro
201 1016 384 1073 templo
409 1031 555 1061 sacro
580 1016 760 1060 missae
794 1013 975 1069 officiO,
1013 1022 1061 1058 et
1095 1010 1409 1069 perlustratis
1443 1008 1697 1062 cubiculis,

72 1092 361 1138 dormitorio
395 1102 543 1149 atque
578 1102 682 1138 toto
715 1090 944 1147 collegiO,
986 1090 1124 1135 breui
1165 1088 1424 1134 nonnullos
1464 1086 1700 1131 bohemos

73 1178 277 1215 nostrae
301 1168 568 1215 Societatis
592 1169 753 1214 Roma
776 1178 1015 1214 uenturos
1039 1182 1149 1213 esse
1173 1166 1400 1211 diximus.

129 1246 172 1292 8.
239 1247 464 1304 Legatus
500 1245 743 1304 pontificis
777 1247 789 1270 ¹
826 1246 904 1302 qui
945 1245 1111 1290 omnia
1145 1242 1521 1290 beneuolentiae
1559 1241 1700 1298 signa

71 1326 256 1370 nostris
281 1335 541 1381 monstrat,
569 1340 667 1371 una
691 1340 801 1370 cum
826 1332 930 1369 tota
952 1322 1159 1376 familia,
1195 1322 1241 1366 in
1276 1322 1368 1366 hoc
1401 1320 1553 1366 natali
1588 1334 1700 1364 con-

72 1401 232 1447 fessus
257 1412 331 1447 est
354 1403 553 1448 nostris.
582 1402 806 1458 Legatus
830 1400 980 1446 etiam
1005 1400 1141 1456 regis
1164 1398 1416 1451 Poloniae,
1443 1396 1523 1454 qui
1548 1396 1701 1453 quoti-

72 1478 148 1523 die
172 1479 236 1524 ab
259 1493 319 1524 eo
343 1487 568 1535 tempore
592 1494 688 1536 quo
713 1478 931 1535 Pragam
956 1477 1107 1535 uenit,
1144 1491 1240 1534 quo
1274 1490 1463 1528 amore,
1501 1489 1597 1532 quo
1632 1476 1700 1519 at-

71 1555 204 1601 fectu
234 1556 362 1602 hanc
395 1556 646 1602 minimam
685 1555 987 1602 Societatem
1027 1562 1375 1612 prosequatur,
1417 1551 1700 1609 neutiquam

73 1633 267 1679 celauit.
296 1633 394 1679 Vir
412 1633 648 1691 eruditus,
671 1633 852 1678 maturi
872 1632 1041 1690 iuditii,
1067 1648 1164 1678 non
1181 1631 1444 1677 mediocris
1463 1631 1536 1686 (ut
1554 1645 1701 1686 appa-

13 1766 15 1769 .
72 1710 167 1767 ret)
207 1710 338 1767 apud
377 1726 550 1768 regern
588 1710 873 1757 autoritatis
906 1720 955 1756 et
992 1710 1294 1756 christianae
1333 1724 1393 1754 ac
1431 1723 1553 1754 uere
1590 1706 1702 1752 fidei

71 1787 455 1845 amantissimus,
483 1788 563 1845 qui
588 1789 769 1834 nostris
793 1788 986 1834 duobus
1009 1787 1072 1833 ad
1096 1803 1149 1833 se
1179 1786 1414 1843 inuitatis,
1441 1784 1702 1842 plurimam

72 1864 431 1911 solicitudinem
470 1865 715 1911 aduersus
748 1881 888 1912 suam
922 1865 1197 1921 Poloniam,
1235 1874 1284 1910 et
1317 1863 1587 1909 maximum
1620 1877 1700 1907 no-

72 1952 207 1987 strae
241 1941 507 1988 Societatis
541 1943 727 2001 aliquot
759 1944 1105 2001 operariorum
1140 1942 1438 1988 desiderium
1472 1940 1699 1996 ostendit,

72 2034 222 2075 super
247 2035 342 2076 qua
366 2020 473 2077 ipsa
499 2037 552 2066 re
577 2021 708 2067 serio
731 2036 784 2067 se
806 2036 915 2067 curn
948 2020 1002 2066 P.
1041 2019 1261 2078 Canisio,
1298 2034 1441 2076 quem
1476 2018 1617 2064 breui
1640 2017 1703 2062 ad

72 2111 160 2141 nos
189 2097 466 2143 affuturum
501 2098 753 2156 sperabat,
789 2098 1072 2155 transigere
1106 2098 1249 2143 uelle.
1291 2095 1504 2155 Januam
1538 2104 1703 2141 tamen

74 2172 373 2231 Cracouiae,
396 2191 523 2232 quae
546 2176 757 2221 celebris
775 2185 850 2222 est
869 2175 1006 2222 istius
1027 2175 1166 2232 regni
1188 2173 1501 2230 uniuersitas‚
1522 2172 1703 2218 nostris

73 2261 300 2307 apertam
324 2252 576 2298 indicabat
599 2254 631 2298 2.

130 2329 173 2374 Q.
241 2329 318 2374 Ac
342 2330 567 2386 quamuis
600 2330 877 2377 faciliorem
903 2347 963 2377 ac
995 2331 1152 2376 minus
1185 2330 1500 2387 scopulosum
1535 2329 1701 2385 paula-

71 2406 156 2451 tim
182 2407 452 2453 sentiamus
476 2423 695 2466 cursum,
723 2418 888 2456 tamen
913 2419 961 2455 et
979 2409 1180 2466 flagella
1199 2408 1442 2465 quaedam
1462 2406 1704 2452 Dominus

79 2482 356 2540 relinquere
380 2485 632 2543 dignatur,
659 2486 833 2543 quibus
857 2502 1119 2533 seruorum
1144 2501 1349 2531 suorum
1374 2484 1701 2531 constantiam

73 2570 325 2608 exerceat.
375 2562 711 2609 Difficultates
749 2565 991 2621 quasdam
1037 2576 1082 2610 et
1128 2563 1382 2609 molestias
1426 2561 1703 2607 concitarat

74 2638 343 2693 oybinense
368 2641 725 2686 monasterium
750 2651 797 2688 et
816 2643 1098 2688 zitauiensis
1117 2652 1337 2699 senatus;
1361 2657 1622 2699 speramus
1642 2642 1703 2686 ad

74 2712 166 2758 Dei
201 2716 415 2771 gloriam
450 2717 615 2763 omnia
645 2718 821 2775 sopita.
847 2720 998 2776 Atqui
1022 2720 1334 2777 zitauienses,
1361 2721 1442 2778 qui
1467 2720 1596 2778 uino,
1622 2721 1703 2765 ho-

73 2790 234 2848 spitio,
261 2794 791 2854 congratulationibus,
830 2797 961 2843 omni
991 2798 1180 2843 honore
1207 2808 1456 2844 rectorem
1480 2808 1703 2845 nostrum

74 2878 389 2923 praesentem
412 2871 678 2930 excipiunt,
705 2875 1044 2921 concionatori
1069 2891 1159 2921 suo
1184 2876 1501 2922 iniunxerant
1536 2886 1587 2922 ut
1624 2893 1704 2934 pu-

124 3051 133 3070 ¹
185 3051 392 3090 Antonius
411 3053 680 3101 Augustinus.
702 3057 810 3096 Vide
829 3072 923 3106 pag.
945 3060 1115 3098 639-640.

126 3110 138 3128 ²
189 3109 297 3147 Vide
317 3124 410 3159 pag.
431 3111 514 3149 528.

184 3191 350 3221 LITTERAE
370 3193 665 3228 QUADRIMESTRES.
688 3203 774 3227 TOM.
799 3200 834 3228 V.
1569 3209 1604 3236 59
