1909 3328
259 242 328 277 914
726 242 943 277 LITTERAE
970 242 1328 287 QUADRIMESTRES

215 337 513 381 dm'mestres
546 337 775 382 nondum
809 337 1126 393 scripserim)
1153 342 1201 382 et
1232 337 1279 382 T.
1318 337 1381 383 R.
1420 342 1597 382 utnon
1624 351 1832 395 nouum,

217 415 288 459 ila
314 414 459 471 forle
497 414 802 471 taediosum,
839 428 1000 472 quare
1038 415 1269 472 officiose
1307 419 1476 460 tacere
1514 414 1693 461 malui.
1735 414 1840 460 Sed

216 506 363 536 unum
398 493 571 535 tamen
608 496 624 517 ³
658 490 751 536 hoc
786 491 830 536 in
865 506 1052 548 genere
1091 490 1273 537 dictum
1312 492 1472 549 cupio,
1508 491 1546 537 si
1581 492 1692 549 quid
1726 492 1836 537 boni

216 567 353 625 quod
369 567 667 623 pauxillum
691 568 753 612 de
776 567 996 613 Boemz‘a
1019 568 1243 614 scribere
1268 568 1482 614 maxime
1507 569 1644 625 ueliS‚
1666 568 1749 614 uix
1772 568 1837 614 in-

217 644 405 698 uenias;
432 643 471 689 si
496 644 609 700 quid
633 645 764 702 mali,
792 645 921 701 quod
946 646 1151 690 multum
1181 656 1270 703 est,
1299 645 1563 691 difficulter
1587 646 1722 702 uelis,
1751 646 1838 693 nisi

219 723 310 767 hoc
334 721 515 767 iccirco
549 722 688 777 uelis,
717 731 767 767 ut
791 722 950 768 lector
983 722 1063 768 uel
1097 723 1292 768 auditor
1325 734 1509 781 quanto
1533 739 1642 769 eam
1667 724 1837 781 depra-

219 798 461 844 uatiorem
498 798 743 856 intelligit,
780 808 919 845 tanto
953 799 1231 845 feruentius
1264 815 1355 856 pro
1390 816 1449 846 ea
1483 801 1699 846 uicissim
1734 817 1840 847 ora-

218 891 272 921 re
306 875 439 921 uelit.
481 875 590 920 Sed
619 876 730 922 dico
764 877 974 922 tandem
1009 877 1228 936 aliquid,
1265 882 1313 923 et
1344 878 1436 923 lzoc
1469 878 1580 924 dico
1619 879 1845 924 dolenter

214 952 474 1009 gaudens,
501 952 639 1010 quod
663 952 682 980 ¹³
705 964 877 999 euntes
910 953 1046 999 ibant
1080 963 1127 1000 et
1160 954 1344 1000 flebant
1377 955 1624 1001 mittentes
1658 955 1842 1002 semina

221 1044 327 1084 sua,
355 1028 440 1074 sed
460 1029 674 1074 nondum
693 1029 912 1088 ueniunt,
935 1046 1024 1088 pro
1044 1031 1202 1089 dolor,
1225 1031 1304 1088 qui
1324 1033 1510 1088 possint
1528 1048 1844 1089 congregare

221 1105 267 1150 in
291 1105 474 1151 horrea
498 1107 528 1162 ¹;
557 1106 686 1162 quod
721 1106 903 1152 iccirco
929 1106 1037 1152 dico
1063 1107 1176 1164 quia
1210 1124 1321 1154 cum
1356 1109 1611 1155 uoluerem
1637 1125 1696 1155 ea
1721 1125 1844 1166 quae

222 1182 296 1227 his
319 1192 535 1240 quatuor
558 1184 808 1230 mensibus
831 1184 908 1230 hic
933 1185 1206 1243 contigere,
1233 1186 1340 1243 legi
1359 1185 1475 1243 (sed
1495 1187 1632 1232 malo
1656 1188 1845 1244 onfzz'ne)

222 1259 462 1317 diligenti
492 1260 817 1306 solicitudine
846 1266 1198 1320 pernotatum,
1225 1263 1453 1310 duarum
1491 1268 1694 1310 tantum
1732 1270 1843 1322 per-

223 1350 474 1382 sonarum
508 1337 600 1382 lzoc
633 1342 679 1382 et
713 1338 796 1383 illo
829 1343 1058 1395 tempore
1082 1346 1098 1367 0
1125 1339 1461 1387 confessiones
1494 1350 1691 1387 nostros
1715 1342 1845 1388 audi-

225 1413 355 1459 uisse
385 1413 419 1459 d.
447 1413 522 1459 De
557 1429 634 1459 me
668 1415 761 1460 hoc
794 1416 896 1461 scio
920 1423 936 1443 ‘³-
958 1416 1086 1474 quod
1113 1418 1254 1464 Vnius
1279 1427 1471 1464 tantum
1496 1419 1714 1465 mulieris
1738 1435 1847 1465 con-

227 1490 493 1536 fessionem
527 1491 572 1535 in
606 1490 734 1538 festo
758 1491 808 1537 S.
836 1492 1143 1540 Kathe1·inae
1168 1496 1465 1553 exceperim,
1493 1496 1703 1542 duarum
1729 1512 1847 1542 uero

229 1567 437 1613 aliarum
461 1583 522 1613 ac
541 1568 748 1614 duorum
772 1569 885 1615 item
911 1572 1247 1618 masculorum
1272 1572 1318 1618 in
1342 1572 1515 1630 vigilia
1550 1574 1729 1619 natalis
1752 1573 1848 1619 Do·

228 1644 359 1702 mini,
382 1644 461 1701 qui
486 1645 720 1702 manipuli
746 1655 795 1691 ut
819 1647 922 1692 rari
945 1648 1014 1693 ita
1038 1649 1178 1695 nobis
1202 1659 1315 1697 sunt
1338 1651 1493 1708 chari,
1515 1651 1600 1696 sed
1626 1667 1849 1697 romano-

229 1737 337 1767 rum
365 1721 568 1767 Patrum
602 1721 783 1768 famem
816 1723 941 1770 haec
974 1735 1147 1772 nostra
1180 1726 1446 1785 frugalitas
1480 1728 1673 1774 minime
1706 1728 1850 1774 satia-

231 1808 322 1844 ret.
365 1797 670 1856 Sparserunt
709 1815 799 1846 sua
837 1801 1026 1847 semina
1059 1804 1215 1849 nostri
1249 1814 1298 1850 et
1330 1806 1486 1851 uerbo
1521 1815 1570 1851 et
1608 1807 1849 1863 exemplo,

231 1891 350 1922 sane
374 1886 607 1933 quantum
626 1882 727 1933 per
742 1879 979 1935 gratiam
1003 1878 1013 1906 f
1045 1879 1149 1926 fieri
1173 1882 1345 1940 potuit;
1373 1883 1458 1928 sed
1492 1883 1605 1940 quid
1630 1883 1850 1942 colligas,

233 1968 434 2009 quaeso,
472 1952 553 1998 ubi
587 1954 746 2000 uerba
780 1955 894 2012 quia
927 1971 1050 2002 uera
1084 1957 1192 2004 ideo
1227 1958 1443 2016 ingrata,
1478 1961 1707 2017 exempla
1742 1960 1853 2017 quia

233 2029 502 2076 christiana
526 2030 634 2076 ideo
658 2030 753 2077 sint
776 2031 1107 2089 hypocritica?

310 2107 354 2153 3.
421 2106 736 2154 Transeunte
780 2108 845 2154 M.
887 2109 1117 2157 Hurtado
1157 2128 1245 2169 per
1287 2114 1534 2170 publicum
1579 2115 1851 2171 macellum,

235 2184 552 2230 exclamabat
576 2185 789 2242 quidam:
816 2186 911 2233 huc
934 2203 1100 2241 canes,
1128 2189 1297 2248 inquit,
1323 2191 1418 2237 huc
1441 2207 1607 2249 canes,
1635 2191 1748 2248 quia
1777 2206 1854 2237 ue-

236 2262 464 2307 nabimur
497 2262 651 2319 lupos.
682 2262 1078 2311 Transeuntibus
1112 2267 1349 2314 Floriano
1383 2284 1442 2314 ac
1476 2285 1568 2326 me,
1605 2270 1726 2315 dixit
1760 2269 1855 2326 qui-

237 2339 364 2384 dam:
391 2339 577 2384 utinam
612 2338 690 2385 isti
724 2341 877 2386 semel
910 2343 1347 2403 suspenderentur;
1384 2346 1461 2391 cui
1495 2362 1610 2391 mox
1644 2346 1784 2401 alius,
1812 2356 1857 2390 et

238 2425 289 2461 tu
314 2415 443 2473 quid,
471 2431 674 2473 quaeso,
701 2418 765 2463 ad
786 2418 880 2464 hoc
904 2418 1184 2466 conferres?
1206 2421 1479 2479 Respondit
1503 2423 1597 2468 ille:
1620 2439 1767 2469 unum
1793 2423 1853 2468 la·

239 2508 416 2549 queum
440 2493 682 2549 profecto.
710 2492 761 2540 Si
799 2495 905 2552 quis
928 2496 1045 2542 uelit
1068 2498 1215 2544 etiam
1239 2499 1372 2557 apud
1395 2500 1669 2546 catholicos
1698 2500 1855 2546 conui-

239 2584 354 2614 uam
388 2584 560 2626 agere,
594 2586 706 2617 eum
740 2571 1032 2619 instructum
1066 2589 1175 2621 esse
1209 2586 1420 2634 oportet,
1458 2579 1701 2634 quomodo
1734 2593 1857 2624 sum·

241 2660 372 2691 mum
397 2645 673 2703 pontificem
699 2648 947 2708 defendat3
973 2665 1127 2708 usque
1150 2652 1278 2698 adeo
1307 2653 1385 2700 hic
1409 2670 1591 2711 magna
1616 2664 1690 2700 est
1713 2664 1760 2701 et
1784 2655 1858 2700 de·
1881 2681 1883 2683 ·

288 2810 309 2830 ⁸
346 2811 410 2848 De
425 2811 605 2851 Boemia.
659 2813 726 2841 -b
745 2815 871 2852 nostri
885 2815 1060 2863 quidem.
1105 2824 1168 2845 -Ε
1188 2830 1409 2865 paucorum
1424 2819 1650 2857 admodum.
1697 2820 1762 2847 -d
1782 2819 1860 2857 ani-

244 2870 467 2909 maduerto.
522 2879 584 2900 —e
616 2872 700 2920 (qui
719 2886 849 2922 nuper
865 2875 943 2912 hue
961 2876 1083 2921 veni).
1137 2876 1195 2904 —f
1233 2889 1323 2915 cum
1342 2874 1476 2925 gratia
1496 2878 1588 2917 Dei.

295 3027 305 3046 ¹
358 3025 420 3063 Cf.
443 3026 508 3064 Ps.
532 3026 709 3072 CXXV,
730 3030 764 3068 6.
