1900 3380
487 223 779 260 196.--BUR01s
805 223 851 258 24
878 222 1142 260 SEPTEMBRIS
1173 221 1262 257 1558
1574 218 1645 255 807

48 331 124 367 ret
149 321 243 378 (est
267 320 395 365 enim
421 320 528 366 fere
553 319 791 365 indomita
815 319 959 376 gens)
984 317 1208 363 ecclesiis
1228 316 1556 374 prospiceret,
1577 330 1691 360 cun-

48 407 131 444 cta
155 397 364 454 denique
388 397 561 442 melius
586 412 827 453 praesens
851 412 998 452 quam
1030 396 1211 440 absens
1246 388 1573 452 gubernaret,
1602 407 1693 437 nec

50 484 214 520 tamen
240 474 343 530 ipse
370 490 457 530 per
482 474 618 519 uicos
638 473 820 529 passim
843 473 1175 526 discurrebat,
1197 471 1422 528 singulas
1441 468 1692 515 hostiatim

50 552 292 598 ecclesias
317 551 540 604 uisitans,
568 567 727 607 neque
751 550 878 595 enim
906 559 1103 606 poterat
1128 549 1190 594 ob
1216 548 1437 605 regionis
1461 546 1694 592 sterilita-

50 641 147 675 tem
173 639 221 674 et
246 627 524 685 penuriam
550 628 636 673 sed
672 644 783 673 cum
822 628 916 672 hoc
950 626 1218 671 uisitationi
1257 624 1532 682 praefectis
1565 623 1693 668 dele-

50 716 222 764 gasset
258 721 448 759 munus,
488 706 589 762 ipse
629 705 930 761 opulentiori
971 705 1138 760 aliquo
1178 714 1225 748 et
1267 719 1438 747 rerum
1477 701 1695 747 omnium

50 783 375 829 foecundiore
401 784 511 828 loco
539 783 804 835 residebat,
833 782 1043 827 clericos
1068 781 1178 826 inde
1211 797 1240 826 a
1265 780 1470 837 singulis
1504 779 1694 824 dioece-

51 861 186 906 sibus
213 861 318 918 [sic]
358 863 691 915 conuocabat,
730 860 1047 914 hortabatur,
1085 874 1267 903 causas
1302 858 1363 902 ad
1399 873 1451 901 se
1486 871 1694 901 concur-

54 939 265 984 rentium
291 938 622 994 expendebat,
650 937 848 993 publica
873 936 1063 993 flagitia
1089 946 1140 980 ut
1174 936 1514 991 plecterentur
1550 948 1695 979 cura-

54 1018 155 1073 bat,
191 1032 398 1073 quorum
442 1032 534 1061 non
580 1031 787 1072 paruum
822 1030 1101 1069 numerum,
1140 1014 1201 1058 ad
1236 1012 1333 1057 alia
1368 1027 1602 1068 pergens,
1639 1010 1696 1055 si-

56 1094 206 1139 lentio
232 1093 645 1149 praetermittam.
674 1092 901 1149 Denique
936 1091 1071 1136 uelut
1106 1107 1166 1135 ex
1202 1105 1321 1134 arce
1356 1088 1573 1145 quadam
1609 1104 1695 1145 gu-

55 1173 301 1217 bernabat
340 1171 521 1226 onmia,
566 1187 639 1216 me
679 1169 937 1215 dominicis
977 1169 1150 1213 diebus
1191 1177 1238 1213 et
1277 1166 1471 1212 feriatis
1516 1166 1698 1222 populo

55 1250 352 1307 praedicare
376 1247 596 1306 jubebat,
626 1248 894 1304 praecipue
919 1247 957 1292 si
983 1247 1043 1291 ad
1069 1245 1324 1299 moniales,
1348 1260 1557 1301 quarum
1584 1253 1698 1288 sunt

56 1328 290 1372 nonnulla
324 1326 397 1371 his
433 1327 552 1371 locis
588 1324 911 1380 monasteria,
953 1324 1228 1369 haberetur
1267 1322 1457 1367 concio.
1502 1321 1701 1366 Aderat

57 1406 136 1451 ille
160 1420 355 1461 semper
380 1403 712 1459 concionanti,
746 1402 974 1459 quamuis
1009 1401 1277 1457 aliquando
1313 1401 1595 1456 langueret,
1635 1398 1700 1443 ui-

57 1483 212 1540 gebat
236 1482 362 1528 enim
389 1491 573 1527 aestus.
614 1480 966 1526 Concurrebat
1000 1479 1238 1535 frequens
1272 1477 1535 1523 multitudo
1570 1492 1699 1533 quae

59 1578 121 1607 ex
146 1561 255 1606 aliis
278 1560 428 1605 etiam
454 1558 672 1605 castellis
696 1557 925 1603 audiendi
950 1557 1119 1614 gratia
1145 1555 1396 1602 confluere
1422 1554 1698 1600 consueuit.

64 1639 341 1684 Mirabatur
366 1638 445 1683 ille
470 1646 689 1683 aetatem
723 1652 902 1690 meam,
940 1636 1192 1681 imberbes
1226 1650 1402 1691 genas,
1444 1642 1703 1689 aspectum

62 1717 320 1774 puerilem.
348 1715 503 1761 Pater
528 1713 727 1771 Gai-tia,
755 1714 835 1771 qui
860 1728 1053 1759 mecum
1078 1722 1206 1768 erat,
1240 1711 1475 1757 audiebat
1510 1709 1702 1756 confes-

61 1794 241 1849 siones,
289 1793 505 1838 docebat
550 1791 749 1848 vesperi
793 1790 1075 1836 doctrinam
1121 1789 1462 1845 christianam,
1510 1787 1705 1833 visebat

64 1881 321 1929 aegrotos.

120 1949 162 1994 7.
227 1948 426 1994 Accidit
450 1947 581 1992 aliud
606 1946 775 1992 auditu
801 1946 1021 2003 dignum.
1049 1945 1291 1991 Inuentae
1323 1953 1437 1990 sunt
1460 1943 1521 1988 D.
1546 1941 1707 1988 cardi-

63 2027 188 2072 nalis
226 2025 486 2079 industria,
529 2022 784 2070 veneficae
824 2023 1055 2069 mulieres
1097 2039 1191 2068 non
1231 2037 1442 2079 paucae,
1479 2035 1604 2077 quas
1639 2020 1706 2064 la-

54 2105 188 2150 mias
213 2106 226 2129 ¹
252 2112 456 2157 uocant,
485 2103 613 2148 inter
637 2117 760 2158 quas
783 2101 1175 2158 comprehensus
1199 2109 1275 2145 est
1295 2099 1445 2145 etiam
1464 2098 1614 2143 homo
1634 2112 1706 2142 se-

66 2198 177 2234 nex.
206 2181 286 2238 qui
311 2180 473 2226 multis
510 2179 652 2225 annis
686 2179 845 2224 eidem
879 2178 1071 2235 flagitio
1106 2193 1311 2234 operam
1347 2177 1571 2222 dederat.
1613 2173 1709 2219 Hic

67 2260 263 2317 publice
287 2257 550 2304 confessus
574 2266 649 2302 est
672 2256 980 2314 percussisse
1004 2271 1115 2301 cum
1136 2255 1377 2301 daemone
1402 2254 1597 2308 foedus,
1624 2252 1708 2298 ab·

67 2352 281 2395 negasse
317 2335 572 2382 Christum
607 2343 657 2380 et
694 2350 897 2380 sacram
936 2333 1206 2390 Virginem
1246 2331 1355 2390 ejus
1392 2331 1608 2376 Matrem
1649 2344 1709 2375 ac

66 2424 268 2460 sanctos
292 2428 480 2469 omnes,
507 2412 761 2468 multaque
786 2412 885 2457 alia
909 2410 1126 2457 nefanda
1155 2419 1402 2466 patrasse.
1428 2407 1596 2453 Homo
1627 2422 1710 2452 ex-

67 2502 230 2538 tremo
254 2492 433 2549 dignus
457 2490 706 2548 supplitio.
734 2489 1132 2536 Commendatur
1155 2487 1297 2533 nobis
1321 2496 1374 2532 ut
1393 2486 1455 2531 ad
1480 2493 1710 2542 peccato-

57 2585 178 2615 rum
202 2569 427 2615 dolorem
451 2568 833 2623 adduceremus,
860 2583 921 2613 ne
945 2566 1112 2612 anima
1136 2565 1336 2611 tandem
1361 2562 1565 2620 periret.
1592 2561 1709 2607 Adi-

69 2663 178 2693 mus
201 2661 479 2701 carcerem,
506 2644 804 2702 alloquimur
827 2645 1004 2699 solum,
1031 2642 1346 2688 sciscitamur
1369 2639 1622 2697 nonnulla3
1646 2638 1712 2684 di-

68 2724 137 2770 cit
169 2739 422 2781 nunquam
456 2739 516 2768 ea
549 2721 741 2780 flagitia
774 2722 1063 2768 declarasse
1097 2718 1367 2775 sacerdoti,
1408 2717 1522 2763 licet
1559 2731 1713 2773 saepe

69 2810 335 2858 postquam
361 2816 473 2846 cum
498 2799 741 2845 daemone
764 2798 941 2844 foedus
964 2797 1228 2855 pepigerat
1246 2796 1506 2841 confessus
1524 2793 1710 2851 fuerat;

74 2878 201 2925 velle
225 2888 391 2924 tamen
428 2876 574 2923 modo
608 2875 852 2932 confiteri;
889 2875 1218 2932 lacrymatur,
1256 2873 1478 2930 abnegat
1512 2871 1711 2917 daemo-

124 3047 131 3065 ¹
185 3040 429 3090 Exemplum
451 3043 664 3090 hispanum
685 3042 807 3079 habet
830 3041 1037 3082 ‹bruxas»,
1058 3051 1130 3076 seu
1149 3039 1301 3087 brujas.
