2054 3530
367 312 438 340 xiv
836 302 1055 340 LITTERAE
1082 302 1435 349 QUADRIMESTRES

313 411 527 460 gentem,
569 401 641 447 his
682 402 846 447 verbis
883 402 1028 446 dedit:
1070 400 1290 446 «Caveat
1324 410 1490 447 autem
1526 401 1723 447 omnino
1759 401 1940 459 [sacer-

313 481 437 538 dos],
466 496 527 526 ne
553 481 707 526 verbo
731 491 815 525 aut
840 480 982 535 signo
1007 489 1092 524 aut
1116 479 1212 524 alio
1247 479 1421 535 quovis
1456 479 1601 524 modo
1634 480 1943 537 aliquatenus

314 559 494 616 prodat
534 568 866 615 peccatorem:
914 556 1000 600 sed
1039 556 1076 600 si
1118 555 1436 612 prudentiore
1480 556 1681 601 consilio
1721 556 1936 613 indigue-

313 638 391 693 rit,
435 636 548 681 illud
588 635 774 691 absque
814 635 912 678 ulla
951 633 1272 689 expressione
1316 648 1560 688 personae
1598 642 1745 678 caute
1780 634 1938 690 requi-

315 724 418 759 rat>
450 713 477 770 ¹,
500 722 593 758 etc.

396 791 636 850 Jamvero
656 789 767 834 huic
791 788 889 844 legi
915 796 1148 832 auctores
1172 786 1366 842 plurimi
1393 787 1737 843 maximaeque
1772 796 1938 832 aucto-

317 868 477 913 ritatis
510 882 604 912 non
639 867 840 911 obstare
875 864 1142 910 censebant
1166 879 1304 908 usum
1330 863 1532 908 notitiae
1563 879 1651 919 per
1675 863 1938 908 confessio-

315 961 424 991 nem
468 943 741 1001 acquisitae
785 942 846 987 ad
891 952 1147 985 externam
1193 940 1626 996 gubernationem,
1678 940 1938 985 dummodo

308 1038 451 1068 omne
470 1021 804 1079 cujuscunque
825 1017 1143 1063 revelationis
1163 1017 1433 1073 periculum
1453 1017 1664 1062 abesset.
1692 1017 1786 1061 Ast
1804 1016 1938 1062 illum

308 1115 464 1157 usum,
490 1098 590 1156 jam
621 1106 754 1153 ante,
781 1111 909 1141 anno
938 1094 1065 1151 1590,
1093 1109 1121 1138 a
1146 1093 1198 1138 P.
1227 1092 1437 1138 Claudio
1472 1093 1757 1150 Aquaviva,
1796 1109 1934 1149 prae-

272 1176 275 1179 *
306 1177 466 1234 posito
491 1174 708 1231 generali
733 1171 996 1218 Societatis
1019 1170 1153 1230 Jesu,
1181 1170 1363 1215 nostris
1387 1170 1726 1226 superioribus
1751 1179 1798 1215 et
1822 1185 1933 1215 con-

306 1253 528 1299 fessariis
562 1252 753 1309 penitus
787 1249 1100 1295 interdictum
1125 1249 1157 1302 2,
1195 1246 1424 1292 Clemens
1458 1247 1579 1292 VIII
1613 1247 1689 1292 die
1724 1247 1780 1293 26
1814 1246 1934 1304 Maji

308 1331 422 1376 anni
449 1330 561 1375 1594
589 1327 894 1385 proscripsit.

399 1407 670 1452 Praeterea
708 1404 856 1460 aliqui
889 1403 1015 1448 hanc
1054 1402 1441 1459 propositionem
1481 1402 1929 1458 amplectebantur:

311 1485 573 1530 ‹‘Scientia
596 1499 657 1529 ex
682 1480 991 1528 confessione
1016 1479 1257 1536 acquisita
1280 1479 1348 1524 uti
1373 1479 1502 1534 licet,
1530 1478 1675 1523 modo
1710 1478 1794 1523 fiat
1829 1479 1933 1523 sine

303 1563 493 1608 directa
517 1570 602 1620 aqut
625 1559 866 1605 indirecta
890 1556 1198 1603 revelatione
1222 1566 1269 1601 et
1293 1555 1588 1612 gravamine
1617 1555 1930 1612 poenitentis,

305 1640 394 1685 nisi
418 1639 549 1684 aliud
574 1638 726 1682 multo
750 1635 959 1693 gravius
982 1649 1045 1679 ex
1068 1649 1162 1679 non
1187 1648 1276 1678 usu
1299 1641 1554 1688 sequatur,
1577 1632 1623 1677 in
1643 1631 1783 1688 cujus
1803 1647 1933 1677 com-

303 1716 562 1773 paratione
586 1715 721 1771 prius
740 1713 917 1759 merito
937 1710 1319 1766 contemnatur‘,
1342 1710 1509 1755 addita
1528 1709 1702 1755 deinde
1722 1709 1933 1765 explica-

304 1794 435 1839 tione
457 1792 562 1837 sive
587 1790 888 1846 limitatione,
916 1789 1045 1846 quod
1068 1788 1128 1833 sit
1152 1786 1470 1843 intelligenda
1495 1786 1554 1831 de
1578 1801 1670 1831 usu
1695 1786 1935 1831 scientiae

306 1886 367 1916 ex
406 1869 715 1915 confessione
754 1866 1027 1924 acquisitae
1060 1881 1171 1911 cum
1207 1863 1502 1921 gravamine
1536 1863 1828 1920 poenitentis
1863 1879 1933 1909 se-

308 1948 445 1993 clusa
485 1960 792 2003 quacumque
831 1943 1157 1999 revelatione,
1200 1950 1349 1998 atque
1387 1940 1434 1985 in
1473 1955 1610 1996 casu,
1652 1955 1748 1998 quo
1780 1941 1933 1986 multo

306 2025 465 2070 maius
502 2038 780 2080 gravamen
819 2022 1034 2067 eiusdem
1073 2018 1366 2077 poenitentis
1406 2033 1467 2063 ex
1507 2033 1603 2063 non
1637 2033 1729 2063 usu
1762 2033 1932 2074 seque-

306 2111 490 2148 retur».
532 2100 630 2146 Sed
664 2117 693 2146 a
733 2098 1144 2156 congregatione
1182 2096 1353 2142 Sancti
1383 2094 1548 2141 Officii
1586 2104 1824 2141 statutum
1860 2104 1933 2141 est

306 2180 383 2226 die
415 2179 468 2225 18
500 2177 799 2224 Novembris
842 2176 979 2236 1682,
1000 2175 1208 2221 «dictam
1243 2173 1648 2230 propositionem,
1691 2183 1933 2230 quatenus

306 2256 518 2302 admittit
540 2271 682 2300 usum
706 2254 867 2300 dictae
892 2252 1127 2298 scientiae
1151 2267 1261 2297 cum
1290 2250 1585 2308 gravamine
1618 2249 1928 2306 poenitentis,

305 2333 502 2379 omnino
534 2331 890 2389 prohibendam
930 2345 1053 2382 esse,
1092 2329 1238 2374 etiam
1279 2343 1390 2373 cum
1429 2327 1562 2373 dicta
1601 2326 1931 2383 explicatione

305 2411 411 2457 sive
430 2409 741 2456 limitatione»
768 2409 799 2453 3.
1122 2397 1127 2402 ’

394 2488 568 2542 Porro,
596 2502 691 2532 non
716 2485 1027 2531 obstantibus
1050 2482 1291 2542 ejusmodi
1315 2482 1545 2539 decretis,
1572 2480 1791 2538 theologi
1809 2481 1929 2526 anti-

303 2565 383 2622 qui
407 2574 456 2610 et
479 2563 784 2609 recentiores
808 2561 1132 2607 communiter
1155 2576 1244 2617 per
1268 2560 1411 2616 plura
1435 2559 1637 2604 saecula
1655 2557 1931 2603 docuerunt

303 2657 399 2688 non
438 2641 566 2686 laedi
610 2640 823 2696 sigillum
861 2638 1227 2684 sacramentale
1269 2636 1335 2682 «si
1373 2635 1727 2691 confessariuS,
1772 2643 1825 2679 ut
1862 2634 1930 2680 ait

304 2718 361 2764 C.
403 2717 566 2774 sisare,
609 2716 796 2773 Congr.
835 2715 923 2761 SS.
960 2714 1312 2772 Redemptoris
1345 2715 1378 2770 4,
1414 2713 1460 2758 in
1494 2727 1680 2770 genere
1713 2711 1844 2757 dicat
1876 2727 1930 2757 se

301 2794 550 2841 audivisse
573 2794 672 2839 tale
696 2802 955 2850 peccatum
974 2793 1019 2838 in
1039 2791 1366 2847 confessione,
1388 2791 1456 2836 ita
1476 2799 1640 2836 tamen
1660 2797 1713 2834 ut
1732 2788 1928 2833 audien-

353 2943 361 2961 ¹
416 2938 704 2977 Enchz'rz'dion
726 2937 1096 2983 Symbolomm...,
1118 2948 1156 2971 n.
1178 2935 1259 2972 438.

352 3001 365 3020 ²
414 2999 646 3036 Institutum
665 2997 880 3035 Societatis
894 2996 1006 3043 Jesu,
1028 2995 1095 3040 III,
1118 3008 1239 3042 pagg.
1260 2994 1341 3039 261,
1364 2994 1445 3039 272,
1466 2993 1548 3030 352.

353 3062 365 3080 ⁵
418 3058 768 3101 Euchiridion...,
788 3070 825 3093 n.
851 3056 952 3092 1220.

351 3120 364 3139 ⁴²
418 3119 717 3156 [munitiones
736 3117 924 3153 morales
944 3116 1286 3161 Alplzonsicmae,
1305 3115 1474 3155 Romae,
1498 3112 1599 3156 1917,
1621 3124 1658 3147 n.
1684 3109 1785 3146 1866.
