1910 3380
578 195 847 232 ou—ssussffls
873 196 894 230 4
922 195 1028 241 MAJI
1060 195 1149 231 1557
1564 195 1633 231 207

48 303 98 338 ta
122 291 292 336 tamin
324 306 377 334 re
411 290 584 344 latina,
620 305 766 346 quam
803 290 1068 346 rethorica,
1108 305 1252 345 quam
1288 289 1437 334 etiam
1472 305 1681 347 graeca,

49 384 199 426 opere
232 367 389 423 pretia
429 366 558 423 liant,
598 368 675 412 uel
710 382 882 411 eorum
919 366 1241 421 orationibus,
1279 366 1498 422 epistolis
1533 377 1680 424 atque

48 445 320 492 huiusmodi
344 444 453 489 aliis
478 443 918 489 exercitationibus
942 443 1088 488 facile
1120 443 1286 499 liquet,
1323 454 1369 487 et
1404 443 1509 499 ipso
1545 460 1680 499 pere-

48 523 305 580 grinorum
331 521 747 566 scholasticorum
772 520 1038 576 suffragio.

136 598 381 643 Proximis
406 598 577 642 diebus
601 597 696 642 duo
721 596 972 654 peregrini
997 596 1295 652 scholastici,
1318 611 1528 652 quorum
1555 597 1681 642 alter

46 677 108 722 ab
141 676 300 720 altero
341 675 467 719 fuste
508 674 675 720 fuerat
712 675 950 731 pulsatus,
994 689 1149 729 opera
1188 673 1353 718 Patris
1393 673 1471 729 qui
1510 674 1679 718 studiis

46 761 225 809 preest,
252 751 297 795 in
325 762 547 796 mutuam
572 751 764 796 rediere
789 750 1021 807 gratiam.

103 836 144 874 b.
211 827 265 872 In
290 828 471 872 nostris
495 837 662 873 autem
687 828 837 884 (quod
860 827 1055 883 plurimi
1092 827 1370 871 faciendum
1408 827 1672 883 existimo),

45 913 256 962 quatuor
280 912 365 948 aut
390 905 603 961 quinque
628 905 691 949 ad
715 904 1069 948 monachatum
1100 904 1341 960 aspirant,
1379 904 1509 960 quod
1543 905 1606 949 ad
1630 903 1675 948 fi-

42 997 151 1028 nem
170 990 222 1026 ut
243 982 563 1038 perducatur,
587 990 808 1038 praestet
827 981 994 1026 diuina
1014 980 1372 1035 misericordia,
1396 990 1511 1026 ante
1531 997 1676 1037 quarn

43 1058 235 1104 fallacis
259 1058 400 1103 huius
428 1058 593 1103 mundi
625 1058 869 1103 blanditiis
904 1058 1050 1103 illecti
1085 1073 1115 1102 a
1150 1057 1404 1114 proposito
1439 1058 1679 1104 desistere

45 1146 308 1192 cogantur.

101 1214 142 1258 7.
210 1212 613 1258 Obtrectantium
638 1214 853 1258 latratus
882 1228 978 1257 non
1013 1212 1206 1268 desunt,
1244 1212 1329 1257 sed
1365 1212 1602 1257 eiusmodi
1627 1224 1675 1257 ut

43 1291 104 1336 ad
127 1306 321 1336 morsus
345 1307 585 1347 nusquam
613 1291 946 1347 peruenerint.
975 1290 1156 1335 Nescio
1181 1289 1294 1346 quid
1330 1291 1388 1335 de
1422 1288 1677 1336 Societate

43 1368 354 1413 insusurrant
376 1375 407 1423 ³3
436 1369 522 1413 sed
544 1368 590 1413 id
616 1383 760 1413 omne
785 1368 915 1413 intra
939 1368 1163 1424 priuatos
1183 1367 1416 1424 parietes;
1438 1382 1530 1412 nec
1549 1368 1675 1412 enim

44 1461 255 1502 unquam
280 1445 413 1490 caesi
438 1435 648 1490 fustibus
673 1445 873 1490 saxisue
898 1445 1120 1501 impetiti,
1147 1453 1234 1489 aut
1257 1444 1303 1489 in
1338 1460 1393 1490 os
1428 1456 1674 1490 contume-

45 1522 174 1568 liosis
198 1523 364 1568 uerbis
388 1522 619 1567 lacessiti.
648 1522 793 1567 Talia
818 1523 998 1568 etenim
1022 1538 1112 1578 pro
1136 1523 1334 1568 nomine
1358 1521 1478 1580 Jesu
1505 1537 1674 1579 perpe-

45 1600 94 1656 ti,
119 1616 214 1645 non
250 1600 639 1657 quibuscunque,
677 1600 761 1645 sed
797 1600 977 1645 intimis
1011 1600 1104 1645 Dei
1138 1593 1468 1645 familiaribus
1508 1601 1670 1645 datur.

41 1677 311 1723 Nobiscum
336 1693 458 1723 uero
482 1678 607 1723 bene
632 1678 817 1734 agitur,
845 1678 883 1723 si
909 1687 1013 1723 tota
1038 1678 1169 1723 intra
1194 1678 1407 1723 latratus
1426 1677 1537 1722 rixa
1561 1692 1672 1722 con-

28 1755 198 1800 sistat.
226 1755 376 1800 Nouit
400 1756 527 1800 enim
551 1755 732 1812 optime
768 1756 863 1812 ille,
899 1755 975 1800 cui
1011 1771 1179 1800 omnes
1212 1770 1441 1800 recessus
1474 1755 1672 1800 humani

42 1832 204 1878 cordis
227 1842 413 1889 patent,
441 1833 554 1890 quid
578 1833 733 1878 nostri
760 1833 959 1878 ualeant
984 1833 1192 1885 humeri,
1221 1833 1335 1889 quid
1372 1832 1509 1877 ferre
1534 1847 1672 1877 recu-

27 1918 147 1955 sent
170 1911 201 1954 1.
228 1909 407 1955 Paucis
432 1921 597 1955 tamen
623 1910 802 1956 abhinc
825 1910 997 1955 diebus
1022 1910 1236 1966 quidam,
1275 1910 1583 1963 doctoratus,
1622 1919 1673 1954 ut

6 2037 8 2040 ,
41 1985 174 2032 fama
197 1997 286 2043 est,
316 1988 489 2032 laurea
512 1987 791 2044 insignitus,
819 1988 883 2032 ob
905 2003 996 2032 sua
1020 1987 1211 2043 flagitia
1235 1987 1413 2032 missus
1435 1987 1480 2031 in
1501 2002 1671 2032 carce-

30 2078 161 2121 rem,
188 2073 362 2109 nostra
386 2064 433 2109 id
456 2063 744 2110 existimans
769 2064 957 2109 factum
980 2079 1152 2122 opera,
1180 2079 1355 2109 coram
1390 2063 1540 2109 Patre
1575 2063 1671 2108 fra·

41 2149 210 2197 treque
259 2150 431 2187 nostro
476 2141 873 2198 indignabundus
918 2141 1314 2193 uociferabatur,
1363 2157 1671 2197 conquerens

44 2217 415 2274 phariseismum
441 2219 570 2264 hunc
593 2219 762 2264 tandiu
787 2219 989 2276 durare,
1016 2235 1110 2264 non
1143 2220 1202 2264 de
1236 2230 1375 2264 terra
1409 2218 1668 2275 extirpari,

39 2303 89 2340 et
110 2295 206 2341 alia
229 2297 384 2341 multa
408 2312 535 2353 quae
560 2297 800 2342 memoria
825 2297 1040 2342 retinere
1065 2312 1159 2341 non
1182 2296 1330 2341 valui.
1353 2295 1467 2353 Sed,
1491 2296 1556 2340 uti
1574 2295 1671 2340 iam

29 2371 154 2439 dixi,
181 2374 345 2418 omnia
364 2374 411 2419 in
434 2389 628 2419 summa
650 2374 825 2419 herent
850 2386 977 2431 cute,
1005 2389 1065 2419 ac
1088 2374 1205 2419 nihil
1229 2385 1301 2419 est
1326 2374 1453 2430 quod
1473 2373 1535 2417 ad
1554 2372 1670 2418 inte—

44 2449 177 2495 riora
199 2460 440 2509 penetret,
467 2467 554 2497 seu
577 2452 758 2508 uiuum,
781 2452 909 2508 quod
930 2452 1082 2505 aiunt,
1104 2461 1297 2508 tangat.
1321 2450 1671 2507 [Desiderz'mn

37 2527 371 2585 pmfectionss
394 2529 643 2585 exprimit
661 2534 942 2586 precesque
961 2527 1227 2586 postulat]

127 2604 325 2662 Burgis,
369 2616 548 2662 quarto
583 2621 739 2663 nonas
774 2606 932 2651 maias
971 2621 1101 2651 anno
1141 2621 1170 2650 a
1210 2604 1403 2649 Domini
1443 2604 1669 2649 natiuita-

26 2687 89 2725 ·te
115 2680 241 2727 1557.

85 2854 105 2875 ³
168 2847 373 2886 insurrant
392 2861 473 2888 ms.

87 3001 95 3019 ¹
147 3000 365 3040 HORATIUs
391 3003 598 3046 FLACCUS,
621 3004 758 3050 Epist.
781 3005 842 3042 ad
860 3005 1056 3047 Pisones,
1078 3017 1143 3041 νν.
1165 3005 1286 3041 39-40.
