1909 3328
262 293 331 328 460
730 294 948 331 LITTERAE
976 295 1329 340 QUADfflMEsTREs

214 387 339 432 Nam
365 389 456 433 sub
481 388 525 432 id
552 379 789 444 temporis
813 400 862 435 et
884 390 1041 434 nostri
1065 388 1164 445 jam
1194 389 1553 434 conualuerant
1577 398 1625 434 et
1648 390 1843 436 aliunde

212 465 274 509 ad
300 480 387 510 nos
411 465 545 510 missi
570 477 711 510 erant
736 467 854 512 socii
881 468 1125 520 laborum,
1153 481 1264 510 cum
1294 466 1391 522 alii,
1419 475 1519 510 tum
1544 466 1597 511 P.
1626 467 1842 512 licentia-

212 551 290 586 tus
314 539 598 593 Gufflerrez,
627 553 678 588 ut
704 554 869 588 rector
903 554 1049 599 esset,
1078 553 1124 587 et
1150 542 1202 587 P.
1231 543 1296 588 M.
1324 543 1550 598 Baptista
1576 555 1625 588 ut
1650 544 1842 590 concio-

211 630 418 664 naretur
443 622 472 664 1.
499 619 616 664 Inde
641 636 789 666 curas
812 621 939 666 inter
963 636 1015 665 se
1042 636 1211 665 omnes
1235 620 1401 676 partiti
1426 621 1585 665 denuo
1620 622 1752 667 uelut
1778 623 1842 667 lu-

214 696 327 741 dum
354 699 600 753 quendam
626 708 930 754 aperuerunt
955 698 1281 754 spiritualium
1316 696 1643 753 negotiorum.
1672 698 1843 755 Neque

213 773 365 818 defuit
389 784 595 820 euentus
619 775 815 820 illorum
837 775 979 829 votis;
1003 774 1239 830 siquidem
1265 775 1396 819 bona
1420 790 1538 831 pars
1562 776 1724 831 populi
1748 776 1841 821 fre-
1898 772 1900 775 ’

213 860 419 906 quenter
454 851 749 905 confitendo,
778 853 1032 897 contiones
1068 851 1329 907 audiendo,
1357 852 1419 896 ad
1455 867 1689 908 magnam
1724 854 1842 898 mul-

211 938 412 984 tamque
437 929 670 985 pietatem
701 930 916 975 adducta
941 939 1028 974 est.
1058 928 1421 985 Propemodum
1457 928 1618 974 dicam
1653 930 1715 974 ad
1752 931 1843 975 sin-

208 1006 329 1060 gula
354 1021 579 1063 quaeque
603 1007 795 1051 hostiae
830 1006 1024 1051 diuinae
1060 1004 1307 1050 sacrificia
1332 1006 1589 1050 mulierum
1614 1021 1744 1062 grex
1768 1022 1842 1052 sa-

211 1097 349 1127 crum
390 1083 613 1128 celebrat
652 1083 948 1128 conuiuium.
997 1082 1105 1127 Viri
1145 1098 1240 1127 non
1282 1083 1414 1127 item:
1453 1083 1676 1139 quamuis
1716 1093 1764 1129 et
1796 1084 1842 1129 hi

210 1159 358 1204 etiam
392 1160 664 1205 succedunt
687 1160 788 1205 suis
812 1160 1132 1216 temporibus,
1164 1160 1272 1204 Non
1308 1160 1528 1217 intelligo
1562 1161 1717 1206 nostri
1748 1162 1844 1206 col-

209 1236 324 1293 legii
358 1238 699 1294 scholasticos,
735 1238 964 1294 quoniam
1001 1237 1045 1282 hi
1081 1252 1224 1282 suum
1259 1238 1317 1281 de
1351 1237 1445 1281 hac
1482 1253 1534 1282 re
1571 1237 1843 1283 institutum

213 1314 448 1371 religiose
473 1324 694 1361 seruant.

267 1392 310 1437 3.
379 1391 497 1438 Post
525 1402 808 1448 susceptam
833 1392 961 1436 hanc
985 1391 1395 1437 exercitationem
1429 1391 1724 1449 animorum,
1752 1392 1844 1438 Pa-

211 1480 286 1514 ter
320 1469 620 1515 Franciscus
659 1486 688 1514 a
729 1469 951 1515 lusitanis
988 1470 1134 1524 uenit,
1172 1469 1314 1526 cujus
1348 1469 1565 1515 aduentu
1599 1470 1842 1516 reuixisse

208 1547 375 1592 omnia
401 1547 506 1592 uisa
529 1556 658 1592 sunt.
687 1547 812 1592 Nam
847 1546 1335 1604 praeterquamquod
1362 1562 1441 1591 res
1466 1546 1767 1592 domesticas
1798 1547 1843 1592 in

210 1624 414 1669 meliore
440 1634 573 1670 statu
593 1625 874 1681 collocauit‚
897 1625 1109 1670 accessit
1130 1625 1279 1669 etiam
1301 1624 1626 1669 concionator
1651 1635 1698 1669 et
1723 1625 1840 1682 ipse.

208 1701 353 1759 cujus
387 1702 629 1758 oratione,
668 1712 719 1747 ut
752 1702 926 1758 spiritu
962 1704 1107 1758 plena
1141 1711 1231 1758 est,
1266 1702 1460 1759 plurimi
1494 1702 1556 1747 ad
1591 1702 1844 1747 meliorem

210 1779 364 1824 vitam
399 1779 627 1825 conuersi
667 1781 937 1825 creduntur
976 1780 1007 1835 2;
1045 1795 1104 1824 ne
1144 1780 1203 1824 de
1243 1779 1349 1824 aliis
1390 1779 1839 1835 concionatoribus,

207 1858 290 1914 qui
319 1873 409 1902 sex
439 1859 645 1902 n‘umero
680 1868 808 1913 sunt,
836 1857 1097 1914 quicquam
1133 1857 1310 1913 dicam,
1337 1872 1512 1902 eorum
1545 1872 1672 1913 quae
1697 1857 1775 1902 uel
1798 1857 1844 1902 in

185 1933 400 1980 'vicinos
434 1935 831 1991 placentinorum
865 1934 1043 1991 socios,
1073 1936 1149 1980 uel
1183 1935 1229 1980 in
1263 1934 1370 1990 ipsa
1405 1935 1526 1980 urbe
1560 1943 1840 1992 gesserunt,
1908 1994 1909 1999 1

210 2012 323 2058 licet
367 2012 559 2069 insigne
609 2011 725 2057 nihil
760 2027 819 2056 ac
868 2011 1245 2056 memorandum
1290 2011 1544 2057 acciderit.
1598 2011 1677 2056 Ad
1722 2012 1843 2057 haec
1908 2004 1909 2018 ¹

209 2090 262 2135 Ρ.
291 2089 548 2135 Francisci
574 2104 728 2145 opera
754 2090 820 2134 ita
844 2089 1064 2134 surrexit
1089 2089 1264 2134 domus
1288 2104 1450 2134 nouae
1485 2104 1624 2145 opus,
1654 2098 1704 2133 ut
1730 2104 1843 2145 pars

209 2167 337 2212 illius
359 2165 460 2224 jam
486 2182 515 2212 a
539 2166 680 2212 nobis
704 2166 906 2222 incipiat
936 2165 1167 2210 habitari.
1201 2165 1253 2210 In
1290 2165 1500 2222 hospitio
1534 2166 1737 2222 antiquo
1770 2180 1840 2211 re·
1874 2156 1875 2159 ¹

209 2254 500 2289 manserunt
519 2243 718 2300 ‘aegroti
743 2243 930 2299 aliquot
963 2252 1011 2287 et
1037 2243 1133 2287 duo
1169 2254 1522 2298 praeceptores
1556 2238 1841 2299 grammati-

208 2336 315 2374 cae,
339 2320 602 2377 migraturi
627 2320 776 2366 etiam
800 2320 888 2376 ipsi
914 2321 1176 2366 natiuitate
1201 2321 1399 2366 Domini
1424 2321 1716 2365 seruatoris.

267 2398 309 2443 4.
378 2395 553 2443 Studia
587 2397 922 2454 grammatica
957 2396 1170 2442 feliciter
1204 2396 1611 2454 pi·ogrediuntur;
1638 2412 1735 2442 non
1774 2405 1840 2441 ta-

209 2490 321 2520 men
346 2474 637 2520 discentium
660 2489 868 2519 numero
894 2475 1001 2530 pari
1025 2474 1238 2519 aliorum
1272 2489 1534 2519 annorum:
1562 2474 1693 2530 quod
1717 2488 1838 2519 mor-

210 2552 256 2597 bi
281 2561 328 2597 et
351 2551 510 2597 fames
544 2551 718 2607 procul
752 2550 898 2596 dubio
932 2550 1226 2596 effecerunt.
1255 2550 1335 2597 Fit
1365 2550 1545 2596 cotidie
1569 2564 1840 2596 concursus

207 2627 524 2685 antiquorum
548 2627 919 2685 discipulorum,
947 2628 1026 2684 qui
1063 2628 1196 2674 uelut
1220 2637 1330 2685 post
1355 2628 1532 2685 longos
1565 2643 1766 2673 errores
1794 2635 1841 2673 et

208 2705 431 2761 pericula
455 2705 685 2761 proprias
708 2705 852 2750 sedes
871 2714 1116 2761 repetunt,
1139 2720 1350 2762 spesque
1374 2713 1448 2750 est
1471 2704 1641 2750 futura
1659 2703 1839 2750 nobilia

207 2781 473 2838 gymnasia
509 2791 680 2827 nostra
715 2791 768 2827 ut
802 2781 995 2827 ratione
1029 2781 1322 2838 studiorum,
1350 2781 1419 2827 ita
1442 2790 1491 2827 et
1514 2797 1720 2827 numero
1743 2790 1837 2826 stu-

260 2991 267 3008 ¹
320 2989 365 3025 P.
387 2988 571 3035 Baptista
590 2989 786 3026 Sanchez.
810 2988 1047 3031 POLANCUs,
1072 2988 1241 3033 Clzrou.1
1263 2988 1327 3034 VI,
1348 2988 1434 3025 609.

257 3050 269 3068 ²
320 3048 427 3085 Vide
447 3049 561 3085 binas
581 3049 752 3092 litteras,
773 3061 874 3096 quas
891 3048 1106 3085 Placentia
1124 3047 1167 3085 S.
1189 3047 1223 3084 F
1227 3048 1431 3087 raneiseus
1445 3047 1599 3094 Borgia
1614 3047 1760 3085 Lainio
1774 3046 1838 3084 de*-

208 3107 266 3144 dit
284 3108 358 3144 hoc
377 3113 572 3154 tempore,
593 3109 635 3144 in
655 3109 695 3145 S.
717 3109 982 3146 Francz‘scus
1000 3107 1180 3153 Borgz'al
1200 3107 1269 3153 ΙΙΙ,
1290 3106 1460 3145 313-322.
