1909 3328
260 242 328 277 754
729 239 948 275 L1T1·ERAE
975 239 1330 284 QUADRIMsss'rREs

269 336 311 380 ἒ).
380 335 506 379 Nam
535 334 731 391 quidam
756 349 949 379 summo
968 333 1129 378 studio
1149 348 1273 389 erga
1293 321 1598 379 Societatem
1622 345 1843 379 nostram

210 411 381 455 affecti
416 420 464 455 et
497 409 670 455 salutis
705 410 984 456 animarum
1020 410 1196 455 mirum
1232 409 1278 454 in
1313 409 1512 455 modum
1536 410 1746 462 solliciti,
1775 411 1843 456 ui-

209 488 380 532 dentes
421 503 515 532 non
557 486 859 532 mediocrem
894 487 1175 532 animarum
1212 486 1459 532 iacturam
1494 486 1601 532 fieri
1636 497 1843 544 propter

207 563 406 609 nimiam
441 564 639 621 collegii
673 564 829 609 nostri
859 564 923 608 ab
947 563 1196 609 hominum
1230 572 1373 609 coetu
1409 564 1710 620 distantiam,
1738 565 1841 621 pol-

208 641 322 687 liciti
347 651 460 686 sunt
484 641 624 687 nobis
648 641 912 686 admodum
939 642 1226 686 commodas
1250 641 1400 686 aedes
1425 641 1472 686 in
1497 642 1658 687 medio
1684 641 1841 694 vrbis,

209 733 360 773 prope
386 717 530 762 diuae
555 717 743 764 Luciae
779 718 1013 774 templum
1050 717 1350 773 conducere,
1378 718 1508 762 ultro
1543 717 1844 774 spondentes

206 793 372 838 omnia
407 794 548 839 nobis
583 795 644 839 ad
679 795 862 840 uictum
898 794 1185 839 necessaria
1219 809 1271 839 se
1306 793 1638 850 quaesituros.
1673 794 1844 840 Nostri

207 870 429 927 discipuli
456 871 894 927 compositionibus
925 870 1126 927 graecis
1151 880 1299 927 atque
1325 870 1486 916 latinis
1509 886 1562 916 se
1587 881 1842 916 exercent.

206 946 258 991 Ρ.
284 946 505 1004 Joannes
541 946 851 1004 Catalamus,
879 956 990 1003 post
1029 946 1078 992 P.
1107 947 1361 992 Benedicti
1396 947 1685 1005 discessum,
1723 949 1846 992 mul-

205 1036 371 1069 torum
417 1024 545 1069 uotis
588 1024 927 1070 satisfaciendi
972 1040 1143 1081 causa,
1192 1025 1470 1070 doctrinam
1517 1025 1840 1070 christianam

207 1102 268 1148 D.
297 1102 486 1147 Luciae
510 1103 694 1158 templo
720 1102 1077 1148 declarandam
1102 1102 1320 1159 suscepit
1345 1104 1376 1147 ¹.

293 1179 494 1225 Interim
528 1179 686 1225 Rdae.
714 1179 767 1225 P.
797 1179 855 1224 T.
883 1180 1194 1225 orationibus
1229 1195 1289 1225 ac
1324 1179 1583 1225 sacrificiis
1617 1180 1720 1225 suis
1756 1195 1844 1224 nos

205 1266 338 1302 totos
362 1256 781 1302 commendamus.
810 1257 871 1303 D.
899 1257 958 1302 N.
986 1257 1134 1316 Jesus
1169 1256 1417 1314 Christus,
1446 1273 1543 1315 qua
1574 1257 1841 1303 clementia

207 1350 268 1380 ac
292 1334 598 1391 benignitate
622 1333 802 1380 Rdam.
832 1334 884 1379 P.
919 1334 977 1379 T.
1016 1333 1257 1380 Societati
1293 1350 1414 1380 suae
1448 1334 1726 1390 praeficere
1758 1350 1839 1379 uo-

206 1412 310 1468 luit,
337 1412 510 1457 eadem
545 1411 686 1457 nobis
721 1412 801 1456 diu
836 1427 1143 1457 conseruare
1177 1411 1423 1468 dignetur.
1459 1411 1653 1457 Patauii
1688 1411 1838 1457 XVII

207 1490 300 1534 cal.
328 1489 464 1546 Aug.
492 1489 840 1534 M.D.L.VH[.

295 1567 452 1612 Rdae.
477 1566 529 1611 P.
559 1566 617 1611 T.
647 1567 876 1623 indignus
900 1567 946 1611 in
972 1566 1174 1612 Christo
1198 1582 1394 1622 seruus,

1098 1662 1329 1722 JOANNES
1363 1662 1655 1708 RICASULUS
1689 1664 1719 1708 ².

294 1769 588 1826 Inscriptio.
629 1774 654 1821 η’·
695 1770 758 1815 Al
798 1771 950 1815 molto
991 1770 1117 1815 Rdo.
1155 1770 1199 1815 in
1238 1769 1440 1815 Christo
1479 1770 1659 1827 Padre,
1702 1770 1747 1815 el
1786 1770 1839 1816 Ρ.

206 1846 352 1892 Mtro.
380 1845 626 1893 Giacomo
660 1847 882 1904 Laynez,
906 1847 1159 1903 preposito
1190 1847 1430 1903 generale
1464 1847 1594 1892 della
1630 1846 1840 1903 Compa-

205 1924 324 1980 gnia
348 1923 393 1969 di
418 1923 554 1982 jesu.
586 1924 662 1970 En
685 1924 867 1970 Roma.

294 2000 413 2046 Alia
446 2015 624 2047 manu.
652 2001 892 2047 Mandata
917 2017 946 2047 a
970 2002 1188 2058 Vienna,
1218 2001 1425 2057 Loreto,
1454 2001 1695 2058 Fiandra,
1723 2001 1840 2047 Por-

204 2077 415 2135 tugallo,
441 2077 620 2134 Napoli
646 2087 694 2124 et
719 2077 905 2135 Sicilia,
934 2078 1169 2124 Francia.

253 2244 264 2263 ¹
316 2242 381 2282 Cf.
405 2244 558 2281 Laz'm‘z'
576 2244 788 2289 Monum„
810 2244 879 2288 III,
899 2232 985 2282 386.

251 2302 266 2322 ³
320 2302 424 2340 Vide
443 2304 643 2351 superius,
665 2317 758 2351 pag.
779 2305 861 2348 543,
883 2310 1019 2342 annot.
1045 2305 1075 2342 l.
1099 2305 1150 2342 Et
1169 2312 1277 2351 nota,
1299 2306 1460 2343 diverso
1489 2306 1605 2343 modo
1631 2306 1752 2343 scribi
1778 2318 1841 2343 co-

205 2374 383 2408 gnomen
402 2364 592 2400 auctoris.
