2054 3530
399 311 446 348 26
865 310 1083 347 LITTERAE
1109 311 1462 356 QUADRIMESTRES

353 407 638 463 tingamus.
666 406 806 450 Illna'
825 420 953 450 sane
972 411 1071 462 per
1092 406 1194 450 Dei
1210 407 1447 463 gratiam
1471 422 1662 451 summa
1682 410 1717 462 a,
1744 416 1844 451 tum
1869 422 1979 463 pro—

353 483 585 537 uidentia,
613 493 716 528 tum
741 483 1005 537 suauitate,
1034 498 1063 528 a
1086 483 1213 528 Rdo.
1243 483 1354 527 Pre.
1382 483 1501 528 Nro.
1524 483 1775 528 Vrsmaro
1800 485 1978 539 guber—

354 569 516 615 natur,
545 559 682 604 cuius
708 561 867 604 miros
885 564 933 604 et
955 560 1379 617 indefatigabiles
1399 559 1418 585 b
1462 560 1551 604 sub
1581 560 1654 605 his
1685 560 1978 616 praesertim

351 636 598 682 nascentis
636 636 832 692 collegii
872 636 1033 692 initiis,
1075 637 1121 681 in
1162 637 1532 693 quamplurimis
1570 637 1978 693 grauissimisque

351 713 562 770 negotiis
587 712 898 768 perficiendis
921 713 1120 758 labores
1144 723 1192 758 et
1217 713 1524 758 inusitatam
1550 713 1854 769 diligentiam
1878 715 1977 758 nul-

352 791 407 835 lis
432 789 653 846 equidem
680 790 833 834 literis
858 790 1139 835 describere
1162 790 1282 835 satis
1308 805 1519 846 possem.
1548 789 1788 846 Quamuis
1812 799 1977 835 autem

352 867 605 911 bohemice
630 866 845 911 nondum
870 867 1066 921 calleat,
1094 876 1257 911 tamen
1281 882 1391 911 cum
1427 866 1482 911 iis
1518 866 1596 922 qui
1633 875 1878 923 utcunque
1913 867 1977 912 la-

351 943 448 988 tine
482 943 659 999 sciunt,
696 942 826 999 quod
859 957 1016 998 genus
1050 952 1162 988 sunt
1195 943 1410 988 barones
1445 958 1501 987 ac
1538 943 1618 987 alii
1649 943 1855 998 nobiles,
1882 942 1979 988 imo

350 1034 461 1064 cum
485 1019 635 1064 latine
658 1019 990 1064 nescientibus
1013 1034 1222 1076 quoque,
1250 1034 1337 1074 per
1356 1019 1693 1074 interpretem,
1721 1019 1835 1063 dum
1870 1034 1977 1075 sup-

351 1096 485 1152 petit,
523 1096 590 1141 ita
624 1104 972 1152 conuersatur,
999 1104 1052 1140 ut
1076 1104 1123 1140 et
1146 1095 1249 1152 ipse
1273 1096 1336 1140 ab
1361 1095 1586 1140 omnibus
1611 1096 1777 1151 magni
1803 1094 1902 1149 fiat,
1931 1108 1978 1140 et

351 1173 416 1218 illi
455 1173 516 1217 de
555 1172 698 1217 nobis
736 1172 920 1217 rectius
959 1187 1106 1228 quam
1146 1181 1260 1217 ante
1304 1172 1533 1217 sentiant.
1582 1172 1751 1228 Nuper
1791 1188 1910 1217 uero
1950 1188 1978 1217 a

351 1250 475 1294 Rdo.
514 1249 625 1294 Pre.
663 1249 951 1304 prouinciali
987 1251 998 1272 ¹
1036 1249 1082 1293 in
1117 1247 1440 1294 Germaniam
1475 1258 1723 1305 uocatum,
1761 1249 1979 1304 hospites

351 1327 544 1372 bohemi
569 1327 722 1382 ignoti
747 1326 793 1370 in
819 1341 933 1370 suas
958 1326 1106 1370 aedes
1131 1326 1341 1381 benigne
1375 1341 1435 1370 ac
1468 1324 1738 1370 honorifice
1773 1341 1977 1382 excepe—

351 1413 480 1459 runt,
508 1404 667 1460 gratis
701 1418 760 1448 ac
795 1403 1066 1448 liberaliter
1100 1403 1263 1448 onmia
1298 1418 1422 1458 quae
1457 1402 1519 1447 ad
1554 1403 1864 1458 corporalem
1899 1402 1977 1447 de-

350 1480 466 1525 fessi
501 1480 704 1525 uiatoris
739 1479 1059 1525 refectionem
1094 1480 1422 1536 pertinebant,
1460 1479 1851 1536 suppeditarunt,
1879 1495 1977 1524 ma-

350 1558 480 1603 xime
519 1557 679 1614 gauisi
719 1557 847 1613 quod
885 1557 1032 1601 talem
1072 1556 1186 1612 ipsis
1221 1556 1357 1601 Deus
1391 1556 1631 1612 hospitem
1667 1556 1895 1613 dedisset,
1933 1556 1978 1601 in

350 1634 487 1678 cuius
512 1634 649 1678 uultu
683 1633 959 1678 mirabilem
995 1634 1241 1689 quandam
1281 1633 1515 1688 pietatem
1553 1642 1601 1677 et
1636 1633 1767 1678 uitae
1801 1633 1976 1678 sancti-

350 1711 565 1756 moniam
594 1717 610 1737 0
638 1726 883 1766 apparere
918 1714 1213 1754 constanter
1245 1714 1292 1753 et
1329 1714 1507 1765 aperte
1550 1708 1885 1767 affirmabant3
1931 1719 1979 1755 et

351 1788 546 1844 quidam
580 1803 643 1832 ex
681 1787 772 1832 illis
807 1796 1075 1832 ueteranus
1114 1787 1299 1831 hussita
1339 1787 1464 1831 adeo
1503 1786 1614 1832 Rdi.
1657 1786 1780 1832 ,ΡΙ-15.
1822 1787 1978 1832 nostri

349 1865 596 1921 colloquio
631 1879 690 1910 ac
723 1863 849 1909 fideli
883 1864 1206 1909 instructione
1237 1864 1597 1921 delectabatur,
1630 1874 1682 1908 ut
1706 1874 1755 1909 et
1778 1879 1978 1909 errores

349 1942 506 1987 falsae
546 1941 815 1997 religionis,
857 1950 904 1986 et
945 1941 1160 1985 maxima
1199 1956 1319 1986 suae
1358 1941 1491 1985 uitae
1526 1950 1735 1997 peccata
1768 1941 1977 1986 libenter

350 2027 664 2076 agnosceret,
694 2028 742 2063 et
765 2027 956 2063 certam
981 2018 1027 2062 in
1053 2027 1261 2073 utroque
1285 2018 1681 2063 emendationem
1711 2017 1837 2063 Rdo.
1875 2018 1974 2063 Pri.

350 2096 682 2152 polliceretur.
710 2094 847 2140 Illinc
871 2110 992 2140 uero
1018 2094 1252 2151 postridie
1278 2094 1567 2151 profecturo
1592 2110 1784 2151 currus,
1806 2110 1975 2152 equos,

352 2172 560 2217 comites
583 2171 699 2226 (sed
721 2175 769 2215 et
790 2171 948 2216 abbas
971 2171 1183 2228 qnidam
1218 2175 1322 2215 tres
1350 2184 1505 2228 equos
1536 2171 1844 2228 totidemque
1876 2185 1977 2216 ser-

352 2262 443 2294 nos
481 2249 625 2293 eunti
660 2252 708 2292 et
745 2248 981 2292 redeunti
1012 2248 1259 2305 contulit),
1296 2258 1344 2293 et
1377 2248 1474 2293 alia
1508 2248 1695 2293 itineris
1729 2248 1977 2305 praesidia

351 2325 648 2382 obtulerunt,
677 2340 791 2369 suos
815 2324 861 2368 in
886 2325 1106 2370 scholam
1131 2334 1354 2369 nostram
1379 2324 1643 2370 mittendos
1672 2324 1795 2370 filios
1829 2325 1978 2382 ipsius

350 2401 459 2447 fidei
479 2401 854 2447 committentes.
869 2401 945 2445 Ex
956 2399 1228 2447 Germania
1246 2417 1369 2446 uero
1387 2401 1463 2457 (in
1483 2415 1585 2459 qna
1604 2415 1719 2446 enni
1739 2402 1977 2458 episcopo

345 2479 603 2535 patanino
637 2478 652 2502 2
685 2478 900 2534 saepias
928 2483 1162 2534 pransus
1192 2482 1281 2535 est,
1315 2482 1361 2523 et
1390 2478 1525 2523 alias
1548 2479 1599 2524 in
1623 2478 1845 2535 hospitio
1868 2492 1976 2523 sns-

350 2555 598 2611 tentatus)
631 2555 919 2600 redeuntem
955 2555 1286 2611 expectabant
1320 2563 1367 2600 et
1400 2554 1576 2600 eadem
1610 2569 1813 2611 prorsus
1846 2555 1975 2600 beni-

350 2633 539 2689 gnitate
570 2647 630 2677 ac
660 2632 958 2677 liberalitate
988 2632 1340 2690 refocillatum
1361 2631 1395 2690 d,
1422 2631 1643 2689 Pragam
1672 2632 1972 2678 dimiserunt.

351 2708 523 2753 Semel
554 2710 606 2754 in
641 2709 822 2752 itinere
857 2722 888 2753 a
917 2712 1130 2765 pastore
1163 2709 1495 2767 efflagitatus
1527 2709 1743 2754 missam
1778 2709 1971 2754 cecinit.

397 2830 415 2849 a
457 2830 674 2876 collegium
694 2835 873 2866 nostrum
893 2842 1060 2866 summa.
1116 2830 1181 2858 —b
1202 2829 1435 2867 indefessos.
1482 2837 1543 2857 —C
1565 2830 1749 2867 Enzend.
1769 2842 1818 2867 ex
1832 2831 1975 2867 sancti-

351 2894 476 2926 tatem
495 2901 521 2926 a
543 2889 703 2935 Sylvz'o.
759 2889 824 2915 —d
846 2895 1070 2935 exceptum.

398 3005 405 3023 ’
460 3003 504 3040 P.
526 3003 672 3039 Petrus
693 3001 893 3039 Canisius.

400 3063 412 3082 ²
461 3062 682 3098 Patavinus
701 3074 773 3097 seu
793 3062 1061 3107 passaviensis
1086 3062 1295 3109 episcopus
1320 3068 1406 3099 erat
1431 3061 1709 3109 Wolfgangus
1734 3062 1782 3098 de
1809 3061 1972 3099 Closen.

353 3120 415 3158 Cf.
437 3121 622 3158 POLANCI
643 3121 819 3164 Clnvn„
841 3120 915 3163 VI,
935 3121 1016 3158 350.
