1909 3328
252 206 321 241 694
719 202 939 239 LITTERAE
966 202 1320 247 QUADRIMESTRES

205 301 371 358 gratia
396 300 550 344 multa
575 309 775 355 praeter
798 298 994 343 solitum
1022 297 1263 353 permissa
1288 297 1383 342 sint
1412 297 1494 355 illi,
1531 313 1657 354 quae
1691 297 1830 342 dece-

206 394 259 422 re
284 378 595 422 uidebantur.
623 376 758 421 Inter
782 376 879 420 alia
903 375 1086 431 poterit
1115 373 1356 420 Societati
1390 391 1486 419 non
1521 390 1697 431 parum
1731 375 1831 420 suis

204 455 524 500 facultatibus
548 454 803 511 prodesse,
831 453 1052 498 decreuit
1083 453 1209 498 enim
1235 452 1331 498 iam
1367 452 1577 510 collegio
1611 451 1829 498 Societa-

202 533 262 577 tis
301 532 522 578 abulensi
555 531 599 576 in
641 532 772 576 uitae
806 530 1187 576 necessitatibus
1219 530 1350 575 bona
1384 546 1446 575 ex
1480 538 1622 587 parte
1656 530 1830 575 subue-

203 610 308 655 nire
334 612 363 655 ¹.

260 688 301 733 Q,
370 687 436 733 Ut
475 686 644 732 faueat
684 686 944 743 episcopus
984 687 998 710 2
1038 685 1332 741 adiutorque
1376 684 1437 729 sit
1480 682 1736 741 Societati,
1783 693 1831 729 et

202 781 348 821 quam
374 764 624 809 cumulate
649 764 714 809 illi
737 779 767 809 a
791 762 1042 809 Societate
1077 761 1301 819 satisfiat,
1329 770 1377 806 et
1411 762 1457 806 in
1492 761 1564 818 iis,
1600 777 1728 817 quae
1767 761 1829 806 ad

201 857 392 886 morum
428 841 766 897 integritatem
801 849 1043 897 spectant,
1081 848 1129 884 et
1158 839 1203 884 in
1228 839 1301 895 iis,
1329 854 1456 896 quae
1481 839 1543 884 ad
1567 838 1758 884 litteras
1782 849 1829 883 et

200 919 494 975 doctrinam,
522 919 694 975 paucis
718 918 884 964 uerbis
918 933 1062 962 nemo
1097 932 1216 962 sane
1250 916 1485 973 consequi
1518 924 1701 972 posset.
1740 916 1829 961 Est

199 996 244 1041 in
280 995 450 1053 primis
483 995 790 1041 accerrimus
824 993 1090 1040 Societatis
1128 993 1377 1045 defensor,
1420 1002 1473 1038 ut
1511 993 1663 1049 possit
1702 993 1829 1039 inter

199 1074 382 1130 primos
416 1072 709 1129 computari,
747 1072 886 1117 cuius
920 1087 1045 1127 erga
1070 1086 1158 1116 nos
1183 1070 1394 1116 studium
1418 1079 1557 1115 tanto
1581 1069 1828 1115 iudicatur

197 1150 401 1203 firmius,
430 1158 614 1206 quanto
649 1149 809 1206 magis
844 1148 1174 1205 proficiscitur
1208 1163 1271 1192 ex
1302 1147 1642 1203 intelligentia,
1680 1162 1828 1204 quam

197 1229 345 1274 habet
380 1228 439 1272 de
473 1236 646 1273 nostro
680 1227 903 1272 instituto
935 1235 982 1271 et
1006 1225 1309 1283 inspectione
1334 1224 1571 1281 diligenti,
1599 1240 1745 1281 quam
1770 1225 1828 1270 de

197 1306 430 1363 operibus
454 1314 740 1351 nostrorum
765 1305 929 1350 habet.
958 1304 1086 1349 Nihil
1111 1303 1241 1360 quod
1272 1303 1349 1348 uel
1379 1302 1623 1348 tantillum
1657 1302 1703 1347 in
1730 1298 1826 1346 So-

197 1383 391 1429 cietatis
415 1383 713 1440 uituperium
738 1391 935 1440 uergat,
964 1390 1126 1439 potest
1148 1380 1215 1427 illi
1240 1380 1548 1438 persuaderi,
1570 1389 1825 1437 quantum-

197 1461 268 1507 uis
293 1477 507 1518 magnae
531 1460 891 1506 aestimationis
916 1468 1001 1505 aut
1026 1459 1280 1516 religionis
1305 1459 1382 1515 sit,
1411 1458 1491 1515 qui
1516 1459 1640 1504 haec
1664 1458 1729 1503 illi
1753 1473 1827 1504 as-

195 1548 395 1584 seueret
418 1547 503 1584 aut
526 1554 617 1595 per
640 1538 833 1583 litteras
858 1537 1062 1593 nuntiet,
1090 1535 1340 1582 confidens
1364 1536 1570 1582 multum
1590 1535 1823 1592 gratiam,

195 1632 343 1672 quam
369 1625 568 1662 nostros
592 1631 622 1661 a
646 1614 860 1661 Domino
885 1614 1139 1670 accepisse
1163 1613 1337 1671 credit,
1369 1623 1611 1670 perpetuo
1635 1629 1664 1658 a
1687 1613 1827 1659 nobis

194 1694 503 1740 retinendam
528 1709 620 1749 ope
645 1692 826 1747 diuina,
854 1703 901 1737 et
925 1692 1133 1737 eandem
1158 1707 1262 1746 nos,
1291 1706 1350 1736 ne
1375 1691 1619 1746 labamur,
1656 1706 1826 1736 serua-

193 1782 372 1818 turam.
415 1771 480 1817 Et
518 1771 649 1828 quod
682 1771 923 1816 hactenus
956 1769 1164 1815 firmitas
1196 1769 1320 1814 haec
1354 1784 1406 1814 se
1441 1784 1537 1814 non
1571 1768 1822 1826 fefellerit,

193 1850 285 1896 hoc
310 1850 632 1895 uehementer
655 1848 910 1905 triunphat
932 1856 981 1893 et
1004 1847 1207 1905 gaudet.
1245 1846 1394 1892 Faxit
1429 1845 1660 1892 Christus
1695 1855 1746 1892 ut
1778 1846 1825 1891 in

193 1937 489 1984 perpetuum
524 1942 605 1971 res
639 1926 707 1971 ita
741 1925 941 1971 habeat.
981 1924 1235 1970 Extremis
1268 1924 1342 1970 his
1375 1923 1562 1980 diebus,
1601 1923 1826 1980 quamuis

193 2004 466 2050 exhaustus
491 2004 757 2049 admodum
782 2013 926 2059 esset,
965 2012 1066 2047 tum
1101 2002 1375 2059 sumptibus
1410 2011 1458 2047 et
1496 2000 1825 2057 eleemosynis

192 2081 338 2127 factis
373 2082 418 2127 in
453 2082 789 2127 construendo
814 2080 1025 2136 collegio
1044 2089 1093 2125 et
1112 2079 1382 2125 redditibus
1406 2078 1652 2135 donando,
1679 2086 1781 2123 tum
1806 2084 1823 2104 ³

194 2160 307 2217 quia
331 2159 583 2216 ingentem
609 2158 873 2215 quamdam
898 2172 1161 2203 numorum
1185 2157 1529 2215 quantitatem,
1558 2171 1686 2213 quae
1715 2165 1824 2202 erat

192 2237 282 2283 sibi
306 2254 335 2282 a
360 2237 666 2283 debitoribus
687 2236 980 2291 exhibenda,
1004 2251 1094 2280 nec
1118 2234 1385 2291 acceperit,
1408 2249 1501 2279 nec
1524 2249 1636 2290 spes
1660 2234 1720 2279 sit
1744 2248 1822 2278 ac-

192 2324 470 2372 cepturum;
509 2313 711 2359 donauit
747 2313 1012 2370 collegium
1051 2312 1274 2357 ducentis
1312 2311 1495 2357 aureis:
1524 2319 1705 2356 etcum
1730 2310 1823 2367 pri-

194 2408 322 2437 mum
342 2400 686 2437 asseuerasset
705 2407 757 2437 se
776 2391 821 2436 in
842 2406 928 2436 eas
946 2390 1208 2447 angustias
1227 2389 1485 2435 redactum
1510 2388 1819 2445 conspicere,

191 2478 244 2515 ut
267 2469 529 2526 ignoraret
563 2469 690 2514 unde
726 2477 920 2514 centurn
957 2475 1229 2524 argenteos
1262 2467 1485 2523 haberet,
1522 2465 1561 2511 si
1600 2464 1666 2510 illi
1700 2480 1823 2522 opus

193 2556 374 2605 essent,
401 2547 578 2604 petiuit
602 2563 631 2592 a
655 2547 823 2602 Patre,
851 2554 903 2592 ut
926 2545 1016 2591 sibi
1045 2544 1433 2602 chirographum
1459 2543 1619 2600 daret,
1646 2543 1692 2588 in
1727 2558 1822 2600 quo
1868 2540 1874 2549 “

191 2624 639 2680 comprehenderet
662 2632 828 2670 uestes
865 2631 914 2668 et
948 2622 1047 2668 alia
1081 2621 1457 2679 suppellectilia,
1494 2636 1621 2679 quae
1658 2619 1822 2666 domui

238 2773 255 2793 ²³
301 2766 437 2804 Pri-us
455 2780 559 2804 cum.

238 2904 249 2922 ¹
303 2901 382 2948 Cf„
402 2903 469 2946 sis,
492 2902 754 2948 SACCHINUM,
776 2903 892 2941 Hz'st.
915 2903 1005 2941 Soc.
1027 2902 1156 2950 jesu,
1184 2907 1287 2949 part.
1317 2902 1367 2948 II,
1395 2902 1464 2939 lib.
1494 2901 1544 2947 ΙΙ,
1573 2914 1612 2939 n.
1644 2900 1724 2944 159,
1753 2899 1820 2937 ubi

191 2962 314 2999 etiam
333 2963 436 2999 hanc
456 2964 670 3011 epistolam
690 2976 786 3011 prae
807 2963 934 3000 oculis
951 2963 1142 3000 habuisse
1162 2962 1334 2999 videtur.

239 3022 251 3041 ²
306 3020 501 3059 Gutierre
520 3022 686 3070 Vargas
705 3023 754 3060 de
775 3022 983 3071 Carvajal.
