1925 3509
543 272 813 309 16.-13uffl:1s
844 272 886 309 17
907 272 1109 319 JANUARH
1139 272 1229 308 1557
1609 272 1655 309 69

64 370 128 416 de
162 369 234 414 his
269 384 394 426 quae
435 368 497 413 ad
536 368 862 414 scholasticos
900 376 1145 424 spectant,
1182 367 1353 423 paucis
1387 367 1444 411 T.
1484 366 1537 412 P.
1576 367 1701 412 acci-

69 446 186 504 piat.
215 445 449 503 Quorum
474 459 724 489 numerus
749 444 840 490 uix
859 444 930 489 ad
945 448 1149 489 centum
1169 443 1426 500 proceditis
1446 458 1570 488 nam
1591 444 1704 489 licet

66 536 182 568 cum
201 522 437 578 primum
461 526 668 566 nostrae
690 521 896 565 scholae
920 521 1058 566 iacta
1091 524 1214 565 sant
1233 520 1614 578 fundamenta,
1649 521 1700 565 in

58 613 181 645 eam
220 599 589 655 confluentium
628 597 1011 643 multitmiinem
1049 598 1476 643 scholasticorum
1515 598 1700 643 domas

66 679 273 721 nostrae
307 675 588 732 angustiae
621 675 906 732 ciffsicultet'
932 679 1149 731 possent
1178 679 1388 730 caperej
1411 678 1586 719 tamen
1616 674 1704 719 ubi

62 751 370 809 procedente
413 756 642 807 tempore
681 752 755 796 eis
794 752 983 796 mentio
1023 751 1369 809 consessionis
1408 756 1588 807 coepta
1627 755 1703 797 est

39 828 193 887 >fieri
213 828 447 884 plurima
472 841 649 873 eornm
665 833 797 884 pars
822 828 1036 873 uerbum
1056 828 1198 873 istud
1213 828 1399 873 durias
1418 842 1575 885 qnam
1596 833 1703 885 par

63 910 175 951 erat
197 906 408 962 accepit,
436 910 588 963 atque
610 906 683 950 sic
708 919 987 951 mmzerosa
1014 905 1101 951 illa
1126 911 1337 951 caterua
1360 905 1544 963 sabito,
1567 911 1698 962 pau—

64 985 136 1029 cis
158 983 397 1039 demptis,
423 983 585 1028 ueluti
591 983 788 1041 famus
807 997 1140 1039 enanescens,
1163 983 1236 1028 ad
1251 987 1584 1040 preceptores
1606 983 1699 1028 sab

63 1060 245 1119 quibus
268 1061 564 1106 tirocinimn
588 1061 785 1106 latinae
808 1060 1024 1118 linguae
1034 1061 1259 1119 fecerat,
1288 1074 1542 1105 conuersa
1567 1065 1643 1105 est
1665 1062 1695 1106 ¹.

64 1137 160 1194 Qui
177 1141 351 1183 autem
367 1137 631 1184 nobiscnm
645 1143 1002 1194 pemnansere,
1021 1153 1117 1183 non
1134 1137 1359 1194 equidem
1377 1138 1699 1194 poenitendos

63 1215 108 1261 in
132 1215 286 1261 literis
309 1214 498 1260 faciunt
521 1214 733 1273 fructus,
755 1230 846 1260 nec
869 1214 1131 1272 segniores
1155 1221 1173 1241 ἃ
1193 1215 1240 1260 in
1264 1214 1337 1271 iis,
1360 1230 1487 1271 quae
1507 1214 1569 1260 ad
1588 1230 1697 1260 sua—

61 1307 172 1338 rum
195 1292 473 1338 animarum
499 1291 759 1337 Vtilitatem
784 1292 1010 1337 attinent.
1038 1290 1162 1337 Sunt
1192 1291 1321 1337 enim
1356 1307 1419 1337 ex
1452 1291 1525 1337 his
1558 1291 1697 1348 pueri

61 1384 216 1426 usque
255 1370 380 1414 adeo
415 1384 626 1426 syncero
661 1384 884 1426 puroque
919 1369 1086 1427 corde,
1125 1378 1176 1414 ut
1204 1385 1301 1414 non
1334 1368 1573 1426 homines,
1610 1368 1696 1414 sed

61 1446 321 1492 columbae
345 1446 625 1503 uideantur;
663 1455 711 1491 et
746 1446 860 1492 licet
893 1447 939 1492 in
975 1446 1202 1492 omnibus
1236 1446 1476 1492 classibus
1511 1461 1696 1503 magna

62 1522 180 1569 fiant
204 1523 460 1569 literarum
486 1538 673 1579 operae
691 1524 902 1580 praetia,
926 1533 1091 1569 tamen
1110 1524 1158 1569 in
1177 1528 1366 1581 quarta
1385 1524 1546 1569 classe
1564 1537 1697 1581 quae

63 1600 426 1646 rethoricorum
450 1605 526 1646 est
547 1601 566 1628 ¹³
587 1601 739 1647 multo
764 1601 923 1646 maior
947 1602 1136 1647 relucet
1165 1601 1372 1647 fructus.
1408 1600 1592 1647 Uidere
1623 1610 1697 1647 est

55 1670 237 1735 >*quippe
271 1694 455 1735 pueros
489 1678 690 1724 uixdum
715 1678 957 1724 decimum
982 1687 1213 1735 quartum
1237 1693 1471 1735 egressos
1495 1693 1692 1732 annum,

62 1756 286 1812 acceptis
308 1771 338 1801 a
362 1771 450 1801 suo
475 1766 806 1813 praeceptore
836 1756 1043 1814 singulis
1076 1756 1468 1802 hebdomadibus
1502 1756 1694 1801 thema-

61 1833 146 1878 tiis
162 1839 177 1859 ⁰
203 1843 342 1878 tanta
361 1834 630 1879 uerborum
651 1834 879 1880 ubertate
899 1843 1047 1890 atque
1067 1832 1321 1879 affluentia
1341 1831 1695 1890 amplificatum

61 1910 515 1967 locupletatumque
538 1911 601 1956 ad
625 1911 921 1967 magistrum
947 1911 1140 1957 referre
1168 1910 1202 1967 d,
1230 1920 1283 1956 ut
1313 1910 1379 1956 illi
1412 1911 1502 1967 ipsi
1534 1909 1692 1955 nobis-

63 2003 154 2045 que
173 1989 398 2034 omnibus
418 2004 513 2034 non
533 2003 750 2045 paruam
760 1989 980 2047 faciant
996 1988 1378 2034 admirationem
1397 1995 1432 2034 e.
1455 1988 1560 2033 Nec
1578 1987 1694 2033 illud

58 2064 253 2110 silentio
282 2065 755 2122 praetermitendum
787 2081 982 2123 censeo,
1021 2082 1133 2112 cum
1166 2066 1214 2111 in
1247 2074 1419 2111 nostra
1452 2064 1693 2121 Hispania

61 2142 343 2199 neutiquam
360 2143 422 2188 sit
440 2143 866 2200 contemnendum,
882 2143 1112 2199 proximo
1129 2143 1367 2200 siquidem
1380 2142 1510 2201 Julio
1525 2157 1691 2188 mense

50 2233 279 2275 graecae
302 2219 504 2277 linguae
528 2229 799 2277 praecepta
823 2220 915 2265 illis
935 2230 1113 2277 coepta
1138 2230 1249 2266 sunt
1268 2220 1415 2276 tradi,
1439 2234 1565 2276 quae
1588 2228 1690 2264 tam

62 2295 205 2341 auide
229 2296 541 2355 imbiberunt,
577 2306 631 2342 ut
663 2312 757 2342 nec
795 2312 1002 2342 numero
1041 2312 1132 2342 nec
1165 2296 1439 2342 eruditione
1479 2296 1690 2341 aliarum

50 2371 431 2419 *academiarum
455 2374 765 2420 scholasticis
795 2375 1242 2431 contemporaneis
1273 2374 1374 2419 ulla
1407 2374 1594 2430 possint
1627 2388 1690 2418 ex

17 2479 19 2481 ·
61 2457 201 2505 parte
224 2450 419 2507 cedere;
447 2451 838 2508 quatuordecim
855 2451 989 2496 enim
1001 2451 1344 2508 grammatici
1361 2453 1686 2506 enassermzt,

62 2526 198 2583 quod
217 2540 318 2572 non
337 2533 534 2584 parum
558 2532 634 2573 est
656 2528 709 2573 in
733 2532 913 2574 nostra
936 2528 1219 2584 Hispania.
1250 2527 1363 2573 Diui
1387 2527 1536 2573 etiam
1561 2526 1688 2573 Tho-

62 2617 172 2648 mae
209 2605 421 2660 apostoli
455 2604 533 2650 die
567 2605 821 2662 dialogum
854 2605 995 2650 nobis
1027 2605 1297 2650 exhibuere
1331 2619 1440 2649 cum
1475 2612 1689 2660 quatuor

109 2813 172 2835 —8
194 2807 405 2853 segniores
429 2812 534 2844 sunt.
589 2807 654 2835 —b
682 2808 721 2844 in
748 2808 879 2844 classe
907 2806 1213 2855 rhetoricorum.
1267 2813 1330 2834 —0
1367 2812 1575 2853 accepto...
1602 2806 1687 2843 the-

62 2870 182 2902 mate.
236 2866 301 2893 ——d
322 2866 508 2904 Emend.
531 2878 582 2904 ex
600 2866 784 2904 refferre.
838 2873 904 2895 —e
924 2879 1003 2903 non
1022 2878 1174 2913 paruae
1191 2866 1271 2902 sint
1290 2865 1555 2903 admirationi.

64 2989 343 2997 ———

110 3076 120 3096 ¹
171 3076 278 3114 Vide
297 3077 399 3116 Litt.
420 3078 671 3125 Quadrim„
692 3078 754 3115 IV
758 3108 765 3123 ,
788 3078 869 3123 417;
887 3083 927 3115 et
945 3077 1189 3119 POLANCUM,
1207 3078 1282 3115 loc.
1303 3077 1384 3119 cit..
1404 3077 1486 3120 582,
1506 3078 1588 3115 583.
