1900 3380
579 206 862 244 17O.-—PRAGA
889 206 936 243 27
964 205 1073 253 MAJ1
1105 204 1195 242 1558
1590 204 1660 241 685

72 319 183 350 cum
208 318 559 360 nonnunquam
584 302 839 348 imbecillis
864 302 1106 360 pueritiae
1132 300 1490 358 impedimentis
1515 300 1707 357 repelli-

71 396 194 438 mus,
221 389 401 437 argute
426 395 515 424 nos
540 379 756 425 vicissim
783 388 1122 436 percontatur,
1151 394 1265 424 num
1291 378 1428 436 pueri
1453 393 1577 435 ergo
1612 377 1708 423 sint

72 457 364 504 excludendi
389 472 452 502 ex
476 456 632 514 coelo,
660 473 773 502 num
806 467 855 503 et
888 457 954 503 illi
989 456 1191 514 perinde
1226 472 1286 502 ac
1319 471 1462 502 senes
1496 456 1710 501 debeant

74 534 277 591 saluari,
320 550 435 579 num
470 535 572 580 vlla
606 543 748 580 aetas
782 535 1051 581 immatura
1085 534 1147 579 sit
1180 549 1300 580 suae
1336 533 1503 579 saluti?
1537 532 1626 578 His
1661 542 1710 578 et

73 612 180 658 aliis
205 612 515 669 argumentis
541 611 607 657 V.
635 612 693 656 R.
719 612 772 657 P.
801 612 847 657 in
872 612 1086 658 Domino
1110 627 1200 668 pro
1226 611 1403 657 maiori
1427 611 1521 657 Dei
1545 610 1710 668 gloria

74 705 186 736 cum
211 689 306 735 erit
331 689 661 747 commodum,
690 690 805 747 (non
830 689 1018 747 dubito)
1044 689 1382 746 respondebit.

136 767 202 813 14.
278 766 632 813 Confessiones
657 767 814 813 nostri
839 767 1008 824 templi
1031 783 1129 812 non
1154 767 1280 813 adeo
1305 767 1591 824 frequentes
1610 765 1711 812 fue-

74 854 203 891 runt.
243 844 409 890 Credo
444 844 646 891 circiter
680 845 767 891 200
800 845 863 890 ad
897 845 1085 901 pascha
1121 844 1395 901 confessos,
1433 844 1579 889 italos
1604 843 1711 889 fere

73 937 259 976 omnes,
289 937 499 979 quorum
525 922 605 968 alii
631 938 661 968 a
684 922 727 979 3,
765 922 847 968 alii
883 939 912 968 a
945 923 988 979 4,
1027 922 1108 968 alii
1143 938 1172 967 a
1206 922 1232 967 7
1263 922 1405 967 annis
1440 937 1534 967 non
1570 930 1714 967 erant

74 999 287 1046 confessi
310 1006 348 1045 ³.
375 999 581 1046 Bohemi
612 1015 806 1058 quoque
841 1015 935 1045 non
962 999 1186 1057 deerant,
1223 1015 1432 1056 quorum
1469 998 1616 1055 aliqui
1651 997 1713 1043 ad

75 1077 406 1124 confitendum
431 1077 774 1135 procidebant,
809 1078 1049 1134 siquidem
1080 1078 1275 1123 bohemi
1309 1077 1517 1122 fuissent
1551 1091 1580 1122 a
1616 1075 1712 1132 qui-

74 1157 164 1202 bus
198 1156 471 1213 potuissent
506 1156 683 1202 iuuari.
721 1156 836 1201 Duo
870 1172 934 1202 ex
967 1156 1150 1202 nostris
1184 1156 1229 1201 in
1265 1155 1497 1212 oppidum
1533 1154 1714 1200 domini

74 1233 346 1279 marchalci
371 1233 573 1279 fuerunt
596 1232 808 1290 profecti
833 1233 896 1279 ad
921 1233 1193 1279 audiendas
1228 1233 1462 1278 italorum
1498 1247 1712 1289 quorun-

73 1311 187 1357 dam
211 1310 568 1357 confessiones.
596 1310 875 1357 Pestiferae
899 1327 961 1357 ac
984 1311 1249 1357 diuturnae
1269 1311 1564 1367 simultates,
1587 1325 1714 1366 quae

74 1389 172 1434 iarn
196 1388 258 1434 ad
282 1388 547 1434 homicidia
571 1398 906 1446 erumperent,
934 1388 1251 1446 pacatissime
1281 1388 1482 1434 fuerunt
1516 1403 1715 1444 compo-

74 1467 215 1512 sitae.
242 1465 296 1511 In
320 1482 439 1512 arce
463 1466 681 1513 eiusdem
706 1465 971 1513 marscalci
995 1466 1126 1513 omni
1146 1465 1496 1512 beneuolentia
1516 1465 1580 1511 ab
1600 1465 1710 1510 hus-

76 1544 196 1602 sitis,
224 1544 500 1601 catholicis,
527 1545 789 1603 nicolaitiS,
816 1545 1227 1592 sacramentariis
1251 1554 1364 1590 sunt
1388 1543 1542 1590 habiti
1566 1559 1626 1590 ac
1646 1543 1712 1588 di-

77 1621 231 1668 missi.

139 1700 207 1747 15.
275 1700 463 1757 Agitur
493 1701 641 1746 modo
676 1701 735 1747 de
770 1701 1058 1747 redimenda
1091 1700 1236 1747 domo
1270 1699 1484 1757 collegio
1518 1697 1717 1745 coniun-

6 1840 8 1843 .
78 1789 176 1835 cta,
203 1794 332 1835 quae
365 1779 628 1825 mulierum
663 1780 811 1825 turba
845 1778 1093 1825 maximas
1127 1779 1462 1836 periculorum
1498 1776 1717 1823 occasio-

80 1871 166 1902 nes
189 1856 420 1902 fortassis
444 1857 694 1903 exhibeat.
723 1856 835 1903 Hac
868 1858 1084 1903 nondum
1118 1866 1431 1914 comparata,
1460 1864 1716 1912 quantum-

79 1949 290 1990 cumque
325 1933 631 1991 efflagitatus
667 1944 714 1981 et
748 1935 1080 1992 necessarius,
1125 1934 1381 1981 viennensi
1421 1931 1716 1990 profectioni

83 2010 167 2056 vix
190 2010 341 2057 audet
363 2026 416 2057 se
440 2011 755 2058 committere
779 2012 833 2058 P.
862 2012 1113 2058 Victoria.

144 2087 211 2134 16.
278 2090 353 2132 De
376 2089 616 2146 episcopo
640 2089 907 2135 lamacensi
927 2091 940 2114 ¹
967 2090 1112 2135 nobis
1136 2089 1460 2135 deditissimo
1485 2088 1617 2133 nihil
1649 2091 1720 2132 czt-

80 2166 207 2211 tinet
226 2166 464 2224 scribere,
492 2167 596 2213 nisi
616 2171 670 2212 vt
691 2168 804 2213 eins
827 2168 1064 2214 animam
1088 2167 1204 2212 licet
1236 2167 1349 2212 suis
1381 2165 1642 2211 laboribus
1675 2168 1723 2209 et

76 2243 291 2300 pietatis
299 2244 571 2303 fructibus
603 2246 816 2292 minime
850 2246 1245 2304 defraztdcztcmt,
1267 2251 1366 2303 pro
1391 2249 1570 2290 nostra
1595 2257 1720 2300 gm-

81 2321 300 2367 titudine
322 2322 561 2368 omnibus
584 2323 906 2377 Orationibus
929 2338 990 2369 (ιε
1008 2323 1284 2381 sacrificiis
1303 2321 1721 2381 commendatarii

82 2401 368 2444 teneamus.
394 2397 587 2445 Iisdem
606 2413 805 2458 quoque
824 2400 1111 2457 praesidiis
1134 2400 1228 2445 lios
1251 2399 1496 2444 minimos
1514 2401 1723 2443 tuorum

83 2478 132 2520 et
153 2474 264 2520 Xm‘.
293 2476 749 2522 immitissimorum
778 2491 1052 2523 seruorum
1077 2480 1310 2532 conatus,
1337 2480 1390 2520 vt
1398 2475 1721 2533 fructuosio-

84 2566 167 2598 res
189 2557 238 2598 et
259 2553 332 2598 ad
353 2554 686 2600 illustriorem
709 2555 812 2601 Dei
831 2569 887 2601 se
904 2556 1123 2601 dilatent
1140 2555 1371 2611 gloriani
1391 2554 1585 2610 iuuari,
1603 2558 1723 2609 pro-

85 2631 300 2688 moueri,
326 2631 549 2677 stabiliri
564 2633 795 2689 petimus
824 2637 872 2678 et
905 2632 1172 2678 humiliter
1203 2631 1536 2677 obtestamur.
1586 2629 1720 2686 Vale,

134 2842 152 2863 ὃ
197 2836 288 2883 Seq.
309 2847 378 2873 vv.
399 2835 494 2873 Duo
513 2848 563 2873 ex
581 2837 728 2873 nostris
747 2836 890 2874 deleta
910 2836 964 2874 ab
984 2838 1078 2882 ipso
1098 2838 1288 2872 auctore.

140 3031 146 3049 ¹
202 3029 394 3066 Urbanus
410 3029 564 3066 Textor
582 3029 786 3075 (Weber),
809 3029 931 3076 paulo
950 3034 1044 3065 ante
1061 3029 1143 3065 vita
1164 3027 1341 3065 functus.
