1900 3380
589 232 716 269 17o.—-
728 231 916 268 sslLLOMO
943 230 964 266 4
987 230 1095 277 ‚lumi
1124 227 1214 264 1558
1599 225 1668 261 715

77 338 125 375 et
149 328 502 385 discipulorum
540 328 729 384 aliquot
754 327 990 373 comitatu
1016 341 1068 371 se
1093 323 1314 380 contulit,
1343 323 1505 379 ibique
1540 337 1712 367 coram

78 405 241 451 Rdiss.
286 405 414 450 Dno.
452 420 512 450 ac
552 405 716 450 multis
757 403 960 450 arbitris
1000 401 1452 455 circunistantibUS‚
1491 399 1715 445 carmina

78 498 285 539 graeca,
313 483 466 528 latina
491 493 537 528 et
571 483 757 539 gallica
794 482 1008 527 recitata
1043 490 1171 536 sunt,
1200 479 1386 524 reditus
1421 478 1571 535 ipsius
1606 493 1713 534 pro-

78 576 276 617 sperum
300 560 626 617 praesagium
663 559 972 605 attestantia.
1003 559 1133 603 Acta
1168 558 1333 603 itidem
1370 565 1443 601 est
1477 555 1713 613 aegloga,

79 654 174 694 qua
219 637 432 683 reditum
476 637 598 683 tanti
640 637 947 683 maecenatis
987 636 1077 681 sibi
1118 634 1525 692 gratulabantur.
1569 631 1714 688 Quod

79 715 271 772 quidem
313 715 551 760 decorum
587 714 844 760 officiosae
883 712 1195 759 salutationis
1230 710 1516 768 obsequium
1557 709 1718 755 obuiis

82 793 204 838 vlnis
229 809 289 839 ac
317 794 452 838 vultu
486 808 725 851 perquam
759 792 903 837 hilari
938 791 1060 836 Dns.
1088 790 1349 847 episcopus
1384 788 1595 844 excepit.
1617 787 1714 833 Ha-

79 879 251 916 ctenus
285 870 344 915 de
379 870 681 926 palaestrico
719 868 965 926 gymnasii
1002 867 1155 913 nostri
1180 883 1342 923 agone
1367 865 1712 911 tractauimus.

79 946 253 992 Studia
278 947 505 993 literaria
529 947 663 992 nulla
690 946 954 992 occasione
986 945 1410 1000 interrumpentur
1435 943 1497 988 ob
1522 942 1714 987 feruen-

81 1025 256 1070 tiorem
276 1024 481 1070 aestatis
503 1033 714 1079 aestum,
739 1032 789 1072 vt
808 1022 912 1068 fieri
933 1032 1282 1078 consueuerat,
1304 1021 1412 1077 nisi,
1436 1020 1562 1077 quod
1583 1020 1720 1065 Deus

79 1111 296 1150 auertat.
344 1104 633 1148 morborum
681 1101 919 1157 contagio
965 1099 1230 1145 diuortium
1276 1099 1528 1144 suaderet.
1556 1097 1718 1154 Quum

82 1180 208 1226 enim
230 1180 460 1237 permulti
486 1180 677 1225 nobiles
702 1195 760 1224 ac
782 1178 1084 1235 praediuites
1110 1176 1467 1222 adolescentuli
1492 1176 1603 1220 hinc
1622 1190 1716 1220 non

82 1258 177 1303 sint
201 1257 484 1313 discessuri,
513 1257 865 1302 detrimentum
890 1264 1185 1312 paterentur
1210 1253 1402 1299 fructus
1427 1252 1653 1309 literarii,
1681 1252 1719 1297 si

84 1336 255 1381 schola
297 1335 619 1381 clauderetur
663 1351 753 1392 pro
789 1350 930 1379 more
966 1333 1126 1378 solito.
1165 1320 1405 1377 Attamen
1444 1330 1718 1376 studiorum

84 1413 327 1459 exercitia
353 1412 699 1458 moderatiora
724 1421 886 1468 erunt,
915 1420 1128 1467 vrgente
1153 1409 1345 1455 aestiuo
1370 1409 1557 1454 calore.

140 1494 183 1537 ὃ.
252 1490 525 1536 Caeterum
561 1499 797 1548 quantum
832 1489 895 1534 ad
930 1488 1125 1544 collegii
1161 1486 1317 1532 nostri
1353 1486 1719 1532 extructionem

83 1577 291 1627 spectat,
320 1568 483 1614 Rdiss.
513 1568 634 1613 Dns.
664 1567 1005 1625 praestolatur
1029 1565 1299 1623 praepositi
1323 1564 1584 1621 Baptistae
1610 1566 1619 1588 ¹
1651 1580 1720 1608 re-

35 1663 38 1667 *
83 1646 252 1703 ditum,
279 1656 328 1692 vt
352 1646 494 1692 iactis
517 1645 853 1691 fundamentis
877 1644 939 1690 ad
965 1644 1157 1689 culmen
1189 1659 1340 1700 vsque
1366 1642 1532 1698 templi
1558 1657 1617 1687 ac
1642 1641 1721 1686 do-

83 1740 190 1769 mus
215 1723 492 1769 aedificium
526 1723 772 1780 erigatur,
801 1721 1185 1779 impetrauitque
1210 1737 1239 1765 a
1265 1736 1386 1778 rege
1421 1719 1720 1766 christianis-

23 1859 26 1862 *
83 1801 224 1858 simo,
264 1812 315 1846 vt
354 1802 523 1858 syluas
563 1801 750 1858 aliquot
784 1799 963 1845 caedat
999 1799 1061 1844 ad
1096 1814 1207 1844 eam
1244 1798 1492 1855 lignorum
1528 1797 1721 1853 copiam

86 1895 211 1936 quae
246 1895 487 1924 summam
514 1879 660 1924 trium
689 1878 872 1923 milium
896 1886 1255 1923 coronatorum
1292 1891 1560 1921 aureorum
1591 1875 1722 1919 valo-

86 1974 141 2003 re
159 1973 386 2022 ·aequare
411 1957 582 2014 possit,
611 1966 663 2001 vt
690 1956 801 2002 hinc
823 1955 1036 2001 materia
1060 1963 1392 2011 praeparetur
1422 1952 1721 1999 aedificatio-

88 2035 134 2080 ni
175 2036 478 2081 necessaria.
524 2034 679 2080 Nobis
720 2034 1072 2090 benignissime
1111 2033 1349 2089 exceptis,
1387 2031 1638 2077 canonicis
1677 2040 1726 2076 et

88 2112 374 2158 consulibus
400 2128 460 2157 ac
484 2112 678 2158 ciuibus
704 2111 985 2168 praecipuis
1022 2111 1159 2155 vrbis
1194 2109 1511 2155 bilhomensis
1548 2108 1723 2165 promi-

90 2190 152 2235 sit
177 2189 406 2235 eximiam
432 2190 802 2245 liberalitatem,
830 2204 890 2234 ac
914 2188 1315 2246 promptissimae
1353 2185 1624 2231 voluntatis
1649 2202 1724 2230 ar-

95 2275 332 2324 gumenta
372 2267 531 2312 solida
572 2265 890 2323 deprompsit.
936 2265 1141 2310 Patrum
1183 2274 1467 2309 nostrorum
1513 2263 1726 2308 diuortio

90 2354 286 2390 tantuin
322 2345 503 2390 bonum
538 2343 787 2390 differtur.
826 2343 1040 2388 Proinde
1075 2343 1387 2395 anhelamus,
1426 2341 1723 2397 aspiramus,

97 2422 223 2467 votis
259 2422 589 2478 precibusque
624 2420 967 2466 contendimus
991 2421 1053 2465 ad
1078 2420 1338 2476 amplexus
1363 2428 1410 2463 et
1436 2418 1607 2463 oscula
1631 2434 1726 2463 non

94 2499 239 2544 modo
274 2498 438 2544 Patris
474 2498 794 2555 prouincialis
828 2497 1083 2543 Paschasii
1118 2498 1132 2520 ²
1163 2513 1220 2541 ac
1259 2495 1525 2553 praepositi
1563 2495 1728 2552 Bapti-

94 2586 202 2622 stae
227 2576 649 2632 desideratissimi,
678 2591 853 2621 verum
889 2584 936 2620 et
971 2574 1177 2620 Patrum
1202 2574 1528 2618 lusitanorum
1554 2574 1585 2630 ³,
1615 2588 1727 2629 quo-

141 2700 147 2717 ¹
205 2697 247 2734 P.
266 2698 448 2744 Joannes
468 2697 550 2734 ss.ta
572 2696 709 2738 Viola,
731 2696 896 2743 collegii
915 2695 1267 2742 superintendens.

139 2758 151 2777 ²
203 2757 248 2794 P.
270 2757 515 2794 Paschasius
533 2756 671 2793 Bro'e't.

141 2818 153 2835 ³
205 2817 499 2863 Intelliguntur
526 2816 672 2852 Patres
699 2817 862 2852 lusitani
896 2828 945 2851 ex
976 2814 1163 2861 generali
1194 2813 1516 2860 congregatione
1545 2813 1730 2849 reduces.

92 2876 259 2913 lverant
288 2876 368 2913 PP.
400 2875 580 2913 Michael
604 2876 653 2912 de
673 2875 837 2919 Torres,
859 2875 1092 2912 Ludovicus
1112 2873 1320 2911 Gonzalez
1339 2873 1387 2909 de
1408 2872 1599 2917 Camara,
1620 2872 1730 2910 Gun-

94 2935 276 2972 disalvus
311 2935 402 2972 Vaz
438 2935 487 2972 de
522 2935 654 2979 Melo,
692 2934 939 2971 Emmanuel
975 2933 1160 2971 Godinus
1196 2937 1235 2969 et
1270 2931 1478 2979 Georgius
1513 2931 1731 2969 Serranus.

95 2994 158 3032 Cf.
180 2995 335 3032 Laz‘m'z'
353 2995 564 3039 Illonzmz„
587 2995 662 3031 loc.
684 2995 766 3041 cit,
791 2994 869 3037 123,
895 2993 973 3037 128,
994 2992 1076 3029 280.
1104 2991 1186 3029 Sed
1205 2992 1250 3028 P.
1272 2991 1506 3028 Ludovicus
1525 2991 1732 3030 Gonzalez

95 3054 143 3091 de
165 3053 357 3101 Camara,
380 3055 601 3102 praepositi
621 3055 832 3102 generalis
851 3053 1045 3090 assistens
1064 3057 1240 3098 creatus,
1262 3052 1419 3088 Romae
1438 3052 1645 3089 remansit.
