<?xml version="1.0" encoding="UTF-8"?>
<!DOCTYPE html PUBLIC "-//W3C//DTD XHTML 1.0 Transitional//EN"
    "http://www.w3.org/TR/xhtml1/DTD/xhtml1-transitional.dtd">
<html xmlns="http://www.w3.org/1999/xhtml" xml:lang="en" lang="en">
 <head>
  <title>
</title>
<meta http-equiv="Content-Type" content="text/html;charset=utf-8" />
  <meta name='ocr-system' content='tesseract 3.04.00' />
  <meta name='ocr-capabilities' content='ocr_page ocr_carea ocr_par ocr_line ocrx_word'/>
</head>
<body>
  <div class='ocr_page' id='page_1' title='image "./litteraequadrime1705lain_0068.png"; bbox 0 0 2043 3467; ppageno 0'>
   <div class='ocr_carea' id='block_1_1' title="bbox 380 273 1449 319">
    <p class='ocr_par' dir='ltr' id='par_1_1' title="bbox 380 273 1449 319">
     <span class='ocr_line' id='line_1_1' title="bbox 380 273 1449 319; baseline -0.005 -5"><span class='ocrx_word' id='word_1_1' title='bbox 380 277 426 314; x_wconf 82' lang='lat'>38</span> <span class='ocrx_word' id='word_1_2' title='bbox 847 275 1067 312; x_wconf 77' lang='lat' dir='ltr'>LITTERAE</span> <span class='ocrx_word' id='word_1_3' title='bbox 1093 273 1449 319; x_wconf 75' lang='lat' dir='ltr'><strong>QUADRIMESTRES</strong></span> 
     </span>
    </p>
   </div>
   <div class='ocr_carea' id='block_1_2' title="bbox 332 366 1974 661">
    <p class='ocr_par' dir='ltr' id='par_1_2' title="bbox 332 366 1974 572">
     <span class='ocr_line' id='line_1_2' title="bbox 423 366 1974 428; baseline -0.005 -11"><span class='ocrx_word' id='word_1_4' title='bbox 423 372 715 428; x_wconf 60' lang='lat' dir='ltr'>Inscriptio</span> <span class='ocrx_word' id='word_1_5' title='bbox 749 379 777 427; x_wconf 82' lang='lat'><strong>†</strong></span> <span class='ocrx_word' id='word_1_6' title='bbox 801 371 867 416; x_wconf 89' lang='lat' dir='ltr'>Al</span> <span class='ocrx_word' id='word_1_7' title='bbox 900 386 1017 427; x_wconf 90' lang='lat' dir='ltr'>muy</span> <span class='ocrx_word' id='word_1_8' title='bbox 1050 370 1178 415; x_wconf 88' lang='lat' dir='ltr'>Rdo.</span> <span class='ocrx_word' id='word_1_9' title='bbox 1216 384 1275 414; x_wconf 89' lang='lat' dir='ltr'>en</span> <span class='ocrx_word' id='word_1_10' title='bbox 1311 367 1463 414; x_wconf 88' lang='lat' dir='ltr'>Chro.</span> <span class='ocrx_word' id='word_1_11' title='bbox 1507 367 1685 425; x_wconf 74' lang='lat' dir='ltr'>Padre,</span> <span class='ocrx_word' id='word_1_12' title='bbox 1722 367 1767 412; x_wconf 85' lang='grc'>61</span> <span class='ocrx_word' id='word_1_13' title='bbox 1799 366 1974 411; x_wconf 75' lang='lat' dir='ltr'>Padrev</span> 
     </span>
     <span class='ocr_line' id='line_1_3' title="bbox 332 443 1964 506; baseline -0.004 -11"><span class='ocrx_word' id='word_1_14' title='bbox 332 450 427 495; x_wconf 88' lang='lat' dir='ltr'>M.0</span> <span class='ocrx_word' id='word_1_15' title='bbox 451 449 653 506; x_wconf 76' lang='lat' dir='ltr'>Lasnez,</span> <span class='ocrx_word' id='word_1_16' title='bbox 681 448 873 494; x_wconf 88' lang='lat' dir='ltr'>vicario</span> <span class='ocrx_word' id='word_1_17' title='bbox 898 448 1108 505; x_wconf 84' lang='lat' dir='ltr'>general</span> <span class='ocrx_word' id='word_1_18' title='bbox 1132 447 1192 492; x_wconf 91' lang='lat' dir='ltr'>de</span> <span class='ocrx_word' id='word_1_19' title='bbox 1216 447 1263 492; x_wconf 89' lang='lat' dir='ltr'>la</span> <span class='ocrx_word' id='word_1_20' title='bbox 1296 444 1627 502; x_wconf 51' lang='lat' dir='ltr'>[Compafiffa</span> <span class='ocrx_word' id='word_1_21' title='bbox 1651 444 1710 490; x_wconf 89' lang='lat' dir='ltr'>de</span> <span class='ocrx_word' id='word_1_22' title='bbox 1733 443 1879 501; x_wconf 82' lang='lat' dir='ltr'>Jesus</span> <span class='ocrx_word' id='word_1_23' title='bbox 1903 458 1964 487; x_wconf 88' lang='lat' dir='ltr'>en</span> 
     </span>
     <span class='ocr_line' id='line_1_4' title="bbox 335 526 513 572; baseline 0.006 -1"><span class='ocrx_word' id='word_1_24' title='bbox 335 526 513 572; x_wconf 88' lang='lat' dir='ltr'>Roma.</span> 
     </span>
    </p>

    <p class='ocr_par' dir='ltr' id='par_1_3' title="bbox 424 603 918 661">
     <span class='ocr_line' id='line_1_5' title="bbox 424 603 918 661; baseline -0.004 -12"><span class='ocrx_word' id='word_1_25' title='bbox 424 603 601 661; x_wconf 72' lang='lat' dir='ltr'>Sigz‘llc&#39;</span> <span class='ocrx_word' id='word_1_26' title='bbox 621 603 918 660; x_wconf 49' lang='lat' dir='ltr'>*vestzgimm</span> 
     </span>
    </p>
   </div>
   <div class='ocr_carea' id='block_1_3' title="bbox 898 783 1398 967">
    <p class='ocr_par' dir='ltr' id='par_1_4' title="bbox 898 783 1398 967">
     <span class='ocr_line' id='line_1_6' title="bbox 1134 783 1167 833; baseline 0 0"><span class='ocrx_word' id='word_1_27' title='bbox 1134 783 1167 833; x_wconf 90' lang='grc'>7</span> 
     </span>
     <span class='ocr_line' id='line_1_7' title="bbox 898 906 1398 967; baseline -0.004 -14"><span class='ocrx_word' id='word_1_28' title='bbox 898 906 1209 967; x_wconf 81' lang='lat' dir='ltr'>JOANNES</span> <span class='ocrx_word' id='word_1_29' title='bbox 1244 906 1398 952; x_wconf 69' lang='grc' dir='ltr'><strong>ΒΤΑ.</strong></span> 
     </span>
    </p>
   </div>
   <div class='ocr_carea' id='block_1_4' title="bbox 785 1013 1509 1060">
    <p class='ocr_par' dir='ltr' id='par_1_5' title="bbox 785 1013 1509 1060">
     <span class='ocr_line' id='line_1_8' title="bbox 785 1013 1509 1060; baseline -0.003 -10"><span class='ocrx_word' id='word_1_30' title='bbox 785 1024 1069 1050; x_wconf 86' lang='lat' dir='ltr'>VALLISOLETO</span> <span class='ocrx_word' id='word_1_31' title='bbox 1098 1014 1114 1049; x_wconf 86' lang='lat'>1</span> <span class='ocrx_word' id='word_1_32' title='bbox 1142 1023 1339 1060; x_wconf 77' lang='lat' dir='ltr'><strong>jANUARII</strong></span> <span class='ocrx_word' id='word_1_33' title='bbox 1368 1013 1458 1049; x_wconf 73' lang='lat'>1557</span> <span class='ocrx_word' id='word_1_34' title='bbox 1485 1014 1509 1048; x_wconf 81' lang='lat'>¹.</span> 
     </span>
    </p>
   </div>
   <div class='ocr_carea' id='block_1_5' title="bbox 333 1114 1977 1280">
    <p class='ocr_par' dir='ltr' id='par_1_6' title="bbox 333 1114 1977 1280">
     <span class='ocr_line' id='line_1_9' title="bbox 333 1114 1967 1160; baseline -0.001 -10"><span class='ocrx_word' id='word_1_35' title='bbox 333 1116 407 1152; x_wconf 74' lang='lat'><strong>1-4.</strong></span> <span class='ocrx_word' id='word_1_36' title='bbox 448 1116 673 1153; x_wconf 68' lang='lat' dir='ltr'>Sociorum</span> <span class='ocrx_word' id='word_1_37' title='bbox 704 1116 750 1151; x_wconf 79' lang='lat' dir='ltr'>in</span> <span class='ocrx_word' id='word_1_38' title='bbox 784 1115 997 1160; x_wconf 54' lang='lat' dir='ltr'>religiosis</span> <span class='ocrx_word' id='word_1_39' title='bbox 1031 1114 1270 1151; x_wconf 70' lang='lat' dir='ltr'>virtutibus</span> <span class='ocrx_word' id='word_1_40' title='bbox 1304 1116 1343 1150; x_wconf 78' lang='lat' dir='ltr'>et</span> <span class='ocrx_word' id='word_1_41' title='bbox 1377 1115 1422 1150; x_wconf 83' lang='lat' dir='ltr'>in</span> <span class='ocrx_word' id='word_1_42' title='bbox 1461 1114 1616 1150; x_wconf 71' lang='lat' dir='ltr'>litteris</span> <span class='ocrx_word' id='word_1_43' title='bbox 1647 1117 1967 1159; x_wconf 72' lang='lat' dir='ltr'>progressus.—</span> 
     </span>
     <span class='ocr_line' id='line_1_10' title="bbox 405 1172 1977 1219; baseline -0.001 -10"><span class='ocrx_word' id='word_1_44' title='bbox 405 1175 506 1211; x_wconf 89' lang='grc'>5-10.</span> <span class='ocrx_word' id='word_1_45' title='bbox 538 1174 827 1211; x_wconf 71' lang='grc' dir='ltr'>δαεενηῖοίιιηῑ</span> <span class='ocrx_word' id='word_1_46' title='bbox 851 1184 979 1210; x_wconf 71' lang='lat' dir='ltr'>sacra</span> <span class='ocrx_word' id='word_1_47' title='bbox 1006 1175 1253 1210; x_wconf 70' lang='lat' dir='ltr'>ministeria</span> <span class='ocrx_word' id='word_1_48' title='bbox 1282 1175 1326 1210; x_wconf 81' lang='lat' dir='ltr'>in</span> <span class='ocrx_word' id='word_1_49' title='bbox 1355 1174 1529 1219; x_wconf 73' lang='lat' dir='ltr'>templo,</span> <span class='ocrx_word' id='word_1_50' title='bbox 1559 1174 1603 1209; x_wconf 76' lang='lat' dir='ltr'>in</span> <span class='ocrx_word' id='word_1_51' title='bbox 1633 1172 1892 1215; x_wconf 66' lang='lat' dir='ltr'>carceribus,</span> <span class='ocrx_word' id='word_1_52' title='bbox 1922 1173 1977 1208; x_wconf 51' lang='lat' dir='ltr'>in*</span> 
     </span>
     <span class='ocr_line' id='line_1_11' title="bbox 400 1234 1297 1280; baseline -0.001 -10"><span class='ocrx_word' id='word_1_53' title='bbox 400 1239 656 1280; x_wconf 70' lang='lat' dir='ltr'>pauperum</span> <span class='ocrx_word' id='word_1_54' title='bbox 675 1234 877 1279; x_wconf 71' lang='lat' dir='ltr'>hospitiis</span> <span class='ocrx_word' id='word_1_55' title='bbox 897 1236 935 1270; x_wconf 81' lang='lat' dir='ltr'>et</span> <span class='ocrx_word' id='word_1_56' title='bbox 954 1234 999 1269; x_wconf 77' lang='lat' dir='ltr'>in</span> <span class='ocrx_word' id='word_1_57' title='bbox 1021 1234 1139 1278; x_wconf 67' lang='lat' dir='ltr'>regia</span> <span class='ocrx_word' id='word_1_58' title='bbox 1160 1234 1297 1269; x_wconf 69' lang='lat' dir='ltr'>curia.</span> 
     </span>
    </p>
   </div>
   <div class='ocr_carea' id='block_1_6' title="bbox 334 1344 1973 2853">
    <p class='ocr_par' dir='ltr' id='par_1_7' title="bbox 334 1344 1969 1558">
     <span class='ocr_line' id='line_1_12' title="bbox 397 1344 1967 1402; baseline -0.001 -11"><span class='ocrx_word' id='word_1_59' title='bbox 397 1348 434 1391; x_wconf 85' lang='lat'>1.</span> <span class='ocrx_word' id='word_1_60' title='bbox 502 1350 529 1399; x_wconf 57' lang='grc' dir='ltr'>ἢ·</span> <span class='ocrx_word' id='word_1_61' title='bbox 563 1346 658 1391; x_wconf 90' lang='lat' dir='ltr'>Ihs.</span> <span class='ocrx_word' id='word_1_62' title='bbox 687 1345 811 1391; x_wconf 87' lang='lat' dir='ltr'>Rde.</span> <span class='ocrx_word' id='word_1_63' title='bbox 841 1346 1105 1391; x_wconf 81' lang='lat' dir='ltr'>admodum</span> <span class='ocrx_word' id='word_1_64' title='bbox 1130 1344 1175 1390; x_wconf 92' lang='lat' dir='ltr'>in</span> <span class='ocrx_word' id='word_1_65' title='bbox 1201 1344 1353 1391; x_wconf 90' lang='lat' dir='ltr'>Chro.</span> <span class='ocrx_word' id='word_1_66' title='bbox 1381 1344 1463 1390; x_wconf 86' lang='lat' dir='ltr'>Pr.</span> <span class='ocrx_word' id='word_1_67' title='bbox 1502 1344 1649 1402; x_wconf 70' lang='lat' dir='ltr'>[sesa</span> <span class='ocrx_word' id='word_1_68' title='bbox 1684 1345 1967 1390; x_wconf 66' lang='lat' dir='ltr'>misericor-</span> 
     </span>
     <span class='ocr_line' id='line_1_13' title="bbox 334 1422 1969 1479; baseline -0.002 -10"><span class='ocrx_word' id='word_1_69' title='bbox 334 1424 478 1469; x_wconf 73' lang='lat' dir='ltr'>diam</span> <span class='ocrx_word' id='word_1_70' title='bbox 512 1424 564 1468; x_wconf 77' lang='lat' dir='ltr'>z&#39;n</span> <span class='ocrx_word' id='word_1_71' title='bbox 590 1427 793 1468; x_wconf 66' lang='lat' dir='ltr'>nostros</span> <span class='ocrx_word' id='word_1_72' title='bbox 815 1423 1201 1468; x_wconf 75' lang='lat' dir='ltr'>vallisoletanos</span> <span class='ocrx_word' id='word_1_73' title='bbox 1224 1422 1431 1477; x_wconf 73' lang='lat' dir='ltr'><em>extollit,</em></span> <span class='ocrx_word' id='word_1_74' title='bbox 1464 1422 1525 1466; x_wconf 76' lang='lat' dir='ltr'>de</span> <span class='ocrx_word' id='word_1_75' title='bbox 1548 1436 1651 1479; x_wconf 74' lang='lat' dir='ltr'>qua</span> <span class='ocrx_word' id='word_1_76' title='bbox 1676 1436 1729 1466; x_wconf 71' lang='lat' dir='ltr'>re</span> <span class='ocrx_word' id='word_1_77' title='bbox 1751 1422 1969 1477; x_wconf 66' lang='lat' dir='ltr'>scriptu-</span> 
     </span>
     <span class='ocr_line' id='line_1_14' title="bbox 334 1499 1259 1558; baseline -0.002 -12"><span class='ocrx_word' id='word_1_78' title='bbox 334 1515 452 1546; x_wconf 67' lang='lat' dir='ltr'>rum</span> <span class='ocrx_word' id='word_1_79' title='bbox 475 1515 529 1546; x_wconf 74' lang='lat' dir='ltr'>se</span> <span class='ocrx_word' id='word_1_80' title='bbox 554 1515 617 1545; x_wconf 71' lang='lat' dir='ltr'>ex</span> <span class='ocrx_word' id='word_1_81' title='bbox 640 1500 929 1545; x_wconf 69' lang='lat' dir='ltr'>obedientia</span> <span class='ocrx_word' id='word_1_82' title='bbox 948 1499 1259 1558; x_wconf 53' lang='lat' dir='ltr'>profitetur}</span> 
     </span>
    </p>

    <p class='ocr_par' dir='ltr' id='par_1_8' title="bbox 334 1576 1973 2853">
     <span class='ocr_line' id='line_1_15' title="bbox 394 1576 1970 1634; baseline -0.001 -11"><span class='ocrx_word' id='word_1_83' title='bbox 394 1578 435 1623; x_wconf 81' lang='lat'>2.</span> <span class='ocrx_word' id='word_1_84' title='bbox 503 1577 648 1634; x_wconf 83' lang='lat' dir='ltr'>Quod</span> <span class='ocrx_word' id='word_1_85' title='bbox 682 1586 850 1623; x_wconf 89' lang='lat' dir='ltr'>autem</span> <span class='ocrx_word' id='word_1_86' title='bbox 885 1592 994 1623; x_wconf 88' lang='lat' dir='ltr'>sese</span> <span class='ocrx_word' id='word_1_87' title='bbox 1029 1577 1141 1622; x_wconf 90' lang='lat' dir='ltr'>mihi</span> <span class='ocrx_word' id='word_1_88' title='bbox 1177 1576 1335 1633; x_wconf 91' lang='lat' dir='ltr'>primo</span> <span class='ocrx_word' id='word_1_89' title='bbox 1372 1576 1633 1621; x_wconf 89' lang='lat' dir='ltr'>dicendum</span> <span class='ocrx_word' id='word_1_90' title='bbox 1667 1576 1857 1631; x_wconf 84' lang='lat' dir='ltr'>obtulit,</span> <span class='ocrx_word' id='word_1_91' title='bbox 1896 1584 1970 1621; x_wconf 90' lang='lat' dir='ltr'>est</span> 
     </span>
     <span class='ocr_line' id='line_1_16' title="bbox 335 1653 1970 1710; baseline -0.001 -10"><span class='ocrx_word' id='word_1_92' title='bbox 335 1655 639 1701; x_wconf 88' lang='lat' dir='ltr'>admirabilis</span> <span class='ocrx_word' id='word_1_93' title='bbox 658 1655 873 1700; x_wconf 89' lang='lat' dir='ltr'>omnium</span> <span class='ocrx_word' id='word_1_94' title='bbox 893 1653 1189 1709; x_wconf 76' lang='lat' dir='ltr'>obedientia,</span> <span class='ocrx_word' id='word_1_95' title='bbox 1213 1669 1309 1710; x_wconf 84' lang='lat' dir='ltr'>qua</span> <span class='ocrx_word' id='word_1_96' title='bbox 1327 1654 1581 1710; x_wconf 91' lang='lat' dir='ltr'>proprium</span> <span class='ocrx_word' id='word_1_97' title='bbox 1601 1653 1902 1698; x_wconf 85' lang='lat' dir='ltr'>intellectum</span> <span class='ocrx_word' id='word_1_98' title='bbox 1923 1661 1970 1698; x_wconf 89' lang='lat' dir='ltr'>et</span> 
     </span>
     <span class='ocr_line' id='line_1_17' title="bbox 336 1730 1966 1788; baseline -0.002 -11"><span class='ocrx_word' id='word_1_99' title='bbox 336 1733 645 1778; x_wconf 87' lang='lat' dir='ltr'>voluntatem</span> <span class='ocrx_word' id='word_1_100' title='bbox 670 1731 998 1788; x_wconf 82' lang='lat' dir='ltr'>captiuantes,</span> <span class='ocrx_word' id='word_1_101' title='bbox 1026 1747 1122 1776; x_wconf 91' lang='lat' dir='ltr'>non</span> <span class='ocrx_word' id='word_1_102' title='bbox 1147 1732 1305 1776; x_wconf 89' lang='lat' dir='ltr'>solum</span> <span class='ocrx_word' id='word_1_103' title='bbox 1330 1730 1592 1785; x_wconf 89' lang='lat' dir='ltr'>superiori,</span> <span class='ocrx_word' id='word_1_104' title='bbox 1620 1745 1794 1775; x_wconf 82' lang='lat' dir='ltr'>verum</span> <span class='ocrx_word' id='word_1_105' title='bbox 1817 1730 1966 1775; x_wconf 91' lang='lat' dir='ltr'>etiam</span> 
     </span>
     <span class='ocr_line' id='line_1_18' title="bbox 335 1807 1970 1866; baseline -0.002 -11"><span class='ocrx_word' id='word_1_106' title='bbox 335 1809 499 1855; x_wconf 91' lang='lat' dir='ltr'>infimo</span> <span class='ocrx_word' id='word_1_107' title='bbox 524 1809 699 1866; x_wconf 84' lang='lat' dir='ltr'>cuique</span> <span class='ocrx_word' id='word_1_108' title='bbox 725 1809 940 1854; x_wconf 75' lang='lat' dir='ltr'><strong>fratrum</strong></span> <span class='ocrx_word' id='word_1_109' title='bbox 965 1811 984 1829; x_wconf 65' lang='lat' dir='ltr'>a</span> <span class='ocrx_word' id='word_1_110' title='bbox 1008 1809 1054 1853; x_wconf 91' lang='lat' dir='ltr'>in</span> <span class='ocrx_word' id='word_1_111' title='bbox 1079 1808 1290 1854; x_wconf 91' lang='lat' dir='ltr'>minimis</span> <span class='ocrx_word' id='word_1_112' title='bbox 1315 1807 1464 1853; x_wconf 90' lang='lat' dir='ltr'>etiam</span> <span class='ocrx_word' id='word_1_113' title='bbox 1495 1807 1787 1862; x_wconf 84' lang='lat' dir='ltr'>subduntur,</span> <span class='ocrx_word' id='word_1_114' title='bbox 1821 1816 1970 1863; x_wconf 83' lang='lat' dir='ltr'>atque</span> 
     </span>
     <span class='ocr_line' id='line_1_19' title="bbox 334 1883 1971 1941; baseline -0.002 -9"><span class='ocrx_word' id='word_1_115' title='bbox 334 1887 462 1932; x_wconf 90' lang='lat' dir='ltr'>inter</span> <span class='ocrx_word' id='word_1_116' title='bbox 487 1902 595 1932; x_wconf 88' lang='lat' dir='ltr'>sese</span> <span class='ocrx_word' id='word_1_117' title='bbox 625 1886 935 1932; x_wconf 89' lang='lat' dir='ltr'>strictissimo</span> <span class='ocrx_word' id='word_1_118' title='bbox 971 1885 1230 1931; x_wconf 88' lang='lat' dir='ltr'>charitatis</span> <span class='ocrx_word' id='word_1_119' title='bbox 1265 1885 1462 1930; x_wconf 87' lang='lat' dir='ltr'>vinculo</span> <span class='ocrx_word' id='word_1_120' title='bbox 1497 1883 1763 1941; x_wconf 85' lang='lat' dir='ltr'>conjuncti,</span> <span class='ocrx_word' id='word_1_121' title='bbox 1802 1883 1971 1928; x_wconf 84' lang='lat' dir='ltr'>vnani-</span> 
     </span>
     <span class='ocr_line' id='line_1_20' title="bbox 334 1961 1970 2019; baseline -0.002 -11"><span class='ocrx_word' id='word_1_122' title='bbox 334 1963 478 2009; x_wconf 89' lang='lat' dir='ltr'>miter</span> <span class='ocrx_word' id='word_1_123' title='bbox 512 1963 634 2008; x_wconf 84' lang='lat' dir='ltr'>vitia</span> <span class='ocrx_word' id='word_1_124' title='bbox 668 1963 833 2008; x_wconf 90' lang='lat' dir='ltr'>omnia</span> <span class='ocrx_word' id='word_1_125' title='bbox 867 1963 1162 2019; x_wconf 89' lang='lat' dir='ltr'>propellunt,</span> <span class='ocrx_word' id='word_1_126' title='bbox 1199 1971 1302 2007; x_wconf 91' lang='lat' dir='ltr'>tum</span> <span class='ocrx_word' id='word_1_127' title='bbox 1337 1961 1545 2018; x_wconf 91' lang='lat' dir='ltr'>priuatis</span> <span class='ocrx_word' id='word_1_128' title='bbox 1580 1970 1683 2006; x_wconf 88' lang='lat' dir='ltr'>tum</span> <span class='ocrx_word' id='word_1_129' title='bbox 1714 1961 1863 2006; x_wconf 88' lang='lat' dir='ltr'>etiam</span> <span class='ocrx_word' id='word_1_130' title='bbox 1887 1975 1970 2016; x_wconf 93' lang='lat' dir='ltr'>pu-</span> 
     </span>
     <span class='ocr_line' id='line_1_21' title="bbox 335 2037 1968 2097; baseline -0.002 -11"><span class='ocrx_word' id='word_1_131' title='bbox 335 2041 473 2086; x_wconf 79' lang='lat' dir='ltr'>blicis</span> <span class='ocrx_word' id='word_1_132' title='bbox 498 2040 794 2097; x_wconf 88' lang='lat' dir='ltr'>penitentiis,</span> <span class='ocrx_word' id='word_1_133' title='bbox 818 2040 984 2085; x_wconf 81' lang='lat' dir='ltr'>carnis</span> <span class='ocrx_word' id='word_1_134' title='bbox 1009 2039 1429 2085; x_wconf 76' lang='lat' dir='ltr'>macerationibus</span> <span class='ocrx_word' id='word_1_135' title='bbox 1454 2054 1514 2084; x_wconf 92' lang='lat' dir='ltr'>ac</span> <span class='ocrx_word' id='word_1_136' title='bbox 1538 2037 1845 2084; x_wconf 77' lang='lat' dir='ltr'>abstinentiis</span> <span class='ocrx_word' id='word_1_137' title='bbox 1869 2053 1968 2082; x_wconf 90' lang='lat' dir='ltr'>ma-</span> 
     </span>
     <span class='ocr_line' id='line_1_22' title="bbox 335 2115 1966 2173; baseline -0.002 -11"><span class='ocrx_word' id='word_1_138' title='bbox 335 2118 496 2173; x_wconf 71' lang='lat' dir='ltr'>ximis,</span> <span class='ocrx_word' id='word_1_139' title='bbox 524 2117 651 2162; x_wconf 92' lang='lat' dir='ltr'>adeo</span> <span class='ocrx_word' id='word_1_140' title='bbox 676 2127 729 2162; x_wconf 88' lang='lat' dir='ltr'>vt</span> <span class='ocrx_word' id='word_1_141' title='bbox 760 2125 993 2173; x_wconf 81' lang='lat' dir='ltr'>oporteat</span> <span class='ocrx_word' id='word_1_142' title='bbox 1022 2116 1238 2161; x_wconf 83' lang='lat' dir='ltr'>maxime</span> <span class='ocrx_word' id='word_1_143' title='bbox 1273 2115 1491 2161; x_wconf 86' lang='lat' dir='ltr'>solicitos</span> <span class='ocrx_word' id='word_1_144' title='bbox 1524 2130 1633 2160; x_wconf 87' lang='lat' dir='ltr'>esse</span> <span class='ocrx_word' id='word_1_145' title='bbox 1668 2115 1966 2171; x_wconf 78' lang='lat' dir='ltr'>superiores,</span> 
     </span>
     <span class='ocr_line' id='line_1_23' title="bbox 337 2191 1969 2255; baseline -0.003 -14"><span class='ocrx_word' id='word_1_146' title='bbox 337 2204 390 2241; x_wconf 90' lang='lat' dir='ltr'>vt</span> <span class='ocrx_word' id='word_1_147' title='bbox 423 2195 683 2255; x_wconf 71' lang='lat' dir='ltr'>necesaria</span> <span class='ocrx_word' id='word_1_148' title='bbox 715 2194 804 2251; x_wconf 92' lang='lat' dir='ltr'>ipsi</span> <span class='ocrx_word' id='word_1_149' title='bbox 836 2193 1034 2250; x_wconf 86' lang='lat' dir='ltr'>corpori</span> <span class='ocrx_word' id='word_1_150' title='bbox 1059 2194 1265 2238; x_wconf 92' lang='lat' dir='ltr'>obsonia</span> <span class='ocrx_word' id='word_1_151' title='bbox 1290 2193 1565 2246; x_wconf 80' lang='lat' dir='ltr'>desumant,</span> <span class='ocrx_word' id='word_1_152' title='bbox 1593 2192 1669 2237; x_wconf 90' lang='lat' dir='ltr'>cui</span> <span class='ocrx_word' id='word_1_153' title='bbox 1693 2207 1784 2237; x_wconf 92' lang='lat' dir='ltr'>ceu</span> <span class='ocrx_word' id='word_1_154' title='bbox 1809 2191 1969 2236; x_wconf 91' lang='lat' dir='ltr'>dome-</span> 
     </span>
     <span class='ocr_line' id='line_1_24' title="bbox 337 2268 1971 2327; baseline -0.002 -10"><span class='ocrx_word' id='word_1_155' title='bbox 337 2272 460 2317; x_wconf 91' lang='lat' dir='ltr'>stico</span> <span class='ocrx_word' id='word_1_156' title='bbox 486 2271 680 2316; x_wconf 89' lang='lat' dir='ltr'>inimico</span> <span class='ocrx_word' id='word_1_157' title='bbox 703 2271 774 2316; x_wconf 92' lang='lat' dir='ltr'>sic</span> <span class='ocrx_word' id='word_1_158' title='bbox 797 2270 1107 2327; x_wconf 83' lang='lat' dir='ltr'>insidiantur,</span> <span class='ocrx_word' id='word_1_159' title='bbox 1146 2279 1198 2315; x_wconf 88' lang='lat' dir='ltr'>vt</span> <span class='ocrx_word' id='word_1_160' title='bbox 1232 2269 1394 2326; x_wconf 83' lang='lat' dir='ltr'>rigida</span> <span class='ocrx_word' id='word_1_161' title='bbox 1428 2269 1598 2323; x_wconf 89' lang='lat' dir='ltr'>hiems,</span> <span class='ocrx_word' id='word_1_162' title='bbox 1635 2284 1761 2325; x_wconf 91' lang='lat' dir='ltr'>quae</span> <span class='ocrx_word' id='word_1_163' title='bbox 1796 2268 1971 2313; x_wconf 90' lang='lat' dir='ltr'>mirum</span> 
     </span>
     <span class='ocr_line' id='line_1_25' title="bbox 336 2345 1971 2408; baseline -0.002 -15"><span class='ocrx_word' id='word_1_164' title='bbox 336 2348 382 2393; x_wconf 90' lang='lat' dir='ltr'>in</span> <span class='ocrx_word' id='word_1_165' title='bbox 418 2348 612 2393; x_wconf 89' lang='lat' dir='ltr'>modum</span> <span class='ocrx_word' id='word_1_166' title='bbox 645 2347 861 2408; x_wconf 24' lang='lat' dir='ltr'>hisce—in</span> <span class='ocrx_word' id='word_1_167' title='bbox 896 2347 1183 2403; x_wconf 84' lang='lat' dir='ltr'>regionibus</span> <span class='ocrx_word' id='word_1_168' title='bbox 1218 2347 1371 2402; x_wconf 83' lang='lat' dir='ltr'>viget,</span> <span class='ocrx_word' id='word_1_169' title='bbox 1406 2361 1502 2390; x_wconf 90' lang='lat' dir='ltr'>non</span> <span class='ocrx_word' id='word_1_170' title='bbox 1527 2346 1691 2391; x_wconf 82' lang='lat' dir='ltr'>obstet</span> <span class='ocrx_word' id='word_1_171' title='bbox 1714 2345 1971 2401; x_wconf 89' lang='lat' dir='ltr'>quominus</span> 
     </span>
     <span class='ocr_line' id='line_1_26' title="bbox 336 2421 1971 2482; baseline -0.002 -12"><span class='ocrx_word' id='word_1_172' title='bbox 336 2425 543 2482; x_wconf 83' lang='lat' dir='ltr'>singulis</span> <span class='ocrx_word' id='word_1_173' title='bbox 563 2439 759 2481; x_wconf 85' lang='lat' dir='ltr'>quoque</span> <span class='ocrx_word' id='word_1_174' title='bbox 783 2423 1027 2481; x_wconf 84' lang='lat' dir='ltr'>noctibuS,</span> <span class='ocrx_word' id='word_1_175' title='bbox 1051 2423 1200 2468; x_wconf 88' lang='lat' dir='ltr'>etiam</span> <span class='ocrx_word' id='word_1_176' title='bbox 1220 2422 1310 2479; x_wconf 90' lang='lat' dir='ltr'>ipsi</span> <span class='ocrx_word' id='word_1_177' title='bbox 1330 2422 1508 2467; x_wconf 83' lang='lat' dir='ltr'>Patres</span> <span class='ocrx_word' id='word_1_178' title='bbox 1528 2422 1625 2467; x_wconf 90' lang='lat' dir='ltr'>iam</span> <span class='ocrx_word' id='word_1_179' title='bbox 1645 2421 1782 2467; x_wconf 91' lang='lat' dir='ltr'>senio</span> <span class='ocrx_word' id='word_1_180' title='bbox 1806 2421 1971 2466; x_wconf 80' lang='lat' dir='ltr'>confe-</span> 
     </span>
     <span class='ocr_line' id='line_1_27' title="bbox 337 2497 1972 2558; baseline -0.002 -12"><span class='ocrx_word' id='word_1_181' title='bbox 337 2501 417 2557; x_wconf 85' lang='lat' dir='ltr'>cti,</span> <span class='ocrx_word' id='word_1_182' title='bbox 445 2501 603 2558; x_wconf 91' lang='lat' dir='ltr'>ipsum</span> <span class='ocrx_word' id='word_1_183' title='bbox 628 2501 822 2557; x_wconf 91' lang='lat' dir='ltr'>publice</span> <span class='ocrx_word' id='word_1_184' title='bbox 846 2500 893 2545; x_wconf 92' lang='lat' dir='ltr'>in</span> <span class='ocrx_word' id='word_1_185' title='bbox 918 2499 1187 2545; x_wconf 78' lang='lat' dir='ltr'>refectorio</span> <span class='ocrx_word' id='word_1_186' title='bbox 1211 2498 1484 2544; x_wconf 90' lang='lat' dir='ltr'>incredibili</span> <span class='ocrx_word' id='word_1_187' title='bbox 1509 2498 1804 2544; x_wconf 88' lang='lat' dir='ltr'>crudelitate</span> <span class='ocrx_word' id='word_1_188' title='bbox 1828 2497 1972 2543; x_wconf 90' lang='lat' dir='ltr'>casti-</span> 
     </span>
     <span class='ocr_line' id='line_1_28' title="bbox 336 2574 1973 2634; baseline -0.002 -12"><span class='ocrx_word' id='word_1_189' title='bbox 336 2586 469 2634; x_wconf 85' lang='lat' dir='ltr'>gent.</span> <span class='ocrx_word' id='word_1_190' title='bbox 499 2577 753 2622; x_wconf 84' lang='lat' dir='ltr'>Fallacem</span> <span class='ocrx_word' id='word_1_191' title='bbox 779 2577 929 2622; x_wconf 92' lang='lat' dir='ltr'>etiam</span> <span class='ocrx_word' id='word_1_192' title='bbox 954 2576 1186 2622; x_wconf 89' lang='lat' dir='ltr'>mundum</span> <span class='ocrx_word' id='word_1_193' title='bbox 1210 2575 1529 2632; x_wconf 89' lang='lat' dir='ltr'>pauperrimo</span> <span class='ocrx_word' id='word_1_194' title='bbox 1553 2575 1689 2620; x_wconf 85' lang='lat' dir='ltr'>victu</span> <span class='ocrx_word' id='word_1_195' title='bbox 1713 2583 1762 2620; x_wconf 90' lang='lat' dir='ltr'>et</span> <span class='ocrx_word' id='word_1_196' title='bbox 1790 2574 1973 2619; x_wconf 91' lang='lat' dir='ltr'>uestitu</span> 
     </span>
     <span class='ocr_line' id='line_1_29' title="bbox 338 2650 1971 2710; baseline -0.002 -12"><span class='ocrx_word' id='word_1_197' title='bbox 338 2662 485 2710; x_wconf 87' lang='lat' dir='ltr'>atque</span> <span class='ocrx_word' id='word_1_198' title='bbox 524 2669 643 2699; x_wconf 82' lang='lat' dir='ltr'>vera</span> <span class='ocrx_word' id='word_1_199' title='bbox 678 2669 847 2699; x_wconf 89' lang='lat' dir='ltr'>rerum</span> <span class='ocrx_word' id='word_1_200' title='bbox 882 2653 1113 2710; x_wconf 89' lang='lat' dir='ltr'>omniurn,</span> <span class='ocrx_word' id='word_1_201' title='bbox 1151 2652 1299 2698; x_wconf 90' lang='lat' dir='ltr'>etiam</span> <span class='ocrx_word' id='word_1_202' title='bbox 1335 2652 1788 2708; x_wconf 89' lang='lat' dir='ltr'>minutissimarum,</span> <span class='ocrx_word' id='word_1_203' title='bbox 1825 2650 1971 2696; x_wconf 86' lang='lat' dir='ltr'>animi</span> 
     </span>
     <span class='ocr_line' id='line_1_30' title="bbox 337 2728 1971 2788; baseline -0.002 -11"><span class='ocrx_word' id='word_1_204' title='bbox 337 2731 650 2777; x_wconf 86' lang='lat' dir='ltr'>abdicatione</span> <span class='ocrx_word' id='word_1_205' title='bbox 689 2731 779 2777; x_wconf 90' lang='lat' dir='ltr'>sibi</span> <span class='ocrx_word' id='word_1_206' title='bbox 818 2730 936 2788; x_wconf 89' lang='lat' dir='ltr'>ipsis</span> <span class='ocrx_word' id='word_1_207' title='bbox 980 2746 1092 2776; x_wconf 90' lang='lat' dir='ltr'>cum</span> <span class='ocrx_word' id='word_1_208' title='bbox 1138 2729 1295 2775; x_wconf 82' lang='lat' dir='ltr'>Paulo</span> <span class='ocrx_word' id='word_1_209' title='bbox 1339 2728 1651 2786; x_wconf 84' lang='lat' dir='ltr'>crucifigunt.</span> <span class='ocrx_word' id='word_1_210' title='bbox 1700 2728 1971 2785; x_wconf 83' lang='lat' dir='ltr'>Antiquum</span> 
     </span>
     <span class='ocr_line' id='line_1_31' title="bbox 339 2804 1971 2853; baseline -0.002 -1"><span class='ocrx_word' id='word_1_211' title='bbox 339 2816 506 2853; x_wconf 90' lang='lat' dir='ltr'>autem</span> <span class='ocrx_word' id='word_1_212' title='bbox 540 2808 674 2853; x_wconf 84' lang='lat' dir='ltr'>illum</span> <span class='ocrx_word' id='word_1_213' title='bbox 707 2807 1022 2853; x_wconf 84' lang='lat' dir='ltr'>seductorem</span> <span class='ocrx_word' id='word_1_214' title='bbox 1058 2805 1455 2852; x_wconf 83' lang='lat' dir='ltr'>versutissimum</span> <span class='ocrx_word' id='word_1_215' title='bbox 1479 2805 1682 2851; x_wconf 89' lang='lat' dir='ltr'>suismet</span> <span class='ocrx_word' id='word_1_216' title='bbox 1705 2804 1877 2851; x_wconf 90' lang='lat' dir='ltr'>iaculis</span> <span class='ocrx_word' id='word_1_217' title='bbox 1901 2819 1971 2849; x_wconf 91' lang='grc'>56-</span> 
     </span>
    </p>
   </div>
   <div class='ocr_carea' id='block_1_7' title="bbox 387 2954 752 2991">
    <p class='ocr_par' dir='ltr' id='par_1_9' title="bbox 387 2954 752 2991">
     <span class='ocr_line' id='line_1_32' title="bbox 387 2954 752 2991; baseline 0.003 -1"><span class='ocrx_word' id='word_1_218' title='bbox 387 2955 406 2974; x_wconf 78' lang='lat' dir='ltr'>a</span> <span class='ocrx_word' id='word_1_219' title='bbox 457 2954 652 2991; x_wconf 79' lang='lat' dir='ltr'>fratruum</span> <span class='ocrx_word' id='word_1_220' title='bbox 674 2965 752 2991; x_wconf 82' lang='lat' dir='ltr'>ms.</span> 
     </span>
    </p>
   </div>
   <div class='ocr_carea' id='block_1_8' title="bbox 389 3082 1889 3130">
    <p class='ocr_par' dir='ltr' id='par_1_10' title="bbox 389 3082 1889 3130">
     <span class='ocr_line' id='line_1_33' title="bbox 389 3082 1889 3130; baseline -0.001 -9"><span class='ocrx_word' id='word_1_221' title='bbox 389 3087 398 3105; x_wconf 78' lang='lat'>¹</span> <span class='ocrx_word' id='word_1_222' title='bbox 451 3084 513 3121; x_wconf 79' lang='lat' dir='ltr'>Ex</span> <span class='ocrx_word' id='word_1_223' title='bbox 533 3084 717 3130; x_wconf 75' lang='lat' dir='ltr'>exemplo</span> <span class='ocrx_word' id='word_1_224' title='bbox 736 3097 887 3121; x_wconf 83' lang='lat' dir='ltr'>coaevo</span> <span class='ocrx_word' id='word_1_225' title='bbox 906 3084 946 3120; x_wconf 89' lang='lat' dir='ltr'>in</span> <span class='ocrx_word' id='word_1_226' title='bbox 965 3084 1100 3121; x_wconf 87' lang='lat' dir='ltr'>codice</span> <span class='ocrx_word' id='word_1_227' title='bbox 1120 3083 1247 3130; x_wconf 79' lang='lat' dir='ltr'>Hz&#39;sp.</span> <span class='ocrx_word' id='word_1_228' title='bbox 1272 3083 1339 3126; x_wconf 85' lang='lat'>95,</span> <span class='ocrx_word' id='word_1_229' title='bbox 1360 3083 1383 3120; x_wconf 82' lang='lat'>2</span> <span class='ocrx_word' id='word_1_230' title='bbox 1400 3082 1459 3128; x_wconf 81' lang='lat' dir='ltr'>ff.,</span> <span class='ocrx_word' id='word_1_231' title='bbox 1480 3096 1550 3120; x_wconf 90' lang='lat' dir='ltr'>nn.</span> <span class='ocrx_word' id='word_1_232' title='bbox 1573 3083 1603 3127; x_wconf 80' lang='lat'>1,</span> <span class='ocrx_word' id='word_1_233' title='bbox 1624 3082 1658 3129; x_wconf 86' lang='lat'>2;</span> <span class='ocrx_word' id='word_1_234' title='bbox 1679 3083 1790 3130; x_wconf 89' lang='lat' dir='ltr'>prius</span> <span class='ocrx_word' id='word_1_235' title='bbox 1808 3082 1889 3120; x_wconf 65' lang='lat'>247.</span> 
     </span>
    </p>
   </div>
  </div>
 </body>
</html>
