1950 3348
308 230 377 267 346
772 229 990 265 LirrERAE
1017 229 1375 274 QUADRIMESTRES

261 326 421 371 frater
446 328 477 377 1,
505 341 742 381 magnum
768 325 840 369 sui
866 326 1080 381 pectoris
1107 324 1150 369 in
1176 324 1532 380 rempublicam
1556 334 1605 370 et
1638 323 1780 369 fidem
1810 340 1888 369 or-

262 403 532 447 thodoxam
558 412 908 458 argumentum
933 401 1080 446 dedit.
1109 400 1317 445 Decimo
1342 400 1470 445 enim
1502 400 1680 446 abhinc
1699 400 1774 445 die
1793 400 1886 445 ius-

262 480 322 524 sit
344 479 390 523 in
416 479 509 523 hac
534 480 656 523 vrbe
681 478 1025 523 lustrationem
1051 484 1068 504 ²¹
1094 476 1216 533 fieri,
1239 477 1574 534 plurimasque
1598 477 1703 533 ipso
1724 477 1800 522 die
1823 478 1885 522 ad

260 556 421 601 Deum
446 570 620 612 preces
644 554 779 599 fundi
804 553 1009 599 instituit
1035 569 1122 610 pro
1148 553 1403 610 republica
1432 554 1479 598 in
1513 552 1606 598 fide
1639 553 1886 598 continen-

260 633 338 679 da.
382 632 623 677 Dominus
655 631 792 676 Deus
826 646 947 676 suae
979 630 1352 675 misericordiae
1387 630 1540 676 oculis
1573 630 1771 675 tandem
1804 630 1887 675 ali·

262 709 456 766 quando
482 708 762 753 infoelicem
787 706 1113 753 Germaniam
1148 706 1418 764 respicere,
1457 722 1666 763 eamque
1699 707 1746 751 in
1780 707 1888 752 sinu

261 787 435 831 matris
459 785 717 830 Ecclesiae
743 800 987 829 reuocare
1012 794 1060 829 et
1084 800 1113 829 a
1137 784 1318 840 populo
1353 783 1546 839 insonti,
1583 784 1843 841 adhucque
1870 783 1889 811 ¹³

261 863 307 907 in
331 862 424 907 fide
445 861 736 918 praestanti,
759 862 884 906 adeo
905 861 1140 918 pestifera
1161 876 1353 905 venena
1372 860 1666 905 substollere
1686 867 1700 887 C
1722 860 1888 917 digne-

225 1000 228 1003 *
260 949 355 984 tur.
383 938 436 983 In
461 954 521 983 ea
545 946 712 982 autem
738 937 1032 982 lustratione
1057 946 1225 993 presto
1250 937 1451 982 fuerunt
1475 936 1669 993 singula
1693 936 1888 981 canoni-

263 1031 436 1061 corum
461 1014 690 1069 collegia,
719 1014 1024 1071 aequissimi
1047 1014 1290 1060 consules,
1318 1022 1520 1058 senatus
1539 1012 1885 1069 amplissimus,

261 1093 407 1137 turba
433 1091 640 1146 denique
664 1090 909 1135 hominum
936 1090 1112 1146 oppido
1138 1105 1284 1145 quam
1308 1089 1541 1134 maxima.

316 1168 360 1214 8.
427 1167 607 1212 Paucis
651 1177 766 1212 ante
809 1166 1201 1211 hebdomadibus
1245 1181 1357 1210 cum
1396 1166 1720 1211 vszcvem'sset
1757 1165 1791 1222 (¹,
1834 1176 1887 1212 ut

261 1245 616 1301 discipulorum
655 1244 851 1299 quidam
890 1244 1036 1288 letale
1072 1244 1248 1287 vulnus
1287 1243 1580 1299 accepisset,
1618 1259 1642 1287 e
1677 1242 1888 1299 uestigio

259 1331 503 1368 curarunt
526 1322 704 1367 Patres
738 1322 800 1366 ad
835 1336 944 1366 eum
979 1330 1297 1365 sacramenta
1337 1320 1537 1375 deferri,
1575 1320 1668 1365 hoc
1701 1330 1774 1365 est
1812 1335 1888 1387 sa·

260 1415 399 1445 crum
426 1398 610 1444 Christi
635 1414 815 1454 corpus
839 1413 950 1442 cum
977 1408 1204 1442 extrema
1230 1397 1459 1442 vnctione
1483 1412 1643 1442 sacra.
1666 1396 1888 1454 Cumque

262 1477 580 1523 deferrentur
603 1476 668 1520 D.
697 1490 880 1531 regens
901 1482 932 1527 θ,
960 1474 1099 1519 simul
1119 1484 1168 1520 et
1186 1474 1382 1531 collegii
1402 1474 1557 1519 nostri
1577 1474 1889 1530 professores

261 1570 371 1601 cum
396 1553 614 1599 maximo
639 1552 1011 1599 adolescentum
1036 1562 1285 1597 conuentu
1305 1552 1367 1596 ad
1386 1550 1542 1596 saucii
1563 1552 1760 1596 domum
1779 1560 1891 1596 sunt

262 1631 534 1687 congressi.
563 1630 734 1686 Neque
760 1642 883 1673 vero
918 1628 1053 1684 prius
1088 1640 1403 1674 recesserunt
1438 1644 1585 1685 quam
1620 1627 1780 1672 denuo
1816 1642 1888 1673 es·
1921 1650 1923 1653 ⁴

261 1720 369 1755 sent
393 1709 438 1754 in
464 1707 754 1764 parochiam
779 1707 959 1751 delata.
988 1706 1147 1751 Porro
1171 1706 1359 1751 factum
1384 1706 1499 1751 illud
1519 1706 1649 1762 pium
1670 1704 1890 1750 homines

262 1788 309 1832 in
328 1785 705 1831 admirationem
728 1784 906 1839 rapuit:
931 1784 1077 1828 immo
1101 1798 1442 1841 vnaqzmeqzle
1464 1782 1474 1810 f
1496 1783 1669 1828 domus
1692 1792 1891 1828 nostros

263 1862 518 1920 spectandi
543 1861 727 1918 gratia,
756 1862 955 1906 turbam
981 1861 1129 1905 etiam
1155 1870 1203 1906 et
1228 1860 1442 1906 officium
1468 1876 1593 1917 erga
1624 1859 1889 1917 aegritudi-

262 1957 323 1986 ne
348 1940 562 1985 affectos
583 1947 616 1993 g,
644 1939 866 1983 homines
889 1943 1179 1995 spectatum
1205 1938 1479 1983 emittebat.
1507 1938 1781 1983 Praeterea
1812 1936 1891 1982 alii
1914 1996 1919 2005 .

264 2017 446 2063 nostris
491 2032 543 2062 se
584 2016 937 2072 adiungebant,
981 2016 1061 2060 alii
1102 2015 1358 2072 lampades
1396 2015 1796 2071 praemittebant,
1843 2024 1892 2058 ut

264 2095 413 2140 etiam
437 2094 600 2150 aliquo
626 2093 771 2137 modo
796 2108 937 2138 suum
964 2093 1251 2149 obsequium
1276 2093 1384 2137 Deo
1409 2101 1739 2148 praestarent.

356 2171 694 2228 [Onn‘ttnntm
732 2170 909 2227 aliqua
948 2185 1080 2227 qnae
1106 2171 1229 2228 jam
1269 2170 1406 2214 dicta
1439 2173 1561 2214 sunt
1588 2174 1716 2226 pag.
1755 2167 1890 2225 299,

266 2263 315 2294 71.
348 2247 458 2305 la]

322 2324 365 2370 9.
433 2323 807 2369 Concionantur
841 2323 905 2367 M.
934 2322 1179 2368 Henricus
1214 2334 1260 2367 et
1293 2323 1359 2367 D.
1387 2321 1404 2349 ¹¹
1431 2337 1628 2378 regens,
1654 2336 1813 2378 neque
1845 2321 1892 2367 id

265 2401 317 2448 fit
340 2402 443 2447 sine
469 2400 765 2445 animormn
801 2399 807 2425 i
833 2399 1054 2444 foenore.

354 2478 495 2523 Tuae
519 2477 852 2522 Reverendae
877 2476 928 2521 P.
957 2492 1047 2521 nos
1071 2476 1318 2521 humiliter
1342 2477 1744 2522 commendamus
1765 2490 1890 2521 eam-

265 2571 359 2612 que
384 2569 641 2611 rogamus,
667 2563 720 2598 ut
743 2553 789 2598 in
814 2553 916 2598 suis
940 2553 1248 2598 orationibus
1277 2563 1326 2598 et
1350 2553 1608 2599 sacrificiis
1641 2552 1797 2598 nostri
1820 2566 1893 2597 re-

267 2632 508 2677 cordetur
527 2631 550 2676 1.
581 2630 821 2676 Coloniae
848 2630 975 2676 1557.
1003 2630 1168 2676 Pridie
1194 2631 1285 2676 cal.
1313 2629 1648 2687 Septembres.

314 2759 331 2778 ³
373 2752 439 2787 vel
459 2750 772 2797 processionem.
826 2749 891 2776 -b
925 2755 964 2786 et
984 2750 1125 2786 adhuc.
1179 2756 1194 2777 C
1227 2749 1515 2795 sub1noue[re].
1570 2749 1635 2776 -ᾱ
1667 2749 1911 2786 accidisset..

267 2817 329 2838 -e
367 2810 412 2846 P.
430 2810 608 2856 Joannes
627 2804 814 2846 Rethius.
866 2808 924 2835 —f
960 2809 1162 2856 singulae.
1218 2817 1282 2844 —g
1320 2809 1493 2845 videndi.
1547 2808 1612 2835 —h
1638 2808 1683 2845 P.
1736 2807 1792 2835 -ῑ
1819 2807 1892 2855 spi-

266 2869 416 2906 rituali.
470 2869 525 2902 -i
554 2869 605 2905 sit
624 2882 791 2905 memor.

314 2972 324 2990 ¹
376 2970 582 3006 Antonius
611 2984 634 3006 a
660 2969 971 3016 Schauenburg,
1000 2970 1114 3017 eujus
1140 2968 1268 3006 frater
1295 2974 1335 3006 et
1361 2968 1652 3016 praedecessor
1677 2955 1921 3016 Adolphus'„

267 3030 527 3076 praecedenti
547 3043 653 3066 anno
672 3042 906 3076 supremum
926 3029 1031 3065 diem
1051 3028 1220 3066 obierat.
1884 3038 1886 3041 ·
