1909 3328
214 184 284 221 692
682 183 901 222 LITTERAE
927 184 1283 229 QUADRIMESTRES

169 280 516 338 prehenderet,
559 295 762 326 causam
803 281 1032 339 odorata,
1070 291 1118 326 et
1152 281 1298 338 (quae
1333 280 1553 326 mulieris
1587 290 1698 326 erat
1722 281 1802 337 pia

168 357 450 414 prudentia>
476 357 754 414 intelligens
785 358 1027 403 neminem
1063 358 1131 404 ita
1164 358 1385 403 futurum
1420 373 1541 403 suae
1574 357 1804 403 innocen-

169 435 265 480 tiae
290 444 447 479 tutum
473 443 755 492 patronum,
783 444 930 491 atque
956 435 1116 480 Deum
1139 434 1315 492 ipsum,
1344 451 1486 492 quem
1513 451 1662 480 vnum
1699 450 1804 480 cre-

169 512 319 557 debat
343 511 464 557 satis
488 527 597 557 esse
621 521 760 557 tanto
786 512 858 557 sui
883 513 1110 570 coniugis
1134 512 1326 558 uulneri
1350 512 1589 569 curando,
1624 512 1804 557 marito

169 590 344 646 quibus
369 589 526 646 potuit
553 591 709 635 modis
733 600 781 635 et
808 591 1005 647 quantis
1039 590 1198 647 potuit
1231 589 1674 647 efflagitationibus
1698 605 1806 646 per-

169 668 384 713 suadere
408 668 675 725 nitebatur,
705 678 758 713 ut
782 668 844 713 ad
864 684 953 713 nos
973 669 1240 714 commissa
1259 668 1465 714 crimina
1484 667 1807 713 confessurus

171 746 379 791 ueniret.
408 746 638 792 Accessit
663 746 862 791 tandem
887 755 1066 791 coactu
1092 746 1326 800 mulieris,
1357 745 1553 802 aperuit
1576 753 1802 801 peccata,

172 832 221 869 et
244 823 312 868 ita
337 823 380 868 ei
407 822 531 868 lucis
555 822 782 868 internae
807 822 1004 869 diuinae
1029 823 1226 879 gratiae
1252 822 1420 868 radius
1439 821 1615 879 illuxit,
1643 830 1694 866 ut
1712 836 1807 866 non

171 901 332 946 solum
357 916 504 957 quam
534 901 753 946 habebat
788 900 1120 957 suspicionem
1155 901 1441 957 deponeret,
1476 915 1668 945 summo
1698 913 1809 943 cum

173 978 248 1023 sui
272 977 462 1023 erroris
486 977 692 1034 pudore,
731 986 779 1023 et
803 978 848 1023 in
884 977 1104 1034 gratiam
1130 977 1389 1034 pristinam
1413 992 1526 1022 cum
1550 992 1709 1022 uxore
1734 991 1807 1021 re-

173 1055 317 1112 diret,
344 1055 429 1100 sed
454 1055 575 1100 mire
595 1055 685 1100 fuit
704 1055 768 1100 ad
787 1054 1152 1112 frequentanda
1172 1063 1491 1100 sacramenta
1509 1063 1806 1111 commotus,

174 1133 237 1178 ad
263 1148 390 1190 quae
413 1140 430 1160 ²³
458 1141 511 1177 ut
535 1132 581 1177 in
612 1133 874 1189 plurimum
910 1134 1058 1179 ambo
1094 1132 1333 1189 coniuges
1367 1133 1504 1178 simul
1542 1130 1804 1187 accedunt,

174 1211 302 1267 quod
328 1210 477 1256 ctiam
502 1220 575 1256 est
600 1210 665 1255 illi
689 1209 1023 1255 firmissimum
1049 1219 1401 1267 argumentum
1426 1209 1488 1255 ad
1518 1209 1804 1266 scrupulum

175 1288 305 1333 hunc
329 1288 525 1333 omnino
550 1304 613 1333 ex
636 1288 801 1333 animo
832 1288 1158 1333 euellendum.
1182 1288 1247 1333 Et
1271 1288 1384 1333 licet
1419 1288 1584 1333 diuina
1614 1286 1810 1332 bonitas

175 1366 239 1411 ad
262 1365 466 1411 maioris
490 1365 651 1411 meriti
681 1375 1004 1422 augmentum
1040 1365 1269 1411 daemoni
1304 1365 1573 1423 permittat,
1611 1374 1663 1410 ut
1696 1380 1809 1410 eun-

179 1443 290 1488 dem
316 1442 518 1500 antiquo
542 1458 679 1487 more
704 1442 980 1499 adoriatur,
1007 1458 1068 1488 ac
1092 1443 1266 1488 eodem
1297 1443 1531 1499 scrupulo
1564 1441 1811 1488 hominem

176 1520 393 1566 stimulet
417 1535 478 1565 ac
502 1528 706 1576 pungat,
734 1535 844 1565 cum
870 1529 1035 1566 tamen
1065 1520 1311 1578 intelligat
1345 1520 1410 1565 nil
1445 1520 1490 1565 in
1525 1520 1619 1566 hac
1652 1519 1810 1564 solici-

176 1598 342 1644 tudine
367 1598 734 1654 probabilitatis
758 1614 882 1654 esse,
910 1599 995 1644 sed
1021 1614 1130 1644 esse
1155 1614 1345 1644 meram
1371 1597 1625 1644 daemonis
1658 1602 1811 1643 tenta-

175 1675 374 1733 tionem,
416 1675 651 1720 facillime
691 1691 743 1720 se
782 1675 876 1720 Dei
920 1675 1104 1721 auxilio
1144 1677 1208 1722 ab
1247 1692 1307 1722 ea
1347 1675 1518 1721 eximit
1536 1675 1580 1721 b.
1615 1674 1813 1733 [Unum

179 1753 477 1809 exemplum
501 1753 824 1810 onsszz'ttz‘mus]

233 1830 276 1876 6.
345 1829 576 1887 Quantus
603 1829 666 1876 sit
689 1830 901 1875 aliorum
926 1831 1197 1889 profectUS,
1225 1847 1349 1888 quos
1382 1831 1429 1877 in
1465 1829 1812 1877 communioni-

177 1908 268 1953 bus
291 1906 580 1963 frequentes
605 1923 715 1952 esse
739 1907 855 1966 dixi,
882 1909 960 1953 uel
984 1908 1101 1964 ipsis
1125 1908 1550 1954 obtrectatoribus
1569 1916 1644 1954 est
1663 1908 1813 1953 mani-

179 1985 376 2041 festum,
405 1985 617 2030 acrescit
641 1984 689 2030 in
713 1985 816 2030 dies
839 1985 886 2030 in
911 1985 980 2031 eis
1004 1986 1260 2043 diligentia
1293 1986 1340 2032 in
1375 1986 1523 2032 animi
1553 1986 1813 2042 perturba-

180 2062 396 2108 tionibus
421 2062 752 2120 corrigendis,
780 2071 828 2107 et
852 2062 899 2107 in
922 2063 1264 2119 comparanda
1288 2064 1465 2109 maiori
1488 2063 1622 2109 uitae
1656 2063 1813 2120 perfe-

181 2140 342 2185 ctione
367 2149 442 2186 est
464 2140 727 2186 solicitudo
750 2141 924 2198 maior,
952 2157 1048 2197 quo
1071 2141 1218 2188 facile
1242 2142 1514 2199 meliusque
1538 2141 1705 2187 uerbis
1739 2156 1814 2186 re·
1865 2198 1867 2201 Ι

181 2216 357 2262 fellunt
380 2233 553 2263 eorum
579 2218 882 2264 obiectiones
909 2224 942 2274 ⁶,
971 2218 1049 2275 qui
1074 2234 1323 2276 nunquam
1347 2219 1577 2265 desinunt
1605 2234 1707 2276 eos,
1735 2219 1815 2276 qui

183 2304 385 2341 sanctos
409 2311 576 2341 mores
598 2304 871 2353 sectantur,
898 2297 1175 2342 maledictis
1200 2306 1248 2342 et
1277 2297 1446 2354 probis
1479 2297 1730 2354 insectari,
1768 2305 1816 2342 et

184 2374 248 2418 ab
271 2373 344 2430 iis,
372 2389 500 2430 quae
525 2373 755 2419 Christus
779 2383 827 2419 et
851 2375 1008 2420 sancti
1032 2384 1219 2433 patres,
1247 2375 1392 2420 immo
1430 2390 1599 2420 omnes
1625 2374 1704 2431 qui
1740 2390 1815 2420 re-

184 2459 262 2496 cte
287 2451 498 2507 sapiunt,
526 2460 701 2508 aperte
724 2452 959 2508 suadent,
977 2452 1167 2498 animos
1190 2453 1442 2498 hominum
1466 2467 1701 2498 auocare.

195 2562 198 2565 »
246 2529 287 2574 7.
354 2528 620 2574 Lectiones
651 2529 908 2575 doctrinae
943 2530 1262 2587 christianae,
1296 2530 1356 2575 de
1391 2530 1565 2587 quibus
1600 2545 1688 2586 per
1721 2529 1815 2585 epi-

188 2606 366 2650 stolam
407 2605 555 2650 aliam
588 2606 778 2663 scripsi,
821 2622 909 2663 per
948 2616 1104 2652 totum
1144 2616 1337 2663 tempus
1371 2606 1816 2663 quadragessimae

187 2683 447 2739 durarunt3
484 2698 581 2727 non
605 2691 771 2728 tamen
797 2683 937 2729 fuere
967 2683 1320 2741 diuturniores,
1347 2695 1449 2729 tum
1472 2684 1535 2729 ob
1559 2682 1672 2729 anni
1696 2691 1816 2728 tem-

185 2774 275 2814 pus
300 2759 655 2815 grauissimum
679 2769 727 2805 et
758 2760 934 2805 nimios
965 2760 1084 2806 solis
1117 2761 1343 2819 ardores,
1381 2772 1485 2806 turn
1520 2760 1668 2806 etiam
1704 2760 1817 2817 quia

231 2950 249 2970 ὃ
293 2947 334 2979 at
352 2955 431 2990 que
451 2955 531 2981 ms.
586 2944 651 2971 -b
688 2943 826 2981 Prius
843 2957 867 2981 a
884 2956 929 2980 se
948 2943 1028 2980 Dei
1043 2943 1194 2981 auxilio
1216 2957 1307 2981 eam
1323 2944 1476 2982 eximit.
1531 2951 1593 2972 —C
1628 2943 1815 2982 Emend.

188 3013 238 3040 ex
257 3002 561 3041 obiectionibus.
