2054 3530
398 309 444 345 2¹2
866 313 1084 350 errmmm
1112 316 1204 359 Qua
1213 325 1468 351 DRIMESTRES

352 406 505 450 mines
539 407 715 451 insani
746 412 793 451 et
825 409 968 453 omni
995 410 1196 454 malitia
1232 410 1543 454 snuetemtia
1567 420 1765 456 nostros
1799 427 1978 467 pueros

350 498 499 538 saepe
538 502 563 527 e
603 483 771 528 schola
811 484 1009 529 domum
1049 486 1311 531 redeuntes
1351 487 1636 543 obseruant,
1679 497 1727 531 et
1760 503 1976 532 nonnun-

351 574 495 615 quam
523 559 973 615 pollicitationibus,
1002 561 1245 607 interdum
1271 562 1418 607 etiam
1445 562 1584 607 minis
1617 572 1664 607 et
1689 562 1975 618 impudenti-

351 637 438 680 bus
464 636 733 689 calumniis,
761 638 936 694 quibus
960 639 1222 696 collegium
1249 648 1469 684 nostrum
1494 639 1608 695 ipsis
1634 640 1844 684 inuisum
1870 641 1975 685 red-

350 713 482 767 dant,
510 714 819 770 adoriuntur,
847 731 942 772 quo
967 731 996 760 a
1021 717 1160 761 nobis
1185 717 1461 762 alienentur
1490 725 1591 761 tam
1614 715 1631 743 b
1661 716 1799 772 pueri
1832 732 1977 773 quam

351 806 616 846 puerorum
651 792 906 847 parentes?
938 792 1027 837 His
1064 792 1203 849 plura
1234 809 1293 838 ac
1317 794 1510 839 maiora
1533 803 1735 839 nostrae
1759 793 1974 846 scholae,

349 867 434 911 sed
459 868 623 912 omnia
647 867 838 913 frustra
866 869 1132 915 moliuntur
1157 872 1187 915 ¹.
1216 870 1327 926 Quo
1352 870 1478 915 enim
1503 870 1662 926 magis
1684 871 1772 927 piis
1793 869 1977 916 Christi

350 944 535 999 coeptis
559 944 624 989 illi
649 945 908 1002 obsistunt,
936 961 995 991 eo
1020 945 1248 992 Christus
1272 947 1496 992 dominus
1521 947 1677 992 maius
1702 947 1787 992 dat
1817 947 1972 992 incre-

350 1030 583 1077 mentum,
621 1031 769 1078 atque
804 1023 1013 1068 mirabili
1048 1038 1138 1068 sua
1172 1024 1481 1080 prouidentia
1515 1024 1638 1069 haec
1662 1023 1811 1069 etiam
1835 1024 1975 1069 nobis

349 1096 564 1142 aduersa
588 1098 634 1143 in
659 1100 839 1144 bonum
870 1104 1118 1155 Operatur
1142 1107 1173 1155 ⁶,
1201 1100 1315 1145 dum
1339 1101 1449 1145 hinc
1472 1100 1700 1145 nimirum
1725 1109 1773 1145 et
1802 1116 1890 1145 nos
1915 1100 1976 1145 ad

351 1175 589 1220 maiorem
621 1176 924 1232 diligentiam
959 1177 1339 1234 inflammamur,
1377 1186 1425 1223 et
1460 1177 1621 1222 studia
1655 1186 1827 1223 nostra
1861 1177 1978 1222 uiris

350 1251 487 1297 bonis
511 1253 835 1311 optatissima,
864 1254 971 1299 aliis
996 1270 1116 1299 uero
1142 1254 1221 1311 qui
1246 1255 1419 1300 mentis
1444 1255 1615 1300 oculos
1639 1254 1853 1299 nondum
1879 1270 1975 1299 om-

349 1329 461 1375 nino
486 1339 688 1387 apertos
712 1330 909 1388 habent,
938 1332 1173 1387 paulatim
1198 1333 1426 1389 gratiora
1452 1331 1627 1376 reddit.
1657 1332 1719 1376 Et
1753 1331 1846 1376 hoc
1880 1346 1975 1376 non

350 1406 614 1453 difficulter
638 1409 717 1453 uel
742 1408 852 1454 hinc
870 1409 1296 1465 deprehendimus,
1319 1409 1447 1466 quod
1472 1409 1561 1465 ipsi
1586 1409 1732 1453 etiam
1758 1409 1977 1454 hussitae

350 1483 473 1529 filios
497 1500 611 1530 suos
636 1485 682 1530 in
706 1485 877 1530 schola
908 1495 1080 1531 nostra
1113 1486 1219 1542 plus
1254 1501 1349 1530 uno
1387 1501 1570 1542 mense,
1608 1502 1754 1542 quam
1789 1486 1834 1531 in
1869 1486 1978 1531 aliis

349 1570 463 1607 ante
488 1562 718 1607 continuo
742 1562 954 1619 biennio,
982 1563 1252 1619 profecisse
1272 1563 1400 1608 ultro
1420 1572 1716 1620 agnoscunt,
1734 1564 1976 1621 profiten-

347 1643 433 1684 tur
454 1643 501 1684 et
523 1640 801 1696 magnifice
822 1639 840 1665 ‘¹
865 1640 1171 1696 praedicant.
1200 1640 1302 1685 Imo
1334 1640 1597 1696 leporibus,
1625 1640 1802 1697 ceruis,
1840 1640 1975 1697 apris

347 1731 452 1771 nos,
479 1724 527 1761 et
550 1715 715 1761 nescio
740 1716 913 1772 quibus
938 1716 1045 1761 aliis
1070 1717 1355 1762 muneribus
1388 1717 1467 1772 (id
1496 1716 1795 1774 quodfesto
1829 1717 1974 1762 Nati-

350 1794 528 1839 uitatis
550 1794 1176 1852 potissimmnfecerunt),
1203 1810 1262 1839 ne
1286 1793 1469 1850 ingrati
1495 1794 1774 1850 uideantur,
1797 1793 1975 1839 inuitos

347 1871 563 1916 obruunt
587 1886 647 1916 ac
672 1871 910 1927 recipere,
937 1871 975 1915 si
1009 1886 1104 1915 non
1140 1879 1189 1916 ut
1224 1886 1445 1927 munera,
1483 1886 1571 1916 seu
1606 1870 1971 1928 retributiones,

347 1949 522 1993 saltem
548 1957 599 1993 ut
623 1948 949 1993 eleemosinas
973 1956 1174 2004 cogunt.

395 2023 437 2070 5.
490 2024 617 2070 Hinc
635 2025 783 2069 etiam
803 2023 1031 2069 accidere
1051 2024 1291 2080 suspicor,
1315 2034 1366 2069 ut
1386 2024 1522 2069 multi
1542 2024 1815 2081 magnifici
1833 2023 1974 2080 regni

348 2101 489 2146 huius
513 2103 727 2147 barones
751 2117 867 2146 suos
892 2100 1030 2157 filios,
1058 2117 1155 2146 non
1186 2101 1332 2146 modo
1364 2101 1408 2146 in
1440 2101 1636 2148 scholas
1664 2107 1694 2155 e,
1728 2101 1814 2146 sed
1846 2109 1894 2146 et
1928 2100 1972 2145 in

348 2183 607 2235 expensas
650 2182 856 2223 nostras
899 2177 1210 2223 conuictores
1249 2177 1482 2228 offerant,
1525 2186 1573 2223 et
1606 2194 1701 2235 quo
1740 2177 1839 2223 uoti
1878 2177 1974 2223 sint

347 2264 614 2312 compotes,
657 2271 745 2300 nos
785 2255 999 2311 quotidie
1039 2259 1297 2310 moneant,
1335 2255 1597 2309 solicitent,
1636 2264 1684 2300 et
1716 2255 1892 2299 mirum
1926 2255 1972 2300 in

346 2333 541 2377 modum
565 2341 796 2388 urgeant,
825 2332 951 2388 quod
976 2332 1038 2377 ad
1064 2348 1175 2377 eum
1202 2332 1396 2377 modum
1421 2341 1470 2377 et
1493 2331 1735 2388 pueritiae
1759 2331 1971 2377 bohemi-

346 2424 452 2465 cae,
479 2417 528 2453 et
551 2408 705 2453 nostri
731 2409 879 2453 etiam
904 2408 1100 2464 collegii
1125 2408 1375 2454 successui
1400 2408 1674 2464 peroptime
1693 2407 1971 2453 consultum

348 2494 533 2542 putent.

404 2562 447 2606 6.-
514 2561 617 2606 Nos
641 2571 807 2606 tamen
831 2562 1070 2607 hactenus
1090 2577 1276 2619 paucos
1296 2561 1457 2606 adhuc
1475 2560 1769 2617 recepimus,
1791 2560 1970 2616 partim

348 2639 476 2695 quod
500 2637 765 2695 collegium
792 2639 903 2684 [stis
928 2639 1078 2683 Velms
1100 2638 1111 2664 f
1140 2639 1354 2683 nondum
1379 2638 1499 2683 satis
1532 2637 1594 2682 sit
1627 2636 1970 2682 accommoda-

347 2724 466 2771 tum,
505 2715 682 2772 partim
718 2730 839 2760 uero
874 2715 1003 2772 quod
1037 2730 1224 2769 omnes,
1263 2715 1341 2771 qui
1375 2729 1504 2760 nunc
1538 2713 1615 2759 hic
1647 2728 1831 2768 sumus,
1864 2713 1971 2759 aliis

394 2874 411 2895 a
460 2867 500 2903 in
519 2868 600 2904 suis
616 2868 819 2904 erroribus
839 2868 1056 2905 obcaecati.
1110 2867 1175 2895 —b
1209 2867 1393 2904 Emend.
1416 2878 1466 2903 ex
1485 2871 1536 2903 et.
1592 2872 1654 2893 —c
1673 2865 1884 2902 conuertit.

395 2927 414 2954 d
463 2932 513 2964 et.
569 2934 630 2954 —e
651 2927 921 2963 scholasticos.
984 2926 1032 2953 -f
1058 2927 1107 2963 ad
1126 2927 1175 2963 id.

395 3064 406 3084 ¹
461 3063 580 3100 Hisce
601 3068 640 3099 et
659 3063 919 3110 sequentibus
938 3063 1094 3100 nunciis
1113 3075 1209 3099 usus
1227 3062 1349 3099 fuisse
1370 3062 1528 3099 videtur
1546 3061 1778 3106 POLANCUS,
1799 3060 1967 3105 Chrou„

271 3142 280 3151 -ι
348 3123 422 3165 VI,
442 3123 524 3166 373,
545 3122 626 3159 374.
