1900 3380
443 314 822 351 PBL—PLACENTIA
849 314 894 349 27
922 314 1170 349 DEc‘lfiiillzRIs
1205 315 1291 348 1357
1562 314 1631 349 450

47 410 328 456 stimonium
362 409 421 454 de
456 409 652 465 publica
688 409 935 454 moestitia
970 408 1185 453 ciuitatis
1222 410 1369 453 totius
1394 409 1679 465 addidisset,

47 502 193 543 quam
228 495 441 531 testatus
476 495 550 530 est
582 486 742 541 magis
779 484 992 530 doluisse
1027 485 1292 530 orbitatem
1328 501 1483 535 suam,
1512 484 1681 530 Salina

47 563 294 617 defuncto,
322 578 469 618 quam
495 571 705 607 mortem
730 562 881 618 ipsius
907 561 1143 606 Caesaris
1169 563 1384 606 dolitura
1410 563 1678 607 videretur.

46 640 327 685 Postremus
352 639 470 685 obiit
493 639 545 684 P.
576 638 816 684 Caruaial
843 641 873 693 ¹,
903 640 980 695 qui
1005 654 1118 683 cum
1144 641 1294 684 semel
1328 640 1679 694 conualuisset,

45 718 218 762 domus
252 716 476 762 aedificio
517 717 819 773 praefectus,
858 717 1034 761 iterum
1070 717 1236 772 lapsus
1272 725 1360 761 est.
1400 715 1588 761 Omitto
1627 716 1677 761 P.

52 794 378 839 Villanueuae
412 803 460 838 et
493 794 547 838 P.
576 793 709 838 Petri
743 793 969 839 Sanchez
994 794 1009 817 ²²
1033 793 1337 849 antiquiores
1372 808 1535 844 casus,
1564 809 1678 848 quo-

45 888 153 917 rum
177 872 253 916 hic
278 870 553 916 dominicae
578 871 960 916 resurrectionis
984 880 1226 926 tempore,
1250 870 1327 915 ille
1348 886 1469 915 Vere
1496 870 1679 915 intran-

44 959 90 995 te
114 949 347 994 defuncti:
377 950 435 994 de
471 950 527 994 iis
560 947 659 1005 jam
697 949 882 1005 pridem
917 958 968 993 tu
1002 948 1218 993 noueris,
1248 948 1399 993 Certe
1435 948 1582 1004 (quod
1618 948 1677 993 de

44 1026 268 1072 omnibus
293 1026 550 1093 affirmare
576 1026 857 1082 possumus)
883 1042 978 1071 non
1009 1025 1207 1082 inglorii
1232 1041 1257 1070 e
1282 1025 1408 1070 uiuis
1442 1025 1679 1070 discesse-

43 1113 170 1149 runt:
200 1103 348 1159 quiin
378 1094 523 1148 vinea
557 1102 755 1147 Domini
791 1103 858 1148 ita
895 1103 1102 1147 viriliter
1137 1113 1349 1158 egerunt
1381 1118 1438 1147 ac
1472 1103 1676 1147 desuda-

43 1189 169 1231 runt,
193 1190 245 1225 ut
270 1195 442 1224 eorum
468 1180 659 1235 aliquos
684 1196 745 1224 ex
770 1195 828 1223 eo
853 1178 1094 1224 defecisse
1119 1179 1356 1224 credibile
1386 1179 1541 1223 videri
1568 1195 1674 1235 pos-

42 1258 117 1303 sit.
156 1257 266 1302 Hoc
303 1257 448 1301 modo
482 1257 732 1301 funestam
778 1256 975 1301 domum
1022 1257 1328 1312 reliquerant
1368 1257 1575 1301 aestatis
1610 1257 1677 1301 in-

42 1335 212 1387 iuriae,
240 1350 351 1378 cum
378 1349 571 1378 summa
597 1334 791 1378 bonitas
816 1344 1055 1378 autumno
1079 1331 1179 1389 jam
1204 1343 1463 1378 crescente
1499 1333 1676 1378 iterum

41 1411 271 1469 probauit
295 1427 497 1456 suorum
533 1411 687 1455 corda
722 1411 867 1467 graui
904 1410 1117 1467 quadam
1142 1426 1202 1455 ac
1227 1410 1573 1455 molestissima
1610 1410 1675 1466 pi-

41 1489 180 1545 tuita,
209 1504 335 1544 quae
361 1488 423 1532 ad
448 1504 597 1533 unum
623 1503 792 1532 omnes
816 1487 1013 1533 inuasit.
1041 1487 1184 1532 Tunc
1209 1487 1403 1544 quidem
1430 1487 1599 1532 videre
1625 1488 1676 1531 li-

41 1566 137 1612 cuit
162 1575 397 1623 quantum
422 1575 526 1610 tota
551 1566 764 1623 pendeat
788 1581 813 1610 e
849 1565 1012 1610 diuina
1037 1565 1259 1621 potentia
1283 1565 1499 1609 humana
1525 1565 1675 1610 imbe-

41 1643 230 1689 cillitas.
255 1642 351 1699 Qui
377 1643 501 1688 alios
526 1652 674 1688 antea
699 1658 789 1688 sua
814 1658 970 1699 opera
994 1652 1042 1687 et
1067 1642 1340 1687 ministerio
1365 1642 1511 1687 etiam
1537 1658 1677 1698 pere-

40 1720 208 1777 grinos
248 1719 506 1778 juuabant‚
548 1719 610 1764 ad
649 1720 724 1765 sui
763 1735 937 1764 curam
972 1720 1161 1764 alienos
1200 1735 1466 1764 accersere
1510 1719 1674 1764 coacti

39 1806 166 1854 sunt⁷
189 1797 466 1854 acciditque
485 1806 601 1842 ante
626 1797 672 1841 id
697 1796 971 1852 consilium,
994 1806 1047 1842 ut
1067 1796 1257 1842 visente
1278 1796 1470 1841 medico
1495 1812 1676 1852 aegro-

40 1882 130 1931 tOS,
157 1890 298 1919 nemo
334 1883 472 1919 stans
505 1874 829 1929 inueniretur,
857 1874 937 1931 qui
960 1873 1206 1918 hominem
1242 1873 1512 1918 deduceret
1547 1874 1677 1918 exci-

39 1962 273 2008 peretque
307 1951 434 1996 illius
468 1952 718 1997 salutares
754 1951 1147 2007 praeceptiones3
1186 1950 1446 2007 abiretque
1486 1951 1554 1996 ita
1595 1966 1678 1996 res

39 2028 127 2074 nisi
150 2045 212 2074 ex
233 2027 512 2086 jacentibus
536 2044 662 2074 unus
686 2038 936 2085 surgeret,
964 2029 1044 2085 qui
1070 2038 1118 2073 et
1142 2044 1233 2074 sua
1268 2038 1317 2073 et
1351 2027 1566 2073 aliorum
1593 2043 1674 2073 cu-

26 2115 191 2167 taret.

97 2181 138 2229 2.
204 2182 386 2227 Totum
412 2183 506 2228 hoc
530 2191 725 2238 tempus
759 2182 992 2227 miserum
1016 2182 1150 2251 aspia
1175 2195 1313 2227 cura*
1332 2182 1675 2239 proximorum

40 2271 286 2305 cessatum
311 2270 385 2305 est
416 2276 510 2305 non
547 2261 650 2305 sine
685 2276 869 2317 magna
904 2276 1079 2305 eorum
1114 2260 1568 2317 commiseratione,
1596 2259 1675 2316 qui

41 2337 377 2394 spiritualibus
412 2338 691 2383 animarum
727 2337 1163 2382 commoditatibus
1198 2337 1459 2382 ducuntur.
1498 2336 1676 2382 Studia

0 2431 3 2460 ῑ
40 2414 154 2460 item
178 2415 359 2471 partim
385 2416 553 2460 calore
577 2415 724 2460 nimio
743 2416 999 2471 temporis,
1021 2415 1202 2471 partim
1227 2414 1563 2459 studiosorum
1593 2430 1674 2459 va-

41 2491 250 2537 letudine
284 2493 602 2548 languerunt.
630 2491 1005 2537 praeterierant
1038 2507 1187 2548 quam
1212 2492 1379 2547 plures
1414 2491 1518 2536 dies
1544 2507 1574 2536 a
1598 2507 1673 2536 so-

41 2568 166 2614 lenni
199 2569 279 2614 illo
315 2569 602 2626 auspicandi
638 2584 745 2614 rem
780 2568 1073 2624 lsterariam,
1113 2579 1320 2625 eratque
1359 2568 1523 2613 adhuc
1557 2577 1675 2613 ante

0 2659 2 2679 ⁵
41 2646 298 2702 gymnasia
332 2646 557 2700 solitudo;
595 2647 752 2691 donec
785 2655 896 2702 post
929 2645 1110 2691 festum
1135 2645 1351 2690 omnium
1386 2654 1674 2690 sanctorum

0 2738 5 2767 τ
41 2720 223 2768 initium
247 2723 434 2769 factum
465 2732 539 2768 est
573 2739 602 2768 a
635 2723 833 2780 publica
866 2723 1093 2768 oratione
1130 2723 1175 2768 in
1212 2722 1409 2767 laudem
1443 2722 1673 2768 scientia-

42 2814 148 2844 rum
172 2800 357 2853 habsta,
385 2801 448 2846 ad
472 2817 617 2857 quam
652 2801 790 2846 vrbis
824 2801 1053 2846 nobilitas
1088 2810 1136 2845 et
1170 2800 1305 2845 ciues
1328 2800 1409 2845 alii
1442 2800 1670 2857 frequen-

41 2884 114 2921 tes
142 2887 497 2923 conuenerunt.
526 2877 603 2922 Ex
637 2893 696 2922 eo
730 2878 932 2923 feruere
966 2877 1129 2922 omnia
1163 2877 1403 2933 paulatim
1438 2892 1669 2934 coepere.

88 3075 98 3094 ¹
130 3072 245 3112 ¹Ibid.

87 3132 100 3152 ²
148 3133 246 3171 Ibid.
268 3140 308 3171 et
326 3147 419 3182 pag.
440 3134 522 3172 225.
