1900 3380
450 290 786 328 124.—C0RDUBA
813 291 853 327 31
888 291 1129 327 DEcsManis
1161 292 1247 327 1557
1546 292 1614 328 469

36 389 79 434 in
102 387 236 433 uiros
260 387 431 431 doctos
457 401 699 431 euasuros
724 386 1007 430 coniectare
1034 386 1195 435 liceat,
1223 387 1260 431 si
1288 396 1337 431 ut
1369 396 1656 443 coeperunt,

35 478 243 522 pergere
283 462 552 511 instituant3
597 477 682 507 nec
730 462 787 506 de
834 461 1050 506 moribus
1095 471 1168 506 est
1209 463 1377 507 ultima
1418 464 1656 519 quaestio,

36 540 163 586 nullo
200 538 325 584 enim
368 538 524 583 ferme
564 539 762 594 negotio
798 538 1029 583 admoniti
1069 538 1375 594 resipiscunt,
1414 556 1562 595 seque
1597 540 1656 584 ad

35 617 282 663 meliorem
307 615 504 671 frugem
530 624 840 667 conue1·tunt;
870 615 994 659 adeo
1021 625 1070 659 ut
1095 631 1204 659 cum
1231 616 1364 660 multi
1398 616 1544 672 (quod
1582 617 1656 661 uel

35 702 288 753 parentum
325 692 540 741 diuitiae,
584 693 658 736 uel
701 693 899 746 generis
939 693 1168 748 splendor
1208 694 1540 747 permittebat)
1582 710 1656 738 ne-

0 788 1 825 }
34 772 131 818 scio
156 787 251 827 qua
277 770 683 820 uestimentorum
712 770 889 821 forma,
917 786 1044 826 quae
1069 785 1177 814 cum
1204 770 1346 814 liuius
1370 771 1570 815 scholae
1598 771 1655 815 le

34 849 173 907 gibus
197 863 421 904 pugnare
449 847 726 897 uidebatur,
755 847 1039 892 incederent
1070 847 1237 901 induti,
1277 848 1357 893 uix
1393 848 1537 892 semel
1576 857 1659 892 aut

0 957 1 988 ᾗ
36 927 206 972 iterum
231 924 480 975 admoniti,
510 924 726 969 uestibus
750 940 801 969 se
837 924 1063 970 exuerint
1100 925 1261 969 libenti
1298 925 1478 979 animo,
1516 925 1656 969 hone-

34 1004 305 1059 stioresque
337 1002 648 1056 sumpserint.

91 1080 130 1125 2.
196 1079 335 1124 Nunc
371 1079 432 1124 ad
469 1079 740 1135 peculiaria
774 1079 1088 1124 descendam.
1126 1078 1343 1123 Primum
1378 1095 1485 1124 sese
1510 1080 1660 1125 offert

35 1167 269 1216 patronus
313 1166 482 1201 noster
527 1156 855 1202 nobilissimus
891 1156 1101 1201 Ioannes
1148 1158 1176 1207 ¹.
1225 1157 1300 1202 cui
1346 1157 1660 1213 episcopatus

34 1233 352 1282 cordubensis
396 1233 647 1289 negotium
693 1249 853 1290 omne,
900 1243 1009 1290 post
1048 1234 1286 1290 Leopoldi
1321 1235 1588 1280 discessum
1626 1236 1656 1287 2,

35 1313 183 1359 ferme
208 1311 474 1356 iniunctum
501 1320 590 1367 est,
620 1311 852 1356 Patribus
876 1311 1057 1357 nostris
1081 1311 1400 1357 suadentibus
1436 1312 1559 1357 adeo
1594 1312 1658 1357 di-

35 1391 239 1448 ligenter
263 1406 321 1435 ac
346 1389 422 1446 pie
446 1389 593 1446 gerit,
621 1399 672 1434 ut
693 1406 791 1434 vna
815 1389 1029 1434 omnium
1055 1404 1178 1435 uoce
1203 1390 1265 1434 ad
1290 1390 1480 1435 coelum
1506 1406 1660 1447 usque

35 1457 316 1513 extollatur.
364 1466 443 1512 Ad
489 1467 696 1512 eandem
744 1482 846 1512 rem
892 1466 1098 1512 contulit
1146 1467 1407 1524 plurimum
1459 1469 1660 1514 morbus

35 1552 296 1602 peracutus
334 1559 425 1600 quo
460 1553 724 1600 correptus
758 1553 848 1598 est,
885 1544 1012 1590 uncle
1046 1545 1169 1597 bene
1200 1545 1374 1590 doctus
1399 1546 1563 1591 omnia
1598 1547 1659 1591 ad

34 1636 243 1677 unguem
284 1620 390 1666 fieri
430 1620 695 1673 desiderat,
739 1630 887 1678 atque
927 1621 971 1667 id
1007 1637 1158 1678 opere
1192 1615 1443 1679 complere
1479 1623 1657 1680 studet,

34 1713 126 1743 non
149 1707 316 1754 spreto
342 1697 548 1743 Patrum
574 1698 618 1743 in
640 1699 865 1744 omnibus
890 1698 1109 1755 consilio,
1138 1700 1266 1756 quod
1291 1700 1412 1745 tanti
1437 1700 1572 1757 facit,
1611 1710 1661 1746 ut

35 1775 272 1820 existimet
296 1775 341 1820 id
368 1791 516 1820 unum
542 1791 650 1821 esse
676 1776 806 1832 quod
830 1777 1044 1821 maxime
1069 1776 1260 1822 deceat.
1296 1777 1349 1822 In
1385 1777 1660 1823 dominicae

35 1851 300 1898 natiuitatis
325 1853 586 1909 peruigilio
610 1853 826 1898 studiose
856 1853 1065 1910 curauit,
1104 1863 1156 1899 ut
1189 1854 1235 1899 in
1270 1855 1486 1912 capitulo
1521 1856 1661 1901 huius

34 1929 187 1975 almae
211 1930 453 1976 ecclesiae
479 1930 670 1976 coactis
693 1930 1023 1976 beneficiariis
1048 1947 1172 1977 unus
1197 1948 1259 1977 ex
1284 1932 1516 1979 Patribus
1550 1950 1659 1979 con-

34 2006 218 2053 cionem
241 2008 465 2059 haberet,
496 2008 623 2060 unde
648 2008 863 2054 resilisse
887 2010 1188 2067 coniicimus,
1216 2019 1269 2055 ut
1292 2010 1368 2056 die
1393 2011 1661 2057 natiuitatis

34 2099 197 2130 omnes
236 2101 332 2131 vna
371 2086 433 2131 ad
471 2097 845 2131 sacrosanctam
885 2087 1112 2143 synaxim
1149 2087 1403 2133 vnanimes
1437 2104 1660 2134 accesse-

35 2161 140 2219 rint,
181 2163 313 2227 quod·
348 2163 588 2209 hactenus
627 2174 830 2220 propter
869 2165 1213 2211 contentiones
1258 2166 1512 2212 rarissime
1557 2166 1662 2212 fieri

35 2240 301 2286 consueuit.

41 2341 51 2357 ι
88 2316 131 2362 3.
195 2317 318 2363 Illud
343 2334 452 2364 esse
476 2319 678 2375 dignum
704 2319 858 2365 literis
882 2320 1039 2366 uisum
1075 2330 1164 2366 est:
1201 2321 1397 2368 Ioannis
1431 2338 1460 2367 a
1496 2322 1657 2380 Uega‚

36 2393 152 2450 regii
191 2396 377 2441 consilii
417 2396 659 2453 praesidis
704 2397 991 2454 dignissimi,
1040 2397 1181 2455 filius,
1229 2399 1309 2455 qui
1351 2400 1569 2445 moribus
1615 2412 1661 2445 et

35 2469 131 2516 uita
154 2482 410 2529 parentem
435 2473 606 2530 refert,
633 2474 727 2520 hac
751 2475 1075 2531 praeteriens,
1109 2485 1161 2521 ut
1195 2491 1320 2533 erga
1354 2475 1658 2523 Societatem

36 2546 300 2596 beneuolus
324 2560 413 2609 est,
444 2567 532 2597 nos
557 2552 722 2597 statim
759 2553 937 2599 inuisit.
975 2554 1120 2600 Hunc
1154 2554 1365 2611 hospitio
1399 2564 1660 2612 exceptum

35 2639 64 2670 a
84 2626 230 2672 nobili
253 2627 453 2685 Ioanne,
482 2629 696 2674 tertiana
720 2628 874 2675 febris
898 2631 1150 2688 corripuit,
1190 2647 1316 2688 quae
1346 2633 1526 2677 multos
1560 2633 1662 2679 dies

35 2699 275 2748 hominem
299 2705 521 2761 uexauit,
545 2706 622 2762 qui
642 2715 759 2752 tunc
778 2707 971 2753 demum
990 2723 1148 2765 aequo
1171 2708 1335 2753 animo
1360 2709 1657 2766 patiebatur,

36 2791 140 2824 cum
179 2781 407 2827 comitem
446 2782 655 2828 haberet
693 2783 783 2829 sibi
822 2783 1023 2830 Patrem
1062 2785 1274 2842 aliquem
1308 2794 1394 2831 aut
1433 2785 1659 2844 fratrem,

80 2921 90 2941 ¹
135 2921 314 2968 joannes
332 2924 381 2961 de
402 2923 604 2971 Cordoba;
627 2926 717 2962 vide
737 2939 872 2974 supra,
894 2941 985 2974 pag.
1008 2928 1089 2969 360,
1112 2932 1247 2964 annot,
1272 2928 1302 2964 1.

80 2979 93 3000 ²
142 2980 328 3030 Episcopi
361 2983 540 3021 defuncti
575 2998 721 3022 nomen
757 2987 903 3023 omittit
939 2988 1169 3033 exemplum
1206 2988 1434 3034 hispanum.
1480 2989 1661 3026 Functus

37 3044 169 3077 autem
187 3041 270 3078 vita
289 3047 350 3079 est
369 3042 601 3091 Leopoldus
620 3045 669 3082 de
688 3045 861 3082 Austria
880 3046 943 3082 die
962 3046 1007 3082 27
1026 3045 1278 3093 Septembris
1299 3047 1416 3096 hujus
1436 3049 1529 3085 anni
1558 3050 1659 3086 1557.

39 3095 136 3135 VAN
154 3098 485 3148 GULIK—EUBEL,
506 3103 771 3141 Hz'erarchia
793 3105 1003 3142 catholica
1026 3105 1164 3142 medii
1179 3107 1289 3160 clevi,
1310 3106 1378 3151 ΙΙΙ,
1402 3107 1479 3145 194.
