2054 3530
322 327 421 353 xvni
790 316 1007 352 LITTERAE
1034 315 1386 361 QUADRIMESTRES

277 421 430 469 tenga
469 412 515 456 la
550 411 817 456 medesima
846 410 1023 468 forma,
1050 427 1103 456 se
1128 403 1219 456 non
1261 411 1299 456 si
1338 411 1505 456 auessi
1544 411 1741 457 licentia
1771 411 1902 458 dalla
1932 392 1937 399 ²

279 499 438 547 parte,
475 489 565 534 che
600 489 757 534 allora
792 505 886 534 non
917 489 959 534 ci
984 489 1118 534 saria
1151 489 1218 534 tal
1258 488 1501 545 pericolo»
1530 490 1560 534 ¹.
1591 488 1715 534 Cum
1742 499 1905 535 autem

213 570 222 578 '
280 582 409 611 anno
457 565 570 611 1560
612 565 876 611 universae
926 564 1027 622 jam
1072 564 1311 611 Societati
1357 581 1576 611 summus
1620 566 1906 611 moderator

281 652 553 699 praeesset,
590 642 858 699 Hispaniae
898 642 1284 699 provincialibus
1324 643 1447 688 haec
1485 643 1695 700 scripsit:
1733 643 1908 689 «Estos

282 721 386 766 dias
410 736 462 766 se
487 720 629 765 enbio
663 721 710 764 la
745 719 906 765 forma
931 720 1007 764 del
1032 720 1223 765 screuir
1247 720 1305 765 de
1333 720 1459 765 cada
1483 720 1756 776 prouincia.
1785 720 1908 766 Des-

282 802 402 853 pues
426 800 519 843 aca
543 813 595 843 se
615 797 805 842 0111666
830 797 1085 842 0663551011
1112 797 1171 842 (16
1196 797 1530 842 61160111611(131·
1555 785 1911 854 enparticular

282 891 346 920 un
371 883 520 931 punto
540 890 632 931 que
656 889 713 919 en
736 875 782 919 la
802 874 943 918 dicha
967 873 1132 919 forma
1155 890 1207 919 se
1231 883 1363 931 toca,
1389 892 1421 931 y
1445 890 1497 919 es
1525 890 1616 931 que
1640 890 1692 920 se
1717 875 1912 921 escriua

284 952 344 998 de
368 953 440 997 las
460 967 604 997 cosas
622 951 681 997 (16
700 950 1003 1007 edificacion,
1026 960 1109 996 tan
1135 952 1206 996 sin
1232 951 1469 1009 perjuizio
1489 953 1566 998 (161
1585 961 1797 1010 secreto,
1819 969 1912 1009 que

286 1045 338 1075 se
355 1029 489 1085 haga
508 1040 701 1084 cuenta,
725 1043 817 1085 que
838 1029 1100 1084 leye'ndose
1121 1044 1179 1073 en
1199 1029 1246 1074 la
1265 1044 1454 1075 mesma
1473 1029 1627 1075 tierra
1646 1030 1720 1075 las
1739 1031 1908 1087 letras,

286 1122 348 1151 no
387 1106 547 1163 pueda
587 1121 834 1163 quexarse
873 1120 965 1150 con
999 1106 1152 1150 razon
1191 1106 1409 1163 ninguno
1433 1107 1493 1152 de
1518 1123 1609 1164 que
1632 1123 1719 1153 sea
1743 1108 1912 1153 descu-

289 1184 449 1230 bierto
478 1184 629 1240 algun
655 1183 851 1227 defecto
876 1198 1024 1239 suyo»
1052 1184 1083 1228 ⁴2.
1532 1222 1540 1231 ,

377 1261 520 1317 Quae
544 1260 675 1305 dicta
698 1259 1057 1317 prudentissimi
1084 1260 1352 1305 conditoris
1375 1260 1554 1318 Ignatii
1579 1270 1627 1306 et
1661 1262 1914 1319 sapientis-

289 1339 396 1384 simi
436 1337 596 1403 Lainii
635 1346 687 1381 ut
725 1337 1077 1393 compleamus,
1115 1353 1174 1381 cn
1213 1353 1338 1394 quae
1377 1338 1420 1383 in
1462 1339 1785 1385 instructione
1824 1356 1914 1396 pro

227 1474 231 1478 ¹
289 1414 560 1460 scribendis
584 1414 758 1459 litteris
782 1413 972 1469 annuis,
1000 1429 1129 1458 anno
1157 1414 1283 1469 1594,
1308 1416 1458 1460 multo
1477 1416 1628 1472 igitur
1646 1427 1754 1473 post
1773 1416 1915 1474 Igna-

291 1493 343 1538 tii
366 1491 623 1548 L'ainiique
645 1502 886 1547 tempora.
908 1490 1151 1555 'Claudius
1185 1492 1454 1549 Aquaviva
1488 1495 1756 1550 praecepit:
1797 1496 1919 1541 «Ca-

293 1570 503 1615 vendum
528 1577 693 1613 autem
719 1577 832 1612 ante
857 1568 1019 1612 omnia
1054 1568 1331 1626 diligenter,
1370 1578 1421 1614 ut
1455 1585 1582 1626 quae
1616 1570 1678 1616 ad
1714 1570 1918 1616 Confes-

293 1647 442 1692 sionis
467 1644 847 1690 Sacramentum
871 1654 1113 1701 spectant,
1140 1645 1273 1690 nulla
1294 1646 1487 1691 ratione
1511 1646 1557 1691 in
1582 1647 1653 1692 his
1679 1648 1920 1705 capitibus

295 1723 621 1779 attingantur;
650 1720 1038 1777 omittanturque
1062 1721 1285 1767 similiter
1309 1737 1437 1778 quae
1462 1723 1560 1768 alia
1579 1725 1753 1780 quavis
1772 1727 1921 1771 ratio-

295 1816 355 1846 ne
379 1808 623 1845 secretum
649 1799 901 1855 postulant
924 1806 972 1843 et
996 1813 1056 1842 ex
1081 1814 1290 1854 quarum
1316 1800 1604 1846 narratione
1629 1800 1734 1847 iure
1768 1802 1921 1848 011611·

297 1877 342 1923 di
367 1871 823 1935 quisquam‘possit»
852 1875 883 1919 3.

386 1954 526 1999 Haec
549 1953 630 1998 illi.
658 1952 857 2009 Quanto
882 1953 928 1997 id
952 1948 1360 2009 magis'omnibus
1389 1954 1738 2013 inculcassent,
1775 1956 1814 2002 si
1850 1973 1923 2003 re-

301 2031 583 2077 centissima
628 2029 1049 2087 Congregationis
1092 2028 1263 2076 Sancti
1303 2030 1465 2077 Officii
1500 2033 1686 2079 monita
1724 2035 1925 2080 saeculo

300 2110 381 2155 1110
406 2117 549 2173 sexto
574 2107 762 2152 decimo
787 2106 1073 2163 viguissent!
1107 2107 1211 2153 Nos
1244 2108 1412 2166 igitur,
1449 2110 1523 2155 his
1556 2111 1752 2157 monitis
1786 2113 1923 2158 obse-

302 2195 523 2243 quentes,
549 2184 828 2240 singulares
851 2184 959 2228 illos
983 2199 1130 2229 casus
1155 2184 1200 2229 in
1220 2174 1328 2230 =hac
1360 2187 1795 2242 quadrimestrium
1830 2190 1925 2234 col-

302 2263 512 2309 lectione
536 2261 976 2319 praetermisimus,
1004 2261 1147 2318 idque
1171 2277 1230 2307 eo
1251 2262 1496 2321 libentius,
1523 2265 1654 2321 quod
1673 2281 1734 2312 ex
1754 2282 1926 2312 narra-

303 2341 515 2387 tionibus
548 2339 641 2384 illis
674 2354 848 2395 parum
881 2338 1097 2384 historiis
1131 2339 1313 2384 nostris
1347 2350 1434 2386 aut
1468 2341 1583 2387 nihil
1616 2342 1811 2388 luminis
1849 2359 1928 2389 36-

304 2417 448 2463 cedit.

394 2492 484 2538 His
507 2492 566 2537 de
591 2492 752 2538 causis
774 2508 1034 2548 speramus
1058 2509 1251 2552 quoque
1274 2495 1383 2541 fore
1413 2506 1465 2542 ut
1499 2496 1928 2543 Monumentorum

309 2571 520 2615 lectores
554 2569 865 2614 omissionem
899 2570 1026 2615 hanc
1059 2572 1172 2617 boni
1206 2573 1483 2631 consulant,
1521 2589 1666 2630 quam
1701 2574 1851 2620 etiam
1885 2575 1931 2621 in

307 2662 457 2704 opere
502 2646 760 2692 clarissimi
799 2646 999 2706 Josephi
1039 2647 1244 2695 Hansen
1289 2650 1604 2696 lezez'm'sche
1641 2651 1802 2697 Aleten
1828 2652 1936 2710 fiir

311 2724 608 2770 Gesclv‘clzte
631 2724 724 2768 der
746 2722 1086 2782 Gesellsclzczft
1107 2725 1239 2782 sesu
1270 2742 1419 2783 saepe
1449 2727 1722 2773 invenimus
1755 2729 1932 2785 proba-

307 2817 528 2858 musque.

360 3016 369 3035 ¹
422 3014 576 3052 Laim'z'
592 3013 800 3061 Monam„
821 3015 870 3060 II,
891 3015 972 3053 646.

359 3075 372 3094 2
422 3063 611 3119 1b1d.,·v“,
631 3073 689 3111 36.

359 3135 373 3155 ³
426 3133 683 3171 [nstitutum
704 3134 927 3172 societatis
940 3135 1065 3182 Jesu,
1085 3135 1154 3183 III,
1176 3149 1268 3184 pag.
1287 3137 1344 3174 43.
