2043 3467
382 284 429 321 70
849 282 1070 319 LITTERAE
1096 281 1451 327 QUADRIMESTRES

334 378 596 424 rethoricis
633 384 650 404 ⁸
681 376 1002 422 orationibus:
1045 376 1244 422 habitae
1283 385 1394 422 sunt
1433 377 1644 423 diuersis
1684 378 1871 435 diebus,
1898 386 1963 427 ret

334 455 462 500 aliae
487 463 590 499 tres
615 469 643 498 a
667 453 949 498 domesticis
974 452 1214 498 {ratribus
1239 452 1447 510 publice.

393 530 434 576 7.
502 529 749 575 Futurum
773 528 1062 574 confidimus
1086 529 1498 575 scholasticorum
1517 545 1774 576 numerum
1794 530 1840 575 in
1860 530 1964 576 dies

333 606 495 664 magis
519 621 579 651 ac
599 605 759 662 magis
785 605 1149 661 ampliandum
1172 605 1191 632 b
1215 606 1295 651 ubi
1319 614 1605 651 nostrorum
1624 606 1878 663 profectus
1902 607 1972 652 ab*

334 683 442 728 aliis
481 682 717 739 cognosci
757 682 994 738 coeperit.
1038 681 1401 739 Omnipotentis
1446 682 1539 728 Dei
1584 683 1779 729 bonitas
1823 683 1962 729 nobis

333 760 559 806 omnibus
590 774 790 804 manum
825 759 1199 806 misericordiae
1233 760 1477 817 porrigat,
1516 761 1832 817 gratiamque
1867 776 1964 817 qua

333 836 549 882 diuinam
573 852 713 881 suam
738 838 1045 882 uoluntatem
1070 836 1375 893 impleamus,
1414 837 1553 882 nobis
1588 837 1763 894 largiri
1799 837 1962 895 digne-

331 923 428 959 tur.
459 913 612 971 Quod
633 918 689 958 nt
711 913 925 969 implere
951 913 1238 971 ualeamus,
1275 914 1323 960 T.
1353 915 1412 959 P.
1441 915 1707 959 humiliter
1723 915 1965 971 depreca-

332 1004 452 1035 mur
474 1004 590 1035 cmn
614 990 831 1035 caeteris
853 989 1100 1035 Patribus
1120 990 1458 1048 fatrz'bnsqzte
1492 991 1679 1036 ibidem
1713 992 1963 1037 manenti-

331 1067 439 1123 bus,
468 1067 570 1111 Dei
592 1067 916 1112 clementiam
935 1071 1033 1123 pro
1058 1067 1153 1112 isto
1182 1068 1403 1123 pnssillo
1433 1082 1601 1125 grege
1635 1068 1964 1124 interpellare

332 1157 433 1188 non
469 1157 687 1199 caesses,
726 1147 781 1188 ln*
815 1144 1073 1201 unigeniti
1103 1143 1230 1189 Filii
1261 1145 1346 1189 sni
1383 1145 1622 1202 uestigiis
1655 1145 1899 1190 insistens
1933 1159 1964 1190 (z

332 1224 466 1265 recto
520 1221 891 1266 mandatorum
943 1234 1159 1266 suornm
1206 1222 1413 1266 tramite
1462 1236 1552 1266 nec
1601 1226 1964 1268 transuersum

333 1296 540 1353 quidem
580 1311 811 1353 unguem
851 1296 1100 1353 deflectat.
1144 1297 1327 1342 Datum
1367 1297 1549 1355 Burgis
1589 1298 1780 1344 decimo
1820 1308 1964 1344 sexto

335 1373 570 1419 calendas
594 1374 878 1419 februarias
906 1374 1032 1419 1557.

424 1450 503 1496 Ex
527 1451 821 1497 comissione
846 1451 956 1496 Rdi.
984 1451 1037 1496 P.
1064 1451 1125 1496 R.
1154 1453 1185 1496 ¹.

424 1526 481 1572 T.
510 1527 561 1572 P.
587 1527 815 1584 indignus
838 1542 1031 1585 seruus,

1210 1599 1474 1644 ANTONIUS
1510 1599 1717 1644 TORRES
1751 1601 1781 1645 2.

422 1692 713 1749 Inscriptio.
742 1700 770 1748 †
793 1693 858 1738 Al
883 1709 1000 1749 muy
1023 1692 1148 1738 Rdo.
1179 1710 1236 1738 en
1261 1693 1351 1739 X.0
1377 1694 1453 1739 Re
1475 1704 1695 1751 nuestro‚
1722 1695 1766 1740 el
1800 1695 1962 1742 Padre

336 1779 557 1814 maestro
582 1770 784 1827 Lainez‚
808 1770 999 1815 vicario
1025 1770 1083 1815 de
1102 1770 1149 1815 la
1170 1770 1447 1827 Compafiia
1467 1771 1526 1816 de
1544 1771 1682 1816 Iesus
1700 1787 1759 1817 en
1779 1772 1960 1819 Roma.

423 1846 601 1904 Sigilli
620 1847 916 1904 vestigium.

378 2019 395 2039 a
420 2012 642 2048 rhetoricis.
699 2012 762 2039 —-b
787 2012 1032 2058 augendum.

379 2169 388 2187 ¹
442 2167 483 2204 P.
506 2166 668 2214 Gaspar
686 2168 734 2203 de
755 2166 963 2203 Azebedo.

378 2226 390 2245 2
440 2226 485 2262 In
504 2227 691 2272 catalogo
709 2226 872 2272 collegii
893 2226 1164 2262 vallisoletani
1184 2228 1408 2274 subscripto
1427 2228 1491 2265 die
1513 2229 1527 2264 1
1545 2228 1730 2275 Januarii
1749 2230 1843 2266 anni
1870 2229 1967 2267 1566*

332 2286 386 2330 (in
417 2286 553 2322 codice
589 2286 697 2323 Cast.
732 2285 796 2329 13,
830 2285 897 2322 fol.
930 2286 990 2331 44)
1022 2286 1121 2322 haec
1154 2287 1360 2333 leguntur,
1394 2300 1498 2334 quae
1531 2288 1579 2325 de
1615 2289 1733 2336 hujus
1764 2289 1960 2335 epistolae

330 2350 494 2381 auctore
515 2345 691 2392 intelligi
711 2345 911 2381 videntur:
937 2344 1008 2381 «El
1027 2345 1095 2382 Re
1116 2345 1297 2383 Antonio
1316 2347 1364 2383 de
1385 2347 1533 2384 Torres
1553 2361 1575 2384 a
1595 2360 1672 2394 que
1701 2353 1816 2384 enti-o
1844 2362 1894 2386 en
1921 2350 1961 2386 la

331 2403 557 2451 Compafu'a
575 2404 597 2440 9
616 2410 713 2441 anos
732 2418 757 2452 y
780 2405 821 2440 10
840 2417 984 2448 meseS,
1005 2419 1029 2452 y
1049 2405 1149 2441 siete
1175 2411 1273 2442 anos
1291 2420 1316 2453 y
1337 2406 1466 2443 medio
1486 2420 1563 2453 que
1585 2407 1671 2444 hizo
1691 2413 1815 2445 votos.
1838 2408 1892 2445 Es
1911 2409 1959 2446 de

329 2462 510 2500 Guimiel
533 2463 724 2509 [Gumiel]
747 2463 795 2500 de
815 2463 946 2506 Yzz'm,
968 2464 1158 2511 obispado
1178 2465 1225 2501 de
1247 2464 1384 2502 Osma.
1406 2465 1541 2502 Antes
1560 2467 1609 2503 de
1638 2472 1777 2504 entrar
1804 2480 1874 2504 era
1902 2481 1960 2505 es-

328 2522 509 2559 tudiante
529 2523 683 2565 artista,
704 2536 730 2570 y
749 2526 842 2559 avia
860 2523 961 2570 oydo
981 2529 1063 2560 tres
1083 2528 1180 2560 anos
1199 2524 1247 2560 de
1274 2525 1400 2570 leyes.
1428 2525 1617 2572 Despues
1644 2526 1693 2563 de
1722 2527 1890 2564 entrado
1916 2540 1959 2564 se

329 2581 479 2617 ordeno
506 2582 554 2618 de
583 2582 697 2618 todas
723 2582 907 2624 ordenes,
940 2596 965 2629 y
997 2583 1114 2629 leydo
1141 2583 1163 2618 7
1194 2588 1292 2620 anos
1322 2596 1347 2630 y
1379 2584 1509 2620 medio
1537 2585 1585 2621 de
1609 2585 1847 2631 gramatica.
1871 2585 1959 2634 Oye

329 2653 456 2687 agora
475 2642 513 2678 el
532 2654 648 2678 curso
667 2642 715 2678 de
735 2642 953 2688 theologia,
975 2643 1014 2678 el
1039 2641 1097 2678 3.0
1123 2648 1214 2686 ano,
1242 2656 1267 2689 y
1296 2643 1460 2689 predica
1486 2656 1511 2691 y
1538 2644 1726 2682 confiesa.
1756 2644 1812 2682 Es
1839 2646 1887 2683 de
1913 2646 1966 2683 30-

328 2704 426 2736 afios
443 2713 469 2747 y
487 2700 556 2736 dos
576 2713 743 2737 meses.»
766 2700 885 2738 Unde
905 2701 1133 2748 colligimus
1153 2701 1267 2738 illum
1287 2702 1452 2739 ineunte
1471 2716 1577 2740 anno
1598 2703 1689 2740 1556
1708 2703 1956 2742 Societatem

329 2759 558 2805 ingressum
578 2759 713 2796 fuisse.
