1900 3380
463 305 782 345 93.—PAN0RMO
812 306 854 342 12
881 305 1142 343 §aerumnam
1172 306 1261 342 1537
1559 307 1630 343 360

831 534 907 585 93

386 640 697 700 JOANNES
732 640 887 686 BTA.
926 639 1336 686 CARMINATA

502 747 699 772 PANORMO
728 736 771 772 12
796 746 1050 772 SEPTEMBRIS
1081 736 1170 772 15:37
1198 737 1222 772 ¹.

48 823 78 858 1.
108 820 174 858 De
190 820 312 857 verbs
329 819 475 856 divini
490 819 822 865 praedlcatt'one
841 823 877 856 el
905 822 1291 856 sacramentormn
1309 819 1678 865 frequentatione.

118 881 152 917 2.
185 880 297 917 Odia
320 882 544 922 restincta:
562 880 793 916 charitalis
811 879 958 926 officia
978 880 1296 925 praestita—3.
1326 880 1394 916 De
1411 880 1681 916 scholastico

120 952 218 978 ram
239 939 724 977 exercitationibus.04.
757 940 1014 986 Desoamze
1031 951 1057 976 a
1081 939 1230 983 Cema,
1249 944 1441 986 p701¹ege.

112 1026 149 1070 1.
215 1028 240 1077 †
274 1024 380 1069 Pax
417 1024 531 1081 Xpi.
570 1023 936 1082 [Diffunditur
967 1025 1019 1069 in
1064 1024 1386 1080 exponendis
1427 1024 1687 1069 scribendi

53 1102 226 1148 causis
259 1116 392 1159 quae
430 1101 607 1146 onmia
646 1101 831 1146 delevit
868 1101 1133 1146 Polanczsts
1171 1115 1391 1159 qnorum
1426 1101 1531 1147 loco
1569 1102 1680 1147 siln-

51 1181 157 1226 lnm
188 1180 390 1236 posuit:
418 1179 679 1236 Quaedam
716 1195 779 1224 ex
803 1179 979 1225 litteris
1003 1179 1450 1236 quadrimestribus
1474 1179 1681 1236 panhor-

53 1256 223 1303 mitani
248 1257 460 1314 collegii,
488 1255 766 1313 Septembri
791 1272 960 1301 mense
996 1257 1107 1303 1557
1140 1256 1377 1314 scriptis]
1412 1256 1534 1302 Illud
1565 1273 1685 1313 prae

52 1334 233 1381 ceteris
267 1334 525 1380 dicendum
562 1323 797 1390 occurrit,
837 1334 966 1391 quod
1002 1350 1096 1379 non
1130 1335 1276 1380 modo
1311 1335 1438 1380 Rda.
1466 1335 1553 1380 Pa.
1582 1344 1684 1389 tua,

53 1413 136 1458 sed
165 1412 328 1470 (qnod
358 1412 534 1457 mains
566 1412 663 1469 est)
697 1412 906 1468 ipsemet
939 1412 1078 1458 Deus
1112 1429 1140 1458 a
1174 1413 1315 1458 nobis
1345 1412 1561 1470 quotidie
1586 1426 1685 1457 mm

54 1491 308 1547 postulare
353 1490 503 1535 modo
546 1490 641 1534 sed
680 1494 701 1515 a
743 1489 1028 1547 efflagitare
1068 1490 1280 1544 uidetur,
1324 1507 1420 1547 quo
1460 1490 1687 1536 nimirum

57 1568 215 1613 studio
252 1568 295 1612 in
332 1567 505 1613 animis
542 1567 604 1613 ad
638 1583 813 1613 uerum
847 1577 1101 1624 pastorem
1136 1568 1432 1614 reducendis
1467 1577 1685 1613 utamur.

57 1645 165 1691 Hoc
204 1660 328 1701 ergo
369 1645 508 1701 scito,
552 1661 647 1690 non
683 1645 829 1690 modo
863 1645 926 1690 ad
960 1645 1226 1691 conciones
1262 1646 1434 1691 diebus
1468 1644 1606 1690 festis
1640 1645 1687 1690 in

57 1731 227 1768 nostro
251 1723 434 1779 templo
464 1723 660 1768 habitas
694 1723 876 1768 multos
910 1723 1181 1781 confluere,
1208 1724 1294 1769 sed
1331 1723 1391 1768 ad
1427 1723 1687 1768 lectionem

57 1816 248 1857 quoque
286 1800 346 1845 D.
385 1800 541 1853 Pauli,
580 1816 707 1857 quae
747 1801 953 1858 singulis
984 1801 1156 1847 diebus
1191 1801 1389 1847 ueneris
1423 1802 1617 1857 publice
1659 1815 1689 1845 (l

57 1882 227 1923 nostro
262 1878 622 1923 concionatore
656 1878 937 1936 exponitur,
976 1879 1141 1934 immo,
1180 1879 1273 1924 hoc
1309 1879 1458 1924 etiam
1491 1879 1688 1930 addam,

57 1970 315 2000 numerum
334 1971 523 2011 eorum,
544 1955 622 2012 qui
643 1956 803 2002 solent
821 1967 1046 2001 nostram
1065 1956 1386 2013 frequentare
1407 1957 1687 2005 ecclesiam.

58 2033 100 2078 in
127 2033 229 2078 dies
253 2033 480 2091 quotidie
503 2033 666 2091 magis
690 2034 884 2091 augeri.
909 2034 1019 2079 Non
1040 2035 1165 2079 enim
1193 2035 1369 2080 desunt
1393 2034 1582 2080 nobiles
1606 2034 1689 2079 ali-

16 2128 18 2131 ·
53 2119 192 2173 quot,
219 2119 321 2155 tum
346 2110 439 2156 uiri
463 2120 567 2156 tum
590 2111 839 2169 mulieres,
867 2111 947 2169 qui
982 2127 1078 2157 non
1113 2111 1351 2157 mediocri
1376 2111 1526 2156 diuini
1550 2111 1693 2156 uerbi

59 2187 285 2233 audiendi
330 2188 576 2234 desiderio
621 2188 856 2245 flagrant,
900 2189 1060 2246 plebei
1104 2205 1299 2247 quoque
1344 2189 1695 2246 quamplurimi

59 2266 374 2311 conueniunt.
402 2266 576 2323 Neque
601 2266 693 2311 hoc
717 2267 875 2312 solum
902 2267 974 2324 (ut
999 2268 1196 2324 saepius
1230 2267 1443 2312 diximus
1467 2277 1515 2312 et
1541 2267 1694 2312 literis

62 2342 469 2400 significavimus)
495 2344 540 2389 in
566 2353 740 2389 nostra
764 2345 1027 2390 dzmtczxat
1060 2344 1112 2390 fit
1146 2345 1376 2400 ecclesia,
1404 2346 1490 2390 sed
1515 2345 1558 2389 in
1586 2345 1695 2389 aliis

61 2420 208 2466 etiam
243 2422 529 2467 monialium
565 2422 1061 2480 congregationibus,
1099 2439 1194 2480 quo
1230 2439 1294 2468 ex
1327 2424 1511 2468 nostris
1545 2423 1694 2479 aliqui

62 2512 412 2555 nonnunquam
437 2499 778 2545 confessiones
813 2500 1046 2554 audituri,
1075 2500 1342 2557 aliquando
1377 2500 1694 2545 concionatu-

62 2575 119 2633 ri,
146 2576 309 2622 multis
333 2577 563 2633 precibus
587 2578 816 2623 accersiti
852 2593 906 2623 se
941 2578 1220 2634 conferunt3
1249 2589 1295 2624 et
1321 2578 1450 2634 quod
1476 2594 1553 2622 me
1578 2593 1699 2633 prae

63 2654 273 2699 caeteris
297 2654 342 2699 in
368 2655 638 2700 maximam
665 2656 865 2700 adducit
888 2655 1286 2713 admirationem,
1315 2656 1392 2712 qui
1419 2656 1560 2700 huius
1585 2656 1698 2700 ciui-

110 2816 128 2837 a
194 2823 256 2847 ac.

113 2954 122 2973 ¹
174 2953 236 2990 Ex
253 2954 443 3002 originali
463 2955 502 2991 in
521 2955 657 2992 codice
679 2955 761 2993 Sic.
784 2955 872 3001 181,
892 2956 916 2993 2
934 2956 993 2999 ff..
1016 2970 1083 2992 nn.
1100 2956 1157 2999 42,
1176 2956 1222 2992 43
1236 2956 1377 3002 (prius,
1395 2956 1486 3001 186).
1505 2955 1609 2994 Sunt
1625 2958 1703 2994 duo

65 3013 144 3050 alia
163 3015 349 3062 exempla
367 3015 407 3051 in
426 3014 468 3052 ff.
490 3015 548 3059 44,
569 3016 626 3060 45;
649 3021 688 3052 et
708 3016 887 3060 tertium,
904 3023 992 3064 post
1008 3016 1176 3053 Polanci
1192 3016 1479 3058 correctiones,
1499 3017 1537 3052 in
1554 3017 1620 3054 fol.
1642 3017 1700 3054 46.

67 3071 277 3120 castigata
297 3088 320 3111 a
338 3074 530 3120 Polanco,
551 3075 591 3112 in
618 3081 731 3112 textu
758 3077 908 3113 litteris
935 3077 1094 3119 italicis,
1125 3075 1262 3112 addita
1290 3088 1388 3112 vero
1415 3077 1465 3113 ab
1494 3077 1634 3113 eodem
1665 3078 1703 3113 in

67 3134 391 3171 annotationibus
406 3135 562 3172 damus.

173 3217 338 3246 Liri-Eius
359 3218 657 3251 QUADmMESTREs.
680 3219 770 3246 Tom.
794 3219 830 3247 v.
930 3207 931 3210 ’
1560 3220 1593 3246 24
