1909 3328
197 177 266 214 (382
662 179 738 215 LIT
747 193 759 215 ι
768 190 881 216 ERAE
909 180 1264 224 QUADRIMESTRES

152 288 241 329 que
266 272 327 317 ad
352 289 440 317 nos
466 273 623 318 missis
648 274 802 329 plenis
822 275 1197 322 beneuolentiae
1222 287 1269 322 et
1294 279 1559 334 comitatiS,
1582 296 1671 337 pro
1691 282 1774 326 ali-

149 365 242 406 quo
268 349 504 405 principio
529 351 780 406 amplioris
804 362 1077 408 conceptae
1102 354 1218 409 spei,
1244 355 1366 400 duos
1391 356 1773 404 concionatores

150 443 210 471 ex
236 427 416 472 nostris
447 427 767 473 vehementer
802 429 953 485 petiit.
982 429 1206 486 Legatus
1232 433 1366 488 regis
1391 432 1627 479 Poloniae
1661 450 1772 481 cum

149 497 379 553 flagranti
425 514 618 554 quoque
659 500 901 544 desiderio
943 516 1176 558 magnam
1221 518 1358 558 spem
1402 505 1598 561 collegii
1644 506 1774 552 dedit

148 575 188 619 in
217 573 483 631 Cracouia3
512 575 607 632 qui,
636 592 664 621 a
700 577 931 622 defuncto
969 578 1179 634 quodam
1216 581 1450 636 pecunias
1484 582 1676 639 aliquas
1710 584 1772 629 ad

146 650 271 695 istud
298 651 586 709 destinatas,
614 652 659 697 in
686 669 832 697 manu
859 654 1060 707 habens,
1091 656 1236 701 valde
1267 657 1397 702 serio
1428 674 1577 715 super
1603 660 1694 705 hac
1719 677 1772 706 re

145 742 254 772 cum
282 727 331 772 P.
372 728 573 773 Canisio
608 730 819 786 colloqui
860 731 1177 778 desiderabat
1214 733 1239 777 ¹.
1274 733 1427 780 Italus
1462 736 1659 792 quidam
1696 737 1772 782 vir

144 804 280 849 diues
319 815 366 850 et
404 821 497 850 non
539 822 728 863 paruae
763 809 1061 866 autoritatis,
1099 810 1175 855 cui
1211 827 1389 857 nomen
1424 813 1672 859 Antonius
1711 815 1770 860 de

144 881 378 938 Quadros
412 882 569 939 (cuius
606 884 758 930 literis
792 901 821 931 a
859 886 921 931 V.
951 886 1003 931 P.
1032 903 1322 944 responsum
1342 890 1450 955 est)
1476 890 1534 936 de
1558 892 1770 949 collegio

143 959 353 1016 quodam
394 961 523 1017 apud
569 961 764 1007 Vallem
803 963 1099 1010 Toletanam
1146 966 1232 1022 (ita
1276 967 1451 1024 opinor
1493 970 1662 1015 vocari
1703 971 1768 1015 lo-

143 1036 271 1093 cum)
307 1038 321 1061 2
355 1038 631 1084 extruendo
666 1050 863 1086 nostros
897 1042 1143 1097 conuenit,
1171 1044 1300 1101 quod
1336 1045 1470 1091 velut
1504 1061 1673 1093 arcem
1709 1064 1768 1094 ac

142 1114 490 1160 munimentum
516 1116 760 1162 aduersus
784 1118 1150 1165 haereticorum
1175 1120 1481 1168 incursiones
1506 1122 1616 1169 fore
1640 1125 1767 1170 arbi-

139 1191 385 1236 trabatur.
413 1191 514 1238 Sex
538 1202 703 1239 autem
730 1196 955 1251 personis
979 1196 1193 1254 domum,
1221 1199 1483 1244 ecclesiam
1509 1209 1557 1246 et
1580 1201 1768 1248 reditus

142 1278 408 1324 perpetuos
432 1270 818 1326 pollicitabatur.

200 1345 266 1391 11.
336 1346 500 1392 Patris
538 1347 725 1394 Canisii
760 1349 1026 1396 aduentum
1062 1353 1454 1408 expectabamus
1478 1355 1522 1399 in
1556 1356 1763 1412 quadra-

136 1422 343 1480 gesima,
384 1439 553 1469 verum
590 1425 819 1471 detentus
853 1436 927 1473 est
961 1444 989 1472 a
1025 1427 1276 1475 Bauariae
1315 1431 1439 1476 duce
1475 1432 1518 1477 in
1553 1434 1763 1479 straubi-

135 1500 274 1556 gensi
309 1500 512 1547 ciuitate
547 1502 608 1547 ad
644 1503 968 1549 concionandi
1009 1521 1200 1551 munus.
1240 1506 1483 1553 Pistorem
1520 1510 1764 1566 quendam

138 1576 349 1623 fratrem
375 1579 453 1635 qui
478 1579 609 1625 forte
633 1580 833 1626 fortuna
857 1583 1031 1628 eodem
1057 1599 1208 1629 curru
1227 1600 1337 1631 curn
1362 1585 1468 1643 ipso
1489 1587 1765 1634 vehebatur

135 1670 222 1709 per
256 1655 364 1712 iter,
392 1657 455 1701 ad
489 1673 578 1703 nos
612 1658 901 1715 transmisit3
930 1659 1069 1705 cuius
1093 1660 1454 1718 simplicissima
1484 1663 1760 1721 integritas,

134 1748 318 1789 magna
341 1734 540 1790 gratiae
565 1751 625 1780 ac
649 1735 927 1782 deuotionis
947 1737 1266 1793 abundantia,
1289 1755 1385 1796 qua
1410 1740 1651 1788 Dominus
1676 1731 1763 1789 cor

131 1809 234 1854 eius
257 1809 441 1867 implet,
469 1827 639 1857 omnes
664 1812 908 1871 aedificat;
937 1814 1013 1859 cui
1039 1814 1085 1860 in
1110 1814 1256 1861 Oibin
1281 1816 1415 1862 iussu
1450 1818 1760 1866 obedientiae

132 1885 461 1941 proficiscenti
488 1899 677 1935 vestem
704 1890 914 1936 talarem
940 1907 1049 1936 cum
1074 1893 1323 1951 daremus,
1346 1894 1467 1940 flens
1491 1911 1551 1941 ac
1585 1896 1760 1942 lachri-

131 1978 270 2009 mans
304 1966 491 2011 vultum
526 1967 759 2013 deiiciens
793 1969 886 2014 hac
920 1984 973 2014 se
1007 1970 1243 2016 honorari
1278 1971 1575 2029 deplorauit,
1612 1990 1759 2031 quum

132 2056 220 2086 nec
245 2041 422 2088 doctor
446 2053 592 2099 esset,
621 2061 680 2091 ac
712 2046 963 2092 minimum
992 2057 1039 2093 et
1064 2048 1454 2106 indignissimum
1488 2051 1638 2097 totius
1672 2051 1759 2098 So-

130 2117 321 2164 cietatis
354 2135 407 2166 se
442 2121 662 2168 duceret.
691 2123 743 2168 Ρ.
773 2124 1022 2180 Victoria,
1060 2126 1172 2172 dum
1209 2127 1260 2172 P.
1290 2127 1544 2174 Canisium
1585 2127 1757 2175 Strau-

131 2195 276 2251 bigae
301 2196 549 2256 inuiseret,
578 2199 623 2245 in
649 2200 885 2247 hussitica
915 2202 1129 2258 quadam
1160 2204 1364 2250 ciuitate
1389 2206 1451 2251 ab
1475 2206 1667 2263 hospite
1694 2208 1756 2253 di-

128 2271 329 2329 tissimo,
368 2275 631 2322 diuersatis
666 2278 839 2323 eodem
880 2279 1377 2335 magnificentissimis
1418 2282 1539 2328 viris
1573 2299 1756 2340 magno

127 2350 360 2395 satellitio
399 2352 607 2411 stipatis,
646 2354 1139 2401 honorificentissime
1179 2366 1227 2403 et
1265 2358 1616 2405 humanissime
1656 2370 1754 2406 tra-

128 2433 287 2471 ctatus
322 2436 410 2473 est.
435 2427 613 2486 Saepe,
642 2430 827 2476 relictis
861 2431 953 2477 illis
988 2434 1324 2491 magnatibus,
1352 2437 1756 2492 conquerebatur

127 2502 255 2557 apud
281 2502 480 2550 Patrem
505 2506 700 2564 hospes,
729 2517 777 2553 et
801 2508 971 2554 dolens
1005 2524 1057 2555 se
1094 2511 1239 2556 valde
1268 2512 1550 2559 humaniter
1573 2530 1752 2572 purga-

127 2579 225 2635 bat,
252 2582 379 2636 quod
418 2582 555 2628 Patri
590 2599 684 2629 non
720 2597 888 2643 posset
922 2595 975 2631 vt
1009 2587 1159 2633 vellet
1193 2589 1368 2635 adesse
1398 2605 1460 2635 ac
1488 2591 1750 2648 inseruire,

126 2656 253 2710 quod
278 2658 604 2706 obseruantes
629 2661 693 2707 illi
719 2662 807 2719 ipsi
832 2663 1076 2720 principes
1102 2664 1193 2709 viri
1225 2665 1519 2713 amicissime
1552 2668 1752 2714 Patrem

172 2804 181 2822 ¹
235 2804 341 2841 Vide
389 2819 411 2843 a
447 2836 454 2843 .
475 2808 557 2846 528.

169 2862 182 2882 ²
232 2863 296 2900 De
315 2819 488 2913 cofieggio
507 2868 672 2907 fundato
691 2872 742 2908 ab
760 2872 834 2909 hoe
853 2873 953 2916 viro,
974 2873 1015 2910 in
1033 2873 1177 2920 oppido
1195 2874 1338 2920 Ponte,
1365 2876 1406 2912 in
1426 2875 1551 2913 Valle
1570 2876 1748 2922 Tellina,

123 2923 248 2959 multa
275 2929 434 2962 exstant
464 2927 503 2963 in
531 2929 686 2968 Laz‘niz'
711 2931 921 2974 Mommz„
949 2932 1018 2976 III,
1045 2938 1085 2970 et
1115 2946 1217 2980 sqq.;
1246 2934 1511 2973 Bobadz'llae
1537 2936 1753 2981 Monum.‚·

120 2981 432 3029 Rz‘badeneim,
454 2986 482 3023 I.
