1900 3380
507 297 789 338 205,—Ess01z2x
816 298 857 333 21
889 296 1095 333 Ocronms
1125 296 1214 332 1558
1558 292 1628 329 81:30

52 397 210 456 gistri,
238 395 372 439 multi
408 394 556 439 etiam
592 393 766 438 medici
797 400 812 418 fl
836 403 882 438 et
920 391 1090 449 reliqui
1126 391 1171 437 id
1206 406 1379 447 genus,
1408 390 1486 446 qui
1512 389 1555 434 in
1582 389 1673 432 liac

51 476 171 521 vrbe
195 481 588 525 commorantur,
618 485 916 516 conuenere.
944 468 1292 514 Pomeridiano
1317 478 1540 523 tempore
1565 476 1674 522 post

51 550 406 607 disputationes
431 549 601 594 habuit
625 549 784 593 frater
820 547 1047 592 Barbosa
1073 548 1083 570 ¹
1111 545 1390 591 orationem
1416 545 1501 590 tali
1525 543 1675 589 actio-

50 645 124 686 ne,
162 643 223 673 ac
258 627 424 672 vultus
448 636 718 682 gestusque
755 624 1112 680 moderatione,
1141 633 1191 668 ut
1216 623 1441 668 omnibus
1465 636 1674 667 summo-

53 721 166 763 pere
191 703 450 760 placuerit.
480 702 702 747 Chartae
738 716 859 746 uero
894 716 1016 758 quas
1047 699 1295 745 scolastici
1328 699 1373 744 in
1398 699 1526 743 hunc
1551 698 1677 742 diem

55 789 378 840 parauerant‚
405 789 458 824 vt
481 779 754 835 parietibus
779 794 916 824 more
941 777 1086 823 solito
1110 776 1457 833 affigerentur,
1480 775 1594 831 quia
1614 774 1678 819 bi-

54 861 147 905 duo
182 869 296 904 ante
329 857 527 903 nuntius
562 858 619 902 de
654 856 790 902 obitu
824 855 1141 912 imperatoris
1181 854 1362 899 allatus
1403 861 1477 898 est
1515 854 1546 909 2,
1585 867 1678 896 non

53 946 163 982 sunt
197 935 399 990 affixae3
428 950 488 979 ne
512 943 678 979 tamen
714 933 912 978 omnino
946 932 1206 977 columnae
1241 931 1342 976 suis
1377 929 1681 975 ornamentis

53 1014 293 1071 spoliatae
317 1012 623 1067 uiderentur,
652 1011 791 1056 iussit
816 1010 966 1056 Pater
999 1011 1104 1055 Leo
1130 1010 1144 1034 3
1170 1009 1313 1054 fratri
1345 1008 1424 1065 qui
1459 1007 1679 1052 nuntium

53 1091 231 1147 attulit,
259 1089 337 1147 qui
364 1089 513 1135 etiam
538 1089 749 1145 primum
774 1087 1088 1145 gymnasium
1118 1087 1467 1132 moderaturus
1492 1085 1600 1139 erit,
1632 1094 1681 1129 vt

54 1170 218 1226 aliqua
261 1167 628 1224 epigrammata
672 1175 720 1212 et
762 1165 1013 1222 epitaphia
1057 1174 1396 1221 componeret.
1444 1161 1682 1219 Quamuis

55 1256 218 1292 autem
252 1244 599 1291 breuissimum
624 1253 818 1299 tempus
841 1251 988 1294 esset,
1016 1251 1089 1288 tot
1119 1240 1395 1297 composuit
1430 1249 1482 1285 vt
1515 1254 1685 1284 omnes

56 1325 328 1376 columnas,
356 1337 483 1379 quae
517 1331 630 1367 sunt
670 1335 876 1365 numero
901 1319 1092 1376 uiginti,
1120 1318 1424 1364 carminibus
1459 1324 1680 1368 ornaret;

57 1417 150 1459 quo
179 1400 197 1428 b
231 1400 483 1445 scolastici
518 1398 769 1444 tristitiam
795 1413 943 1454 quam
979 1396 1038 1442 de
1068 1412 1165 1441 non
1200 1395 1464 1452 affigendis
1499 1393 1686 1439 chartis

55 1485 401 1535 perceperant,
429 1476 592 1521 animo
617 1490 821 1532 prorsus
852 1474 1159 1530 abiecerunt,
1187 1487 1471 1529 magnoque
1501 1469 1686 1534 gaudio

58 1555 226 1601 affecti
266 1564 377 1599 sunt
412 1553 541 1610 quod
575 1560 873 1609 praeceptor
908 1551 1176 1608 primarius
1214 1559 1287 1595 tot
1325 1548 1550 1594 carmina
1588 1558 1687 1592 tam

57 1634 196 1679 breui
236 1631 574 1689 composuerit
599 1629 745 1687 (quod
771 1629 834 1674 ad
859 1628 1054 1685 collegii
1081 1628 1401 1674 autoritatem
1426 1626 1687 1683 plurimum

13 1771 16 1774 ἢ
59 1711 212 1767 licuit,
261 1709 397 1755 multi
442 1708 591 1754 etiam
632 1724 693 1753 ea
731 1707 1126 1764 descripserunt,
1174 1706 1354 1764 aliique
1397 1714 1571 1762 postea
1610 1719 1687 1760 pe-

62 1787 314 1843 tiuerunt).

117 1865 160 1910 7.
226 1864 320 1910 Die
355 1863 576 1920 sequenti
612 1863 779 1908 factae
812 1871 926 1908 sunt
960 1861 1274 1917 mutationes,
1301 1870 1405 1906 tum
1430 1859 1687 1915 discipulo-

62 1959 170 1988 rum
195 1951 297 1988 tum
324 1941 470 1987 etiam
497 1948 896 1997 praeceptorum.
921 1939 1034 1984 Duo
1060 1938 1187 1984 enim
1218 1946 1572 1994 praeceptores
1597 1934 1689 1980 Co-

61 2035 309 2077 spaeanus
333 2020 349 2043 4
373 2018 558 2064 scilicet
583 2017 852 2074 primanus,
876 2026 924 2062 et
943 2016 1168 2072 Raphael
1193 2017 1208 2039 ⁵
1233 2015 1477 2061 tertianus
1497 2013 1689 2070 Olysip-

62 2113 237 2155 ponem
272 2097 620 2142 discesserant.
659 2095 711 2140 In
747 2095 908 2140 locum
944 2093 1225 2150 Cospaeani
1261 2091 1499 2137 successit
1533 2090 1692 2136 frater

63 2191 207 2233 quem
236 2174 486 2219 cdiximus
530 2189 681 2230 supra
726 2172 950 2218 carmina
994 2170 1354 2228 composuisse3
1403 2168 1689 2225 Rapha'elis,

64 2253 221 2298 frater
245 2251 445 2297 Freitas
470 2252 501 2296 (ἶ.
530 2250 687 2295 Adest
719 2265 902 2306 magna
936 2248 1349 2294 scholasticorum
1374 2246 1518 2302 copia
1542 2261 1689 2302 quan-

66 2342 114 2376 ta
137 2330 391 2386 hucusque
415 2328 433 2354 ‘¹
460 2328 505 2373 in
530 2328 623 2373 hoc
648 2328 860 2384 collegio
896 2328 967 2385 (ut
1003 2326 1242 2381 arbitror)
1267 2340 1361 2370 non
1386 2323 1491 2375 {uie
1519 2323 1692 2368 saltem

66 2407 111 2452 in
145 2407 304 2465 primo
328 2405 590 2464 gymnasio
616 2407 661 2450 in
686 2421 780 2462 quo
804 2421 913 2451 cum
945 2420 1075 2450 anno
1100 2401 1418 2460 praecedenti
1443 2400 1601 2446 solum
1626 2400 1689 2444 ui-

131 2595 149 2616 a
199 2588 336 2625 Prius
355 2585 550 2630 canonici;
574 2584 859 2622 emendatum
879 2584 933 2620 ab
953 2586 1140 2627 ancmre,
1163 2584 1211 2618 ut
1228 2581 1416 2617 videtur.
1471 2599 1512 2603 —
1547 2578 1566 2605 b
1596 2589 1696 2624 quos

40 2672 44 2673 ν
69 2659 148 2685 ms.
207 2655 271 2675 —-<=
291 2660 369 2694 quo
388 2659 507 2694 quem
529 2656 610 2682 ms.
663 2643 729 2671 -d
749 2644 947 2690 huiusque
968 2653 1047 2679 ms.

180 2815 399 2852 Balthasar
417 2813 612 2849 Barbosa.

181 2874 356 2912 Carolus
374 2873 430 2918 V,
452 2873 688 2919 imperator,
710 2871 815 2908 diem
835 2881 1069 2917 supremum
1098 2867 1253 2903 obierat
1274 2866 1338 2903 die
1356 2866 1398 2902 21
1429 2864 1696 2912 Septembris.

180 2933 226 2970 P.
248 2933 336 2970 Leo
357 2931 605 2978 Henriquez,
627 2929 792 2977 collegii
811 2934 958 2966 rector.

176 2992 355 3040 Joannes
375 2991 655 3038 Conspeanus.

181 3052 369 3100 Raphael
387 3050 566 3087 Texeda.
586 3049 694 3086 Vide
713 3062 807 3097 pag.
825 3048 907 3089 324,
929 3051 1064 3083 annot.
1085 3044 1119 3082 2.

117 2817 127 2836 l

116 2875 129 2894 2

117 2934 130 2953 3

116 2993 130 3012 4

117 3053 130 3072 5

119 3112 133 3132 ‘³
184 3110 436 3149 Laurentius
454 3109 628 3146 Fi-eitas.
