2054 3530
371 328 414 363 12
840 330 1060 367 LITTERAE
1087 331 1441 376 QUADRmESTREs

319 423 512 479 perdita
538 423 733 468 uiuendi
759 425 950 471 ratione
976 436 1231 483 reuocant,
1259 426 1332 471 his
1355 429 1692 474 moerentibus
1726 431 1950 475 consola-

318 498 499 544 tionem
538 500 787 557 adhibent,
831 502 935 547 illos
970 502 1064 548 iam
1104 503 1210 548 fere
1250 504 1572 560 desperantes
1613 506 1672 551 ad
1714 507 1950 562 optimam

317 591 455 631 spem
479 576 694 632 erigunt,
723 577 829 621 aliis
855 593 975 624 uero
1000 594 1179 635 aquam
1205 595 1266 624 ex
1290 580 1425 625 fonte
1446 581 1639 637 publico
1661 592 1946 638 apportant.

318 651 510 708 Quibus
545 669 607 697 ex
641 654 789 698 rebus
815 670 998 710 magna
1023 656 1084 701 ab
1120 656 1212 730 illis
1237 656 1257 677 ἃ
1282 657 1391 702 Deo
1417 656 1530 713 Opt.
1555 658 1688 703 Max.
1718 660 1825 704 laus
1849 660 1949 715 glo-

320 729 493 784 riaque
517 729 770 774 tribuitur.

376 805 418 850 ὅ.
487 804 757 851 Contiones
782 823 903 851 uero
928 807 986 852 de
1006 808 1232 854 doctrina
1257 809 1526 855 christiana
1551 811 1755 867 singulis
1781 811 1951 858 diebus

316 882 570 927 dominicis
591 892 814 939 tempore
840 885 1180 940 pomeridiano
1207 886 1251 930 in
1277 897 1449 932 nostro
1475 888 1659 943 templo
1684 888 1948 944 habentur,

317 959 380 1004 ad
415 975 538 1015 quas
563 969 703 1005 tanta
728 976 791 1005 ex
814 970 919 1006 tota
944 963 1066 1007 urbe
1100 963 1323 1008 uirorum
1359 979 1418 1009 ac
1455 965 1715 1009 mulierum
1751 966 1951 1012 confluit

319 1037 594 1093 multitudo,
624 1047 675 1082 ut
709 1053 793 1082 eos
818 1039 1070 1097 templum,
1098 1040 1210 1084 licet
1236 1041 1486 1086 mediocre
1522 1042 1598 1098 sit,
1636 1058 1819 1098 capere
1854 1060 1951 1088 non

318 1114 487 1171 possit.
514 1114 686 1171 Itaque
712 1115 940 1160 maximis
963 1131 1025 1160 ex
1050 1116 1121 1160 his
1156 1117 1473 1162 concionibus
1509 1118 1785 1164 animorum
1821 1120 1950 1175 capi-

319 1200 400 1236 tur
424 1190 634 1247 fructus,
667 1207 811 1248 quem
846 1202 894 1237 et
934 1192 1165 1238 assiduae
1192 1193 1383 1238 illorum
1411 1195 1766 1246 confessiones,
1805 1207 1852 1241 et
1876 1212 1949 1241 sa—

319 1272 565 1314 crosancti
608 1267 792 1314 Christi
826 1269 1053 1325 corporis
1087 1269 1320 1326 frequens
1355 1272 1751 1329 communicatio,
1790 1289 1947 1327 amor,

318 1354 366 1390 et
390 1345 646 1390 ueneratio
672 1345 814 1390 facile
840 1346 1114 1391 declarant.
1145 1347 1265 1392 Tria
1292 1358 1403 1392 sunt
1433 1349 1736 1394 monasteria
1771 1350 1949 1395 sancti-

318 1422 618 1477 monialium,
647 1438 772 1478 quae
797 1438 826 1467 a
850 1422 1001 1468 Patre
1026 1433 1222 1469 rectore
1249 1425 1425 1469 mirum
1452 1425 1497 1469 in
1519 1427 1717 1471 modum
1738 1442 1948 1472 summa-

317 1514 410 1556 que
434 1499 748 1544 contentione
774 1508 961 1554 petunt,
987 1509 1039 1544 ut
1063 1501 1125 1544 ad
1149 1515 1202 1544 se
1228 1500 1404 1546 Patres
1430 1501 1626 1546 mittere
1653 1502 1769 1547 uelit
1789 1518 1818 1547 a
1847 1504 1949 1559 qui-

320 1577 412 1621 bus
437 1577 498 1621 ad
523 1591 715 1621 omnem
740 1576 974 1621 uirtutem
1000 1593 1059 1621 ac
1083 1578 1460 1623 sanctimoniam
1487 1579 1661 1624 instrui
1686 1580 1888 1635 possint.

378 1653 421 1699 9.
490 1653 805 1710 Vnaquaque
830 1654 1140 1699 hebdomada
1166 1670 1377 1711 magnus
1411 1656 1637 1701 uirorum
1673 1658 1950 1703 mulierum-

321 1746 414 1787 que
438 1745 672 1775 numerus
697 1730 741 1774 in
766 1739 936 1775 nostro
962 1732 1145 1787 templo
1169 1731 1228 1775 de
1249 1732 1466 1787 peccatis
1485 1732 1764 1786 confitetur,
1787 1735 1950 1779 iidem-

320 1823 413 1864 que
449 1806 634 1852 Christi
669 1822 849 1862 corpus
881 1816 1092 1860 sumunt,
1121 1807 1248 1852 inter
1274 1824 1394 1864 quos
1419 1809 1556 1854 multi
1580 1810 1784 1863 nobiles,
1813 1811 1951 1856 multi

319 1884 469 1930 etiam
505 1900 720 1941 magnae
755 1884 1037 1929 autoritatis
1072 1885 1180 1929 uiri.
1225 1885 1424 1930 Nullum
1460 1887 1587 1931 enim
1625 1887 1730 1932 fere
1765 1888 1810 1933 in
1845 1897 1951 1934 tota

323 1962 441 2006 urbe
481 1970 554 2006 est
593 1961 825 2017 templum
861 1977 955 2017 quo
994 1977 1046 2006 se
1092 1963 1256 2018 plures
1300 1962 1392 2007 uiri
1437 1963 1626 2009 nobiles
1669 1964 1947 2019 conferant,

320 2039 534 2084 maxime
558 2038 621 2083 ad
644 2048 851 2094 peccata
875 2038 1170 2084 confitenda.
1200 2039 1263 2084 Et
1287 2040 1367 2095 qui
1402 2041 1555 2085 semel
1589 2042 1719 2097 apud
1751 2052 1950 2087 nostros

320 2124 528 2172 peccata
552 2124 664 2160 sunt
694 2114 922 2169 confessi,
962 2131 1057 2159 non
1093 2116 1252 2160 solum
1287 2116 1464 2161 iterum
1500 2133 1559 2162 ac
1594 2118 1789 2174 saepius
1823 2119 1950 2164 idem

320 2193 523 2245 faciunt,
565 2192 651 2236 sed
685 2192 833 2236 etiam
870 2192 1119 2248 obligatos
1154 2208 1206 2237 se
1242 2193 1608 2249 quodammodo
1643 2210 1752 2240 esse
1787 2196 1951 2241 existi-

321 2278 457 2314 mant
480 2269 543 2314 ad
566 2269 762 2313 omnino
788 2269 1129 2314 honestissime
1154 2270 1433 2316 uiuendum.
1462 2271 1610 2317 Vnde
1634 2271 1702 2322 fit,
1730 2282 1783 2318 ut
1801 2273 1949 2318 etiam

320 2362 349 2391 a
374 2346 583 2391 minimis
608 2345 788 2390 erratis
813 2361 959 2401 quam
984 2346 1358 2402 diligentissime
1382 2358 1612 2406 caueant,
1640 2358 1688 2394 et
1712 2349 1796 2395 illa
1821 2366 1948 2406 quae

321 2433 469 2468 antea
493 2423 856 2479 approbabant,
884 2438 1013 2468 nunc
1046 2422 1242 2479 fugiant
1276 2440 1335 2470 ac
1371 2434 1685 2471 execrentur.
1724 2426 1949 2484 Denique

322 2500 532 2545 uirtutes
567 2499 673 2544 illas
708 2514 827 2544 uere
862 2499 1159 2545 christianas
1193 2502 1411 2547 maxima
1437 2518 1559 2548 cura
1583 2503 1843 2560 studioque
1876 2520 1950 2550 se-

321 2586 537 2622 ctantur.
567 2575 794 2621 Christus
828 2575 941 2632 Opt.
973 2577 1107 2622 Max.
1145 2578 1214 2623 eis
1249 2579 1579 2625 constantiam
1613 2580 1817 2637 tribuat,
1855 2597 1950 2638 qua

321 2654 451 2699 uitiis
486 2653 711 2697 omnibus
745 2653 1008 2710 superatiS,
1036 2653 1175 2700 liberi
1211 2663 1259 2700 et
1292 2655 1506 2712 expediti
1541 2657 1585 2701 in
1622 2657 1806 2702 uirtute
1840 2674 1950 2714 pro-

323 2730 633 2787 grediantur.
1836 2779 1839 2782 ,

384 2806 451 2852 10.
518 2806 595 2851 De
629 2806 810 2851 nostris
843 2807 967 2852 haec
1001 2807 1262 2853 scribenda
1296 2818 1581 2854 occurrunt.
1620 2809 1820 2866 Omnes,
1847 2821 1948 2856 tam

322 2883 609 2929 sacerdotes
649 2898 796 2939 quarn
840 2882 1041 2940 fratres,
1090 2885 1293 2940 regulas
1336 2895 1534 2931 nostras
1578 2886 1948 2943 diligentissime

322 2970 540 3015 seruant;
568 2969 616 3005 et
640 2960 848 3016 quanuis
872 2961 943 3006 ita
967 2961 1044 3017 sit,
1071 2971 1238 3007 tamen
1262 2963 1595 3018 poenitentiae
1624 2979 1719 3009 non
1754 2964 1944 3017 desunt,

369 3124 388 3143 a
438 3123 561 3160 Haec
578 3122 610 3159 2
623 3134 690 3159 vv.
714 3122 900 3159 Polancz'
919 3134 1057 3160 mann
1078 3124 1236 3161 addita
1255 3128 1371 3161 smzt.
