1971 3369
299 207 364 244 16]Γ
782 207 999 243 LITTERAE
1026 208 1118 251 QUA
1126 218 1382 243 aniEsrREs

251 319 374 360 quos
398 313 513 349 ante
538 304 672 361 aluit,
701 305 1050 349 2¹72t7‘0dzl.x·z'sse
1072 310 1089 330 ²¹
1127 313 1171 348 et
1196 304 1347 349 sensit
1371 313 1418 349 et
1443 303 1576 357 uidit,
1606 289 1671 349 ita
1698 312 1748 349 ut
1772 305 1872 349 nul-

249 381 279 425 li
305 381 513 437 amplius
538 381 679 426 fidem
705 381 942 426 adhibere
967 381 1198 426 audeant.

312 459 379 504 14.
447 457 572 503 Sunt
595 468 861 515 praeterea
888 458 1025 503 multi
1050 458 1145 514 aiii,
1169 458 1248 514 qui
1274 458 1653 504 concionatores
1691 475 1752 504 ex
1791 475 1872 504 no-

249 536 381 592 stris,
409 546 595 592 petunt,
630 546 682 581 ut
715 536 890 580 muniis
911 535 1587 581 ecclesiasticisdestinentur
1622 548 1668 581 et
1703 536 1874 593 praefi-

249 614 462 668 ciantur,
500 624 599 658 tam
635 613 680 658 in
716 612 1110 658 confessionibus
1147 612 1420 666 audiendis,
1458 629 1603 670 quam
1640 613 1747 658 aliis
1786 613 1876 670 piis

251 691 482 748 operibus
507 689 821 747 exequendis.

312 769 380 814 15.
448 768 652 814 Plurimi
676 768 931 824 utriusque
965 784 1114 814 sexus
1148 778 1321 813 sancto
1356 767 1482 813 festo
1518 769 1795 824 palmarum
1830 777 1878 813 et

250 861 437 891 coenae
462 846 657 891 Domini
683 845 908 891 fecerunt
943 861 994 892 se
1030 846 1294 903 participes
1329 844 1628 890 uenerabilis
1651 844 1670 871 b
1703 845 1877 890 eucha-

251 923 444 979 ristiae,
492 932 540 969 et
584 924 731 980 longe
775 923 943 980 plures
993 923 1118 968 idem
1163 923 1419 979 fecissent,
1466 922 1504 967 si
1549 922 1877 978 expectationi

251 1017 425 1046 eorum
451 1010 498 1046 et
522 1000 741 1057 petitioni
767 1001 1071 1057 respondere
1097 1001 1436 1057 potuisseuws
1467 1007 1498 1046 ⁰.

314 1079 381 1124 16.
449 1078 706 1124 Hactenus
726 1077 953 1124 uiderunt
973 1078 1176 1135 singulis
1202 1078 1359 1123 ferme
1384 1077 1522 1123 festis
1547 1078 1726 1123 multos
1749 1093 1876 1123 com-

253 1156 507 1201 municare
532 1156 575 1201 in
602 1164 773 1201 nostra
798 1156 1010 1201 ecclesia
1045 1171 1153 1201 cum
1189 1171 1373 1212 magna
1399 1155 1698 1212 reuerentia,
1726 1165 1774 1200 et
1799 1170 1872 1200 or-

251 1235 361 1280 dine
401 1234 592 1279 decenti
633 1234 763 1291 apud
801 1249 892 1278 nos
929 1245 1151 1279 seruato.
1188 1234 1304 1278 Ideo
1350 1234 1442 1278 hac
1486 1233 1877 1290 quadragesima

254 1328 424 1357 omnes
450 1311 725 1369 quicunque
760 1320 872 1357 sunt
905 1311 1118 1357 confessi
1144 1312 1423 1368 petiuerunt
1458 1311 1547 1357 sibi
1583 1311 1769 1368 porrigi
1795 1326 1873 1356 ue-

255 1390 476 1435 nerabile
515 1398 884 1434 sacramentum
918 1389 1249 1434 eucharistiae
1274 1397 1478 1445 propter
1510 1389 1821 1434 honestatem
1861 1387 1878 1414 ‘¹

254 1482 401 1523 quam
426 1466 590 1511 uident
621 1466 880 1511 obseruari
916 1466 1179 1510 decentius
1213 1473 1228 1492 θ
1266 1481 1412 1522 quam
1434 1465 1555 1510 aliis
1585 1465 1629 1510 in
1664 1465 1873 1521 templis,

256 1544 336 1604 ubi
361 1558 591 1601 maguus
614 1548 689 1588 est
711 1557 992 1589 concursus
1016 1547 1064 1588 et
1085 1544 1209 1588 ordo
1235 1542 1486 1588 confusior
1513 1542 1549 1588 f.

317 1620 383 1665 17.
452 1620 637 1666 Omnes
668 1620 774 1666 fere
798 1620 987 1677 hispani
1021 1624 1068 1665 et
1100 1621 1375 1677 hispanae,
1403 1621 1522 1666 item
1547 1620 1704 1665 etiam
1729 1619 1830 1665 itali
1863 1626 1881 1653 g

255 1698 518 1755 plurimum
539 1698 704 1743 dolent
723 1707 926 1754 propter
946 1697 1204 1743 reuerendi
1228 1697 1389 1743 Patris
1414 1698 1568 1743 nostri
1590 1697 1648 1742 D.
1668 1696 1844 1753 Lanoy
1864 1698 1877 1721 ¹

256 1775 543 1832 discessum,
571 1776 800 1820 maxime
822 1774 839 1801 ¹¹
864 1775 956 1819 hoc
981 1784 1204 1831 tempore
1240 1774 1442 1832 factum,
1476 1775 1529 1819 in
1561 1788 1659 1832 quo
1679 1774 1874 1819 debuis-

255 1856 332 1897 set
354 1852 558 1897 illorum
576 1852 815 1908 petitione·
837 1856 989 1909 atque
1012 1852 1276 1897 deuotioni
1306 1852 1769 1910 suppetias—seme:
1792 1852 1880 1909 qui

257 1930 372 1976 licet
396 1929 404 1956 ³
425 1930 641 1975 habeant
671 1930 902 1987 hispanos
936 1931 1241 1987 sacerdotes,
1277 1940 1440 1975 tamen
1474 1946 1569 1975 non
1606 1929 1707 1975 itai
1733 1929 1878 1975 liben-

257 2016 334 2053 ter
358 2007 420 2053 ad
444 2023 530 2066 eos
554 2016 608 2053 vt
640 2007 658 2033 k
682 2008 745 2052 ad
773 2018 970 2052 nostros
1000 2007 1258 2060 accedunt,
1292 2008 1610 2065 fatenturque
1649 2024 1702 2054 se
1735 2008 1882 2064 longe

254 2085 425 2130 melius
445 2084 654 2130 affectos
671 2100 779 2130 esse
799 2100 924 2141 erga
943 2100 1048 2141 nos,
1069 2100 1216 2141 quam
1234 2101 1359 2142 erga
1379 2085 1520 2130 alios.
1543 2085 1740 2130 Laetus
1757 2099 1884 2130 sane

259 2161 361 2207 illis
385 2162 482 2207 erit
509 2162 634 2219 dies,
662 2176 820 2219 quum
854 2162 1129 2207 reuerendi
1160 2163 1339 2208 Putris
1371 2163 1537 2208 nostri
1559 2163 1783 2208 reditum
1813 2163 1882 2208 κή-

261 2239 505 2296 ΐθῖἶῖζξᾙηΐ,
532 2253 682 2296 quenz
715 2243 857 2284 tauto
892 2253 1068 2284 amore
1096 2243 1489 2297 prosequuntur
1510 2239 1626 2296 (uec
1649 2239 1879 2297 mirum),

259 2321 315 2362 ut
346 2316 565 2362 stmfmzz's
587 2316 826 2372 precibus
860 2320 908 2361 et
940 2316 1241 2362 muneribus
1274 2331 1391 2362 eum
1427 2317 1682 2362 redimere
1706 2317 1877 2362 uelint.

305 2497 322 2518 ³
358 2490 574 2527 inuexisse.
629 2489 695 2517 —b
717 2490 963 2527 uenerabilis
982 2490 1239 2526 sacramenti.
1290 2497 1353 2518 —c
1385 2496 1614 2527 nostrorum
1634 2491 1906 2530 sacerdotum,

259 2548 472 2597 pauci[tas]
492 2550 737 2597 respondere
757 2550 966 2596 potuisset.
1008 2550 1132 2587 Verbi
1157 2550 1337 2596 paucitas
1364 2550 1441 2587 ult.
1472 2550 1658 2596 syllaba,
1693 2559 1886 2588 cousum—

256 2613 335 2656 βία
364 2611 531 2656 charta,
565 2610 860 2647 desideramus.
920 2609 985 2637 fid
1024 2610 1276 2646 honestatem
1308 2615 1348 2647 et
1378 2610 1621 2647 decentiam.
1680 2617 1742 2638 -e
1787 2609 1888 2658 apud

260 2681 331 2705 nos
350 2669 493 2716 potius.
533 2669 587 2696 -f
634 2669 834 2706 confusior
854 2681 942 2706 esse
963 2670 1081 2706 solet.
1125 2677 1190 2703 —g
1228 2674 1313 2706 tum
1332 2669 1489 2717 hispani
1508 2675 1593 2706 tum
1612 2670 1712 2707 itali.
1750 2669 1815 2696 —h
1839 2667 1887 2706 ad

260 2730 499 2774 generalem
519 2729 890 2776 congregationem.
956 2729 1009 2756 --i
1052 2730 1146 2766 licet
1179 2730 1299 2767 enim.
1350 2730 1403 2764 —1'
1447 2730 1629 2777 perinde.
1685 2730 1749 2757 -k
1798 2729 1887 2767 Ver-

263 2788 367 2825 bum
388 2789 494 2825 add.
516 2800 543 2826 a
561 2789 643 2826 Po.

313 2969 321 2987 ¹
374 2968 417 3005 P.
437 2968 628 3005 Nicolaus
646 2968 839 3017 Lanojus,
860 2973 993 3005 rector
1011 2969 1173 3014 collegii
1193 2969 1519 3016 vindobonensis,
1542 2970 1714 3005 Romam
1742 2969 1791 3006 ad
1817 2970 1897 3015 ge2'

263 3029 418 3065 neralia
437 3029 597 3065 comitia
617 3034 819 3065 evocatus.
839 3028 902 3066 Cf.
925 3028 1078 3065 Laz‘m'z'
1095 3029 1304 3075 Nouum„
1326 3029 1375 3074 ΙΙ,
1396 3028 1441 3065 ‘24
1458 3031 1695 3075 etpassz’m.
