1915 3437
557 218 860 255 24.-B1LL0mo
885 219 908 254 9
935 217 1171 254 FEBRUARH
1202 218 1291 253 1557
1626 218 1690 253 100

111 331 302 375 merum
326 329 422 358 non
448 313 583 370 potui
609 329 638 357 a
664 313 888 358 ministro
908 312 1186 367 intelligere
1207 312 1267 355 ob
1287 310 1637 355 confluentium
1658 326 1735 356 co-

110 393 257 449 piam.
286 390 444 436 Feriis
469 390 726 434 marianae
751 387 1105 445 purificationis
1130 387 1303 443 viginti
1338 402 1488 442 supra
1519 397 1732 442 centum,

110 467 470 514 admirantibus
509 482 603 511 non
628 467 817 521 absque
853 464 1122 521 lachrymis
1146 464 1260 519 ipsis
1300 464 1521 519 testibus,
1560 480 1736 519 panem

107 546 237 590 hunc
261 544 528 588 coelestem
554 551 867 597 receperunt.
896 540 1038 585 Adde
1064 540 1191 596 quod
1216 539 1445 596 permulti
1471 540 1515 584 in
1542 555 1631 584 sua
1656 556 1735 596 pa<-

106 621 280 666 rochia
316 620 452 665 feriis
487 619 848 664 solennioribus
883 617 1290 674 augustissimum
1329 616 1423 661 hoc
1457 631 1737 661 sacramen-

106 707 208 743 tum
233 697 330 741 iam
356 697 658 741 inolescente
683 695 1036 740 consuetudine
1060 701 1257 738 sumunt
1278 700 1312 737 ⁸.

168 774 235 819 13.
304 774 456 819 Certe
501 773 580 828 qui
621 772 792 817 diebus
831 771 1086 816 dominicis
1120 771 1212 815 hoc
1251 778 1618 815 sacramentum
1658 786 1735 815 su-

108 863 258 907 munt,
285 851 366 895 vel
398 850 625 907 singulis
647 849 728 893 vel
750 850 985 905 ipsorum
1009 847 1222 893 arbitrio
1256 847 1562 903 deszffnatis,
1591 863 1736 892 euan-

106 927 253 985 gelici
286 927 446 972 foetus
482 936 731 971 maturum
767 934 963 981 partum
1003 924 1313 981 promittunt.
1351 923 1516 980 Atque
1552 924 1734 968 vtinam

108 1004 367 1061 operarios
391 1003 593 1049 idoneos
617 1003 898 1059 complures
928 1002 1167 1047 Dominus
1191 1001 1387 1046 mittere
1422 1001 1652 1057 dignetur
1676 1000 1738 1046 ad

108 1081 305 1126 vineam
331 1081 458 1126 hanc
481 1080 795 1125 aruernicam
821 1079 1161 1124 excolendam.

172 1159 237 1204 14.
305 1158 506 1215 Quanta
531 1173 654 1202 vero
679 1157 936 1213 Vtriusque
961 1154 1262 1201 sacramenti
1287 1164 1389 1200 tum
1414 1153 1738 1199 confessionis

108 1245 210 1282 tum
235 1235 590 1280 communionis
614 1250 666 1279 se
690 1244 867 1279 exerat
890 1233 1114 1289 energia,
1142 1232 1189 1277 id
1212 1231 1400 1276 veritas
1426 1246 1639 1287 vsusque
1664 1247 1738 1276 re-

110 1328 217 1357 rum
243 1311 639 1357 luculentissimis
663 1309 973 1367 argumentis
999 1317 1375 1354 commonstrat.
1415 1307 1608 1352 Etenim
1642 1323 1740 1364 pax

109 1389 235 1435 inter
258 1389 548 1434 dissidentes
571 1388 752 1444 passim
778 1386 1084 1433 conciliatur:
1114 1384 1450 1431 restitutiones
1480 1384 1609 1429 haud
1637 1385 1739 1429 vul-

110 1482 260 1524 gares
279 1467 611 1512 celebrantur:
635 1465 862 1521 adulteri,
886 1464 1203 1509 sacerdotum
1223 1462 1546 1518 concubinae,
1569 1462 1737 1518 eisque

110 1543 284 1589 affines
308 1543 597 1588 meretrices
621 1542 903 1587 castitatem
928 1541 1307 1596 amplectuntur:
1336 1539 1619 1584 scholastici
1639 1539 1733 1594 pie-

105 1629 262 1666 tatem
287 1635 396 1665 cum
431 1619 748 1676 improbitate
772 1627 1132 1664 commutatam
1158 1631 1247 1662 cen
1283 1630 1398 1668 mre
1427 1616 1742 1672 postliminii

113 1705 429 1753 recuperant.
452 1695 644 1741 Passim
671 1695 831 1741 fertur
856 1695 1105 1740 rediuiuas
1126 1694 1355 1738 nouellae
1379 1692 1621 1738 ecclesiae
1646 1692 1740 1748 pri-

111 1774 274 1819 mitias
315 1773 510 1819 Biliomi
549 1772 854 1818 refloruisse.
893 1771 1093 1817 Christo
1133 1771 1292 1816 honor
1331 1779 1437 1815 esto
1472 1779 1520 1815 et
1559 1769 1737 1826 gloria,

112 1853 239 1897 haud
264 1851 405 1896 nobis
430 1859 598 1895 terrae
622 1850 923 1905 vermiculis,
952 1864 1074 1905 quos
1108 1848 1272 1893 diuina
1306 1847 1586 1903 benignitas
1626 1862 1739 1903 gra-

104 1929 233 1974 tuito
258 1929 402 1985 plane
426 1927 616 1973 affectu
639 1936 778 1973 tanto
803 1942 1007 1972 munere
1027 1926 1233 1982 dignata
1257 1935 1347 1971 est.

201 2005 521 2063 [Sequuntur
544 2005 938 2050 conversionum
962 2003 1202 2059 exempla
1225 2002 1521 2060 quemdam]

174 2082 242 2128 15.
309 2082 565 2126 Hactenus
609 2081 669 2126 de
715 2080 857 2126 verbi
903 2095 964 2125 ac
1007 2089 1436 2125 sacramentorum
1470 2077 1740 2122 ministerio

113 2168 278 2204 actum
303 2167 391 2205 est.
420 2158 562 2203 Nunc
585 2159 647 2203 ad
671 2158 960 2203 academiae
984 2166 1187 2202 nostrae
1211 2155 1467 2211 exercitia,
1495 2162 1666 2198 nostra
1685 2168 1740 2198 se

113 2235 386 2281 transferat
417 2235 596 2291 oratio,
624 2250 750 2291 quae
785 2234 981 2290 quando
1006 2234 1023 2260 b
1045 2233 1381 2290 superioribus
1412 2231 1565 2276 literis
1595 2246 1624 2275 a
1658 2245 1739 2275 no-

115 2312 188 2358 bis
211 2312 570 2369 comprehensa
593 2311 704 2365 sint,
743 2311 962 2356 breuiter
996 2309 1461 2366 impraesentiarum
1495 2317 1607 2352 sunt
1631 2322 1741 2363 pro-

115 2389 357 2445 ponenda.

179 2466 246 2511 16.
313 2465 565 2511 Praefecti
589 2465 838 2521 classium,
866 2464 1077 2521 quinque
1106 2478 1330 2517 numero,
1364 2462 1537 2519 quibus
1571 2469 1742 2506 sextus

112 2543 400 2598 propediem
425 2543 646 2598 accedet,
673 2557 783 2586 cum
807 2541 970 2586 fausto
995 2541 1174 2587 civium
1195 2541 1435 2596 applausu
1455 2553 1514 2582 ac
1534 2536 1741 2582 literarii

117 2619 368 2675 profectus
391 2618 782 2664 cumulatissimo
807 2618 1128 2673 incremento,
1156 2615 1359 2661 docendi
1395 2630 1599 2660 munere
1623 2614 1742 2659 dex-

118 2699 192 2740 tre
214 2695 485 2753 seduloque
502 2695 793 2751 {unguntum
817 2695 883 2739 ita
907 2703 960 2739 vt
976 2709 1272 2751 progressus
1293 2691 1522 2748 auspiciis
1541 2706 1740 2747 respon-

111 2772 279 2830 -deant,
306 2788 393 2818 seu
416 2773 576 2829 potius
599 2773 735 2817 initia
760 2783 1007 2828 superent,
1035 2787 1145 2817 cum
1164 2770 1513 2826 discipulorum
1532 2783 1741 2814 numero
1804 2804 1806 2807 .

119 2858 455 2905 accrescente,
497 2865 706 2906 quorum
739 2849 935 2894 scholas
969 2857 1166 2893 nostras
1201 2845 1620 2902 frequentantium
1658 2860 1741 2890 nu-

167 3021 184 3041 a
235 3026 285 3050 ex
303 3027 380 3061 quo
399 3014 476 3050 huc
496 3014 692 3059 venimus,
719 3017 893 3050 sumunt.
948 3012 1015 3039 —b
1057 3010 1394 3057 quandoquidem.
