1925 3509
514 294 812 338 li—Comxm
842 295 1107 346 13J.xmm11
1139 297 1227 337 15:37
1589 298 1630 336 01

117 395 157 443 2.
225 396 461 444 Facultas
485 397 666 444 artium
690 398 840 444 etiam
865 405 1064 442 nostros
1094 385 1307 451 admisit,
1345 405 1398 442 vt
1428 396 1682 453 gaudeant

57 475 328 533 priuilegiis
362 476 717 530 vniuersitatis,
759 484 812 521 vt
845 475 925 520 alii
966 475 1193 531 magistri
1233 484 1280 520 et
1320 485 1552 531 regentes
1587 476 1680 520 col-

56 554 298 611 legiorum
323 555 496 612 solent,
529 554 715 601 scilicet
748 569 844 610 quo
880 553 941 599 ad
976 552 1315 610 promotiones
1348 553 1682 598 studiosorum

56 629 309 676 faciendas
344 632 422 676 vel
457 631 710 677 habendas
745 630 791 675 in
826 631 918 675 hoc
951 630 1165 687 collegio
1200 640 1389 687 nostr0,
1422 640 1470 676 et
1499 647 1596 689 quo
1621 634 1682 677 ad

54 708 151 753 alia
175 708 451 765 priuilegia.
486 709 659 765 Quare
693 708 828 753 ciues
861 707 1169 753 colonienses
1199 716 1246 752 et
1281 707 1483 752 studiosi
1519 709 1681 754 adole-

55 794 249 831 scentes
273 786 478 831 multum
501 786 919 842 congratulantur
942 785 1099 841 nobis;
1127 783 1367 841 singulari
1387 786 1514 830 enim
1540 787 1682 832 bene·

53 863 270 909 uolentia
293 879 419 921 erga
443 873 642 909 nostros
666 862 837 909 affecti
864 872 991 919 sunt,
1020 870 1073 908 vt
1107 862 1394 919 quotidiana
1429 864 1682 919 experien-

53 938 121 987 tia
145 941 396 987 docemur.

110 1019 153 1066 3.
221 1018 517 1065 Confratres
541 1018 697 1065 nostri
721 1018 985 1076 aliquando
1009 1018 1201 1074 publice
1225 1018 1403 1064 latinas
1433 1019 1685 1066 orationes

52 1096 249 1142 habent.
272 1096 337 1141 M.
359 1096 612 1156 Johannes
628 1096 759 1142 Redt
775 1096 1051 1141 orationem
1067 1095 1463 1153 ‹chotlztbeticcmz
1483 1098 1495 1120 ¹
1516 1096 1685 1142 habuit

52 1173 98 1219 in
123 1174 293 1220 schola
320 1180 337 1201 ³
360 1174 541 1220 artium
571 1174 629 1220 de
663 1174 908 1219 charitate
942 1189 1052 1219 cum
1086 1173 1301 1219 omnium
1337 1174 1681 1220 admiratione.

51 1251 114 1296 M.
143 1250 445 1297 Franciscus
469 1250 710 1298 Costerus
734 1252 1021 1297 Orationem
1046 1251 1227 1296 hahuit
1249 1251 1266 1279 b
1301 1251 1347 1296 in
1383 1251 1554 1308 vigilia
1588 1252 1683 1298 Na-

50 1327 161 1374 talis
200 1328 396 1374 Domini
436 1329 483 1374 in
526 1329 699 1374 schola
742 1329 1114 1385 theologorum,
1164 1338 1375 1386 rogatus
1419 1344 1448 1374 a
1492 1329 1683 1375 decano

50 1404 99 1452 S.
128 1406 376 1464 theologie
399 1406 670 1453 facultatis.
698 1405 935 1452 Similiter
965 1415 1013 1452 et
1043 1406 1108 1451 M.
1146 1405 1393 1452 Henricus
1428 1406 1681 1452 Dionisius

50 1484 95 1529 in
118 1484 291 1542 vigilia
317 1484 624 1542 Epiphaniae
648 1484 863 1530 Domini.
892 1483 944 1529 In
964 1484 1137 1530 eadem
1156 1484 1327 1530 schola
1347 1484 1413 1530 M.
1436 1484 1683 1531 Henricus

50 1561 300 1607 Dionisius
332 1562 418 1620 2³,
453 1562 541 1620 32²,
576 1563 648 1607 4³
681 1562 834 1617 feriis,
871 1562 997 1607 hora
1021 1560 1046 1606 2
1070 1571 1180 1618 post
1205 1554 1462 1608 meridiem
1486 1562 1607 1619 legit
1630 1562 1680 1607 li-

48 1639 190 1685 brum
231 1639 558 1686 Psalmorum.
609 1639 799 1685 Eadem
843 1639 983 1697 hora,
1031 1640 1303 1695 eodemque
1347 1639 1393 1684 in
1438 1640 1546 1685 loco
1589 1639 1678 1697 5:⁶1,

47 1717 118 1763 6.a
133 1717 299 1776 feriis
332 1725 350 1746 0
380 1727 428 1763 et
451 1718 662 1764 sabbato
686 1717 751 1762 M.
779 1716 1082 1762 Franciscus
1106 1715 1349 1762 Costerus
1374 1717 1495 1773 legit
1519 1716 1679 1763 Gene-

48 1793 138 1840 sim
161 1803 300 1841 tanta
323 1809 434 1841 cum
458 1794 642 1853 gratia,
672 1804 723 1840 vt
747 1795 972 1841 omnibus
996 1794 1057 1840 sit
1091 1794 1424 1840 admirationi.
1463 1794 1684 1840 Domini-

49 1873 115 1919 cis
131 1873 301 1920 diebus
318 1883 543 1919 nostrum
562 1873 694 1920 alins
712 1872 731 1900 ‘¹
750 1873 1078 1919 concionatur
1096 1873 1384 1930 germanice
1403 1873 1450 1918 in
1467 1873 1681 1930 quadam

49 1950 274 1996 ecclesia.
301 1951 472 1997 Taceo
507 1951 567 1997 de
599 1950 766 1997 fructu
799 1950 1138 1997 confitentium
1172 1959 1220 1996 et
1255 1965 1447 2005 eorum,
1485 1951 1565 2008 qui
1600 1967 1681 1997 no-

48 2036 178 2073 stros
201 2029 446 2074 accedunt
468 2028 755 2075 consulendi
779 2029 964 2086 gratia.

104 2106 147 2151 4.
212 2105 365 2152 Pauci
389 2106 467 2152 hic
490 2115 633 2153 erant
656 2106 862 2152 studiosi
886 2106 937 2152 S.
965 2107 1271 2166 theologiae,
1298 2108 1385 2154 sed
1410 2108 1554 2153 modo
1580 2107 1679 2165 plu-

49 2182 154 2228 rimi
188 2183 404 2229 animum
438 2184 501 2230 ad
535 2185 629 2230 hoc
651 2181 877 2230 'studium
911 2185 1210 2243 applicuere.
1254 2186 1495 2232 Fructum
1534 2201 1680 2242 quem

47 2260 140 2306 hae
172 2260 409 2308 lectiones
432 2262 734 2319 germinant,
761 2261 907 2308 facile
932 2262 1099 2320 colligi
1123 2272 1285 2320 potest
1310 2279 1373 2309 ex
1397 2262 1679 2308 auditorum

45 2336 339 2394 frequentia,
366 2354 493 2396 quae
516 2348 657 2385 tanta
680 2348 771 2395 est,
799 2349 853 2385 vt
876 2355 906 2385 a
931 2340 1095 2386 multis
1118 2340 1259 2387 annis
1293 2356 1389 2386 non
1423 2341 1485 2386 sit
1522 2340 1679 2386 visum

47 2413 203 2461 simile
230 2422 262 2462 Ε.

103 2493 146 2539 5.
212 2493 425 2551 Quidam
448 2494 653 2540 studiosi
677 2494 1022 2542 adolescentes
1058 2495 1192 2542 hisce
1226 2497 1475 2542 mensibus
1509 2512 1562 2541 se
1595 2495 1681 2542 So·

47 2569 211 2616 cietati
235 2571 492 2630 dederunt,
521 2587 730 2628 quorum
755 2588 882 2617 vnus
907 2582 982 2618 est
999 2573 1356 2630 dionantensis,
1384 2574 1480 2619 iam
1501 2573 1680 2619 artium

48 2647 286 2704 magister
304 2648 518 2707 futurus,
540 2649 592 2694 21
620 2664 878 2707 annorum,
900 2651 1214 2697 naturalibus
1238 2651 1249 2678 f
1283 2653 1407 2697 bene
1427 2651 1627 2698 dotatus
1647 2652 1679 2708 2;

93 2804 112 2823 a
162 2804 252 2852 Seq.
273 2806 367 2843 theo
385 2807 503 2844 oblit.
566 2807 624 2835 —b
644 2808 784 2846 aliam.
843 2817 905 2837 —C
937 2810 997 2847 5²¹
1018 2815 1057 2847 et
1074 2809 1137 2846 6.st
1156 2809 1269 2846 feria.
1324 2808 1391 2836 -d
1411 2809 1570 2857 aliquis.

49 2870 110 2892 —e
130 2865 223 2912 quid
243 2867 388 2904 simile.
440 2866 500 2893 -f
526 2869 779 2907 naturalibus
798 2869 954 2916 gratiis.

97 3010 106 3028 ¹
158 3009 222 3048 Cf.
243 3013 428 3059 superius
446 3026 540 3061 pag.
561 3013 619 3057 46,
641 3019 777 3051 annot.
803 3015 833 3052 1.

94 3068 107 3088 ²
155 3069 382 3118 Gregorius
408 3075 640 3121 appellatur
665 3074 706 3110 in
734 3074 836 3111 Lz'tt.
865 3073 1120 3121 Quadrim..
1147 3073 1222 3120 IV,
1251 3074 1334 3119 614;
1369 3080 1422 3117 et,
1457 3080 1499 3111 ut
1531 3074 1679 3111 ibidem

47 3133 272 3177 annotatur,
294 3132 455 3170 videtur
473 3146 562 3170 esse
582 3133 811 3180 Gregorius
830 3133 983 3170 Fabius
1004 3133 1284 3171 Dionatensis.
