1909 3328
235 230 304 265 714
702 228 923 264 LiTTERAE
951 226 1308 271 QUADRIMESTRES

186 325 538 380 discipulorum
586 323 913 379 promotione.
963 323 1083 367 Dns.
1132 322 1368 366 Nicolaus
1414 319 1725 376 lotharingus
1772 329 1820 364 et

189 403 315 459 Nigr.
346 401 639 446 Leonardus
674 403 705 457 ¹,
735 410 782 445 et
816 415 1032 457 graecas
1068 410 1114 444 et
1149 399 1328 444 latinas
1364 397 1533 442 literas
1568 396 1818 448 docentes,

185 479 383 535 ingenia
408 493 518 522 cum
545 494 730 535 magna
765 478 910 523 laude
947 477 1196 522 excolunt.
1228 475 1572 531 Philosophiae
1607 474 1818 518 studium

185 573 294 601 cum
321 556 709 612 disputationum
745 555 985 601 exercitio
1021 564 1359 611 promouetur.
1388 552 1440 597 In
1477 552 1633 597 sacris
1666 551 1822 596 literis

190 633 482 679 Psalterium
518 633 799 679 dauidicum
835 632 1151 689 explanatur.
1189 631 1391 687 Septem
1427 639 1537 675 sunt
1573 629 1819 685 professo—

188 728 284 765 res,
307 712 476 756 decem
502 710 647 756 facile
668 711 1032 756 desiderantur.
1063 709 1348 754 Literariae
1371 707 1638 763 voluptatis
1662 707 1824 751 studio

187 800 334 845 atque
360 789 722 834 exercitandae
757 788 1024 833 iuuentutis
1058 787 1226 844 gratia
1257 787 1414 831 lusum
1440 795 1512 830 est
1538 784 1724 842 aliquot
1748 799 1822 829 co·

187 867 392 911 moediis
422 866 588 911 latinis
613 876 661 912 et
684 866 879 922 gallicis
904 882 932 910 a
957 880 1125 910 mense
1145 863 1443 909 Februario,
1468 862 1591 919 Ipsis
1616 862 1825 906 baccha-

188 944 380 989 nalibus
406 944 578 989 habita
603 952 678 988 est
704 942 1003 988 declamatio
1024 941 1273 986 inuectiua
1298 940 1542 985 aduersus
1566 939 1826 995 crapulam

176 1031 235 1066 «et
279 1021 595 1074 ebrietatem,
639 1030 848 1066 auctore
893 1020 1057 1076 Mgro.
1102 1018 1394 1073 Leonardo,
1437 1017 1707 1073 eodemque
1752 1016 1828 1061 die

187 1108 301 1144 acta
327 1108 399 1143 est
425 1098 682 1143 comoedia
703 1097 934 1143 Herculis
959 1112 987 1141 a
1013 1098 1172 1142 latere
1192 1096 1370 1140 dextro
1390 1094 1591 1150 virtute,
1614 1093 1825 1146 ratione,

187 1175 475 1232 sobrietate,
505 1175 678 1220 labore
704 1183 751 1220 et
775 1174 938 1231 gloria
973 1174 1155 1230 stipatig
1185 1188 1247 1217 ex
1272 1173 1432 1218 altero
1470 1186 1590 1216 vero
1627 1186 1826 1227 venere,

188 1252 432 1309 cupidine,
461 1253 739 1309 voluptate,
776 1251 1036 1305 ebrietate,
1064 1250 1269 1295 infamia
1305 1249 1511 1294 obsessi.
1540 1248 1831 1305 Composita

190 1340 264 1375 est
307 1330 457 1375 latino
499 1329 739 1383 carmine,
778 1340 986 1374 auctore
1022 1329 1188 1385 Mgro.
1226 1327 1487 1372 Ludouico
1527 1325 1826 1377 Gerardino,

188 1407 367 1453 tertiae
409 1407 557 1452 classi
598 1407 873 1464 praefecto
913 1406 1073 1451 Feriis
1109 1404 1454 1462 praecidaneis
1492 1403 1831 1449 translationis

190 1485 252 1530 D.
279 1484 474 1529 Nicolai
514 1484 684 1529 habita
708 1484 969 1529 estoratio
1004 1498 1193 1539 graeca
1226 1482 1273 1527 in
1310 1482 1586 1527 encomium
1611 1481 1829 1526 eiusdem

189 1561 362 1619 sancti,
391 1561 565 1607 itidem
592 1561 745 1606 latina
770 1561 1070 1606 declamatio
1106 1560 1165 1604 de
1201 1560 1331 1605 serio
1368 1559 1625 1604 literarum
1650 1558 1828 1616 studio,

190 1648 442 1695 postremo
475 1638 734 1684 comoedia
770 1653 979 1694 graeca,
1006 1637 1227 1682 carmine
1262 1636 1651 1693 elegantissimo,
1678 1635 1825 1680 inter-

190 1716 496 1762 locutoribus
520 1715 722 1772 Sophia,
751 1715 994 1763 Dianaea,
1025 1714 1264 1770 Arephilo
1299 1723 1346 1758 et
1382 1712 1690 1769 Oplophoro,
1719 1727 1825 1769 per-

192 1809 364 1839 sonam
402 1802 588 1839 mutam
624 1802 849 1849 gerente.
887 1791 1028 1837 Haec
1064 1791 1228 1837 omnia
1264 1800 1472 1836 auctore
1507 1790 1670 1847 MgrO.
1703 1790 1829 1835 Leo-

190 1871 346 1916 nardo
371 1870 608 1927 primario
634 1869 920 1926 professore
946 1869 1078 1915 edita
1102 1868 1258 1914 fuere.
1288 1867 1361 1914 Eo
1387 1868 1463 1913 die
1490 1883 1585 1924 quo
1610 1867 1824 1912 solennis

191 1949 483 2006 supplicatio
510 1948 711 2004 pretiosi
737 1947 991 2003 sanguinis
1016 1947 1272 1992 celebrata
1293 1955 1382 2002 est,
1406 1960 1574 1990 mense
1599 1944 1823 2001 proxime

192 2026 484 2082 praeterito,
512 2035 625 2071 acta
652 2035 725 2071 est
750 2025 1008 2070 comoedia
1044 2025 1195 2069 latina
1229 2039 1376 2080 super
1400 2023 1608 2068 historia
1631 2037 1826 2078 serpen-

194 2104 255 2149 tis
299 2104 456 2161 aenei,
505 2104 708 2148 Numer.
756 2102 855 2148 21.O
901 2102 1168 2158 descripta,
1215 2100 1654 2146 interlocutoribus
1698 2099 1823 2155 Deo,

194 2182 382 2238 Moyse,
421 2182 589 2226 nuntio
625 2191 673 2227 et
708 2181 886 2237 populo
921 2180 1131 2225 iudaico.
1170 2180 1343 2225 Itidem
1377 2179 1560 2236 gallico
1598 2177 1824 2235 rhythmo

193 2259 251 2304 de
292 2259 446 2304 caede
487 2258 674 2315 Abelis,
714 2257 1152 2303 interlocutoribus
1191 2257 1317 2314 Deo,
1363 2257 1519 2302 Abele
1559 2266 1607 2301 et
1647 2254 1821 2311 Caino,
1888 2285 1889 2290 ,

196 2346 403 2382 auctore
429 2337 591 2393 Mgro.
620 2337 846 2381 Roberto
882 2334 1113 2390 Lanesio‚
1142 2345 1190 2380 et
1213 2335 1431 2392 aegloga
1467 2334 1619 2379 latina
1643 2333 1703 2378 de
1728 2333 1826 2377 lau·
1890 2356 1894 2376 ;

194 2414 334 2459 dibus
369 2414 482 2458 Dni.
510 2413 790 2465 Boutinelli,
819 2412 1071 2469 generalis
1098 2412 1273 2457 vicarii
1297 2410 1692 2465 clarmontensis,
1724 2409 1825 2454 vita

194 2490 412 2536 defuncti
453 2492 484 2546 2,
528 2499 737 2536 auctore
777 2490 940 2547 Mgro.
983 2489 1256 2534 Ludouico.
1300 2488 1526 2545 Denique
1567 2497 1619 2532 vt
1661 2485 1828 2533 reduci

196 2568 322 2613 Dno.
362 2568 611 2625 episcopo,
649 2584 675 2613 e
709 2567 1012 2625 grauissimo
1046 2567 1207 2612 morbi
1241 2566 1520 2612 discrimine
1555 2565 1826 2628 mortisque
1889 2608 1893 2611 .

196 2645 415 2700 periculo
451 2644 650 2701 ancipiti
686 2645 748 2690 ad
782 2645 935 2689 vitam
970 2643 1225 2699 suscitato,
1263 2644 1655 2699 gratularemur,
1681 2640 1829 2686 tertio
1896 2674 1899 2677 -

198 2738 225 2766 a
258 2721 394 2767 feriis
434 2730 748 2778 pentecostes
782 2721 859 2766 die
893 2721 957 2766 ad
991 2729 1210 2766 castrum
1251 2719 1553 2776 Euscopiam
1577 2734 1664 2764 seu
1687 2716 1832 2763 Belli-

199 2799 470 2855 regardum
504 2807 855 2854 nuncupatum,
884 2807 1052 2842 rector
1086 2797 1284 2853 collegii
1318 2812 1430 2842 cum
1466 2796 1655 2841 duobus
1685 2792 1833 2839 sociis

247 2986 256 3003 ¹
309 2983 552 3021 Leonardus
571 2984 793 3021 Masserus

247 3043 259 3061 ²
310 3042 420 3079 Vide
442 3044 642 3090 superius,
665 3057 758 3091 pag.
779 3044 860 3080 551.
