1900 3380
528 232 824 269 15›;.—-Assis10
853 233 896 269 13
924 232 1102 269 APRILIS
1133 233 1222 268 1338
1576 232 1644 268 507

56 329 252 386 quentia
276 329 335 374 de
360 329 407 374 la
431 328 744 374 confessione
769 339 925 387 tanta,
954 329 1043 375 che
1068 330 1217 374 molte
1244 330 1374 375 nolte
1400 330 1461 374 da
1487 329 1532 373 la
1552 328 1688 373 mati-

55 422 133 463 na,
161 405 258 451 dua
282 406 403 451 hore
427 415 610 451 atlante
635 406 829 463 giorno,
857 407 962 452 sino
983 406 1078 451 alle
1098 417 1173 451 tre
1194 406 1314 451 hore
1334 406 1379 451 di
1400 414 1559 463 nocte,
1583 422 1688 462 per·

55 499 301 529 seueraua
319 483 366 528 in
386 483 561 540 quelle;
585 492 633 528 et
651 483 697 528 di
719 484 853 529 molti
879 484 970 529 che
990 499 1084 528 non
1106 499 1294 528 eranno
1315 482 1582 528 confessati
1604 498 1690 539 per

56 560 177 606 dieci
202 573 249 605 et
273 560 445 605 dodeci
472 561 602 616 anni,
630 570 678 606 et
702 577 790 617 per
815 561 1011 618 publica
1045 576 1170 606 uoce
1201 576 1355 606 erano
1390 561 1436 606 in
1469 560 1688 617 predica-

57 647 219 683 mento
244 638 301 683 de
326 637 638 694 incorigibili,
665 638 704 682 si
730 653 885 683 sonno
917 638 1106 684 reducti
1142 653 1170 682 a
1206 647 1380 694 questa
1414 637 1687 683 benedecta

55 715 156 761 uita
191 715 461 760 christiana
496 730 589 760 con
625 716 777 761 molta
812 715 1126 761 satisfatione
1159 716 1203 760 di
1240 725 1415 771 questa
1449 715 1596 772 cipta.
1629 714 1691 760 Et

56 809 142 839 era
165 793 195 838 il
226 808 470 838 concorso
506 801 643 838 tanto
680 793 769 838 che
804 809 899 838 non
939 808 1154 850 posseua
1192 793 1363 838 andar'
1400 793 1445 837 in
1486 792 1686 848 chiesia⁷

55 870 144 915 che
169 885 395 915 ueneuan
420 870 687 915 asediarmi
717 870 763 915 in
788 871 958 926 chasa,
996 881 1043 915 et
1078 871 1139 915 da
1174 871 1334 915 l'altra
1369 878 1513 927 parte
1548 886 1691 915 sona-

55 963 150 992 uan
176 963 420 1004 campana
444 948 489 992 in
516 948 717 1005 chiesia3
746 948 810 993 dil
833 949 923 994 che
948 947 1051 993 Idio
1077 958 1248 993 nostro
1274 949 1477 1006 signore
1498 949 1570 994 sia
1590 950 1689 994 lau-

57 1025 186 1070 datO.
215 1024 279 1070 Et
303 1025 333 1070 li
358 1024 547 1081 signori
572 1025 799 1070 canonici
823 1041 916 1070 con
942 1025 1092 1071 molte
1126 1026 1392 1083 preghiere
1427 1027 1491 1072 mi
1527 1042 1689 1072 recer-

55 1117 249 1147 cauano
274 1102 486 1147 andasse
512 1118 540 1147 a
565 1102 813 1148 confesar'
839 1103 885 1147 in
905 1102 1069 1158 domo,
1099 1112 1147 1148 et
1170 1103 1232 1148 ho
1258 1103 1393 1149 facto
1418 1113 1602 1161 quanto
1629 1105 1689 1148 ho

55 1188 257 1237 possuto
283 1195 367 1225 sen
393 1180 440 1224 la
468 1182 707 1237 recusar',
737 1189 932 1226 eccetto
958 1181 1002 1226 in
1028 1181 1329 1227 monasterie
1353 1182 1412 1227 de
1442 1197 1572 1239 sore,
1599 1182 1689 1227 che

54 1273 150 1302 non
174 1272 330 1302 sonno
356 1257 527 1302 uoluto
548 1258 720 1302 andar'
742 1273 832 1314 per
852 1258 948 1303 bon
969 1268 1216 1315 respecto,
1240 1259 1449 1304 essendo
1470 1260 1532 1304 da
1556 1260 1689 1305 molti

55 1343 281 1392 pregato.
302 1334 511 1380 Insieme
527 1350 619 1380 con
637 1336 680 1381 le
697 1335 1009 1381 consessione
1026 1336 1065 1381 si
1081 1351 1236 1381 sonno
1252 1336 1386 1382 facte
1403 1337 1551 1382 molte
1568 1352 1690 1394 pace

54 1422 102 1458 et
125 1413 272 1458 leuati
297 1413 616 1459 concubinati
641 1413 687 1459 di
712 1429 923 1470 persone
947 1414 1235 1471 principale,
1263 1414 1328 1459 dil
1361 1415 1452 1460 che
1476 1416 1524 1460 la
1557 1415 1689 1472 cipta

54 1505 114 1535 ne
139 1499 274 1535 resta
309 1491 461 1536 molto
496 1499 749 1547 contenta;
787 1500 835 1537 et
870 1491 1077 1537 remessi
1112 1492 1408 1537 matrimonii
1443 1508 1535 1538 con
1562 1509 1688 1550 poca

57 1567 264 1623 ragione
298 1567 361 1613 da
394 1568 629 1613 tribunali
664 1569 880 1626 disoluti;
918 1584 1010 1614 con
1044 1569 1279 1615 continua
1313 1570 1572 1616 horatione
1597 1571 1691 1616 alle

58 1644 148 1689 XX
160 1644 250 1690 IIII
273 1645 396 1690 hore
415 1645 460 1690 in
482 1654 655 1691 nostra
676 1646 877 1702 chiesia,
900 1646 1027 1692 doue
1047 1662 1357 1693 concorreno
1377 1648 1494 1704 ogni
1513 1648 1690 1705 giorno

54 1722 207 1776 molti,
225 1723 635 1779 frequentandosi
653 1724 700 1768 la
717 1726 892 1769 sancta
909 1724 1200 1770 comunione
1217 1725 1333 1782 ogni
1351 1726 1610 1771 domenica
1629 1726 1691 1771 da

56 1800 208 1857 molti,
231 1811 278 1846 et
297 1800 461 1846 d’altri
481 1801 597 1857 ogni
618 1817 751 1847 mese
772 1802 818 1848 in
836 1811 1010 1848 nostra
1030 1803 1330 1860 compagnia
1350 1805 1380 1859 ¹,
1403 1804 1447 1848 in
1469 1804 1612 1849 laude
1632 1805 1690 1849 de

54 1877 149 1923 Dio
165 1887 337 1923 nostro
355 1878 576 1936 signore:
598 1879 644 1924 la
661 1880 807 1936 quale
823 1895 915 1925 con
933 1880 1127 1936 grande
1144 1880 1390 1926 desiderio
1406 1889 1611 1937 aspecta
1626 1898 1690 1926 un

9 2008 11 2011 ¹
54 1955 266 2012 collegio
291 1955 336 2000 di
361 1955 517 2002 nostri
543 1972 631 2014 per
655 1957 702 2002 la
727 1957 1012 2003 reuerentia
1036 1957 1067 2003 li
1091 1966 1326 2015 tengono‚
1360 1967 1409 2004 et
1439 1968 1576 2004 tucta
1611 1959 1691 2004 uia

54 2032 314 2078 fabricano
339 2033 522 2079 stantie
546 2050 575 2079 a
599 2034 698 2080 tale
723 2034 885 2080 efecto
910 2044 958 2080 et
981 2035 1020 2080 si
1045 2051 1200 2092 opera
1224 2036 1404 2093 cropir’
1429 2052 1527 2081 una
1562 2037 1691 2082 bella

53 2118 102 2155 et
124 2110 291 2156 antica
314 2110 502 2156 chiesia
526 2111 571 2156 in
596 2112 738 2168 piaza
762 2127 852 2168 per
883 2112 1090 2158 tirareui
1125 2113 1157 2157 il
1190 2113 1418 2170 collegio.
1456 2113 1521 2159 Et
1554 2122 1692 2159 certo

54 2189 168 2233 sera
191 2187 386 2245 grande
422 2188 616 2234 charita
651 2189 828 2234 aiutar’
860 2205 890 2235 a
914 2200 1089 2247 questo
1124 2206 1281 2247 pouer
1309 2191 1509 2247 populo,
1546 2192 1692 2247 quale

54 2269 80 2311 6
103 2266 254 2311 molto
278 2266 359 2323 pis]
383 2267 601 2323 disposto
627 2283 656 2313 a
681 2268 869 2313 laudar'
895 2267 998 2314 Idio
1022 2278 1196 2314 nostro
1225 2269 1445 2326 signore,
1482 2268 1571 2314 che
1595 2285 1692 2314 non

54 2346 79 2388 6
104 2343 151 2388 in
174 2344 565 2402 predicamento,
593 2345 657 2390 dil
680 2345 770 2391 che
794 2361 855 2391 ne
880 2346 1024 2392 ferno
1054 2346 1100 2392 in
1125 2356 1268 2403 parte
1302 2347 1475 2403 segnio
1511 2362 1540 2392 a
1576 2362 1690 2403 qua-

54 2431 131 2466 tro
156 2421 202 2466 di
226 2421 381 2467 nostri
406 2422 466 2467 de
492 2422 712 2480 Perugia
729 2422 759 2468 il
779 2424 995 2469 secondo
1015 2424 1062 2470 di
1080 2424 1266 2481 pascha
1292 2424 1692 2481 cognioscendoli

55 2497 160 2543 solo
184 2498 233 2543 al
256 2498 407 2544 abito.
434 2498 584 2544 Altro
609 2514 705 2544 non
730 2515 877 2556 posso
911 2501 1000 2546 dir'
1035 2517 1065 2546 a
1099 2501 1166 2546 V.
1202 2501 1336 2546 Rtia.
1376 2509 1569 2547 eccetto
1603 2502 1692 2547 che

22 2594 25 2597 ·
56 2590 143 2631 per
167 2575 320 2621 bonta
344 2576 402 2621 de
426 2576 522 2622 Dio
547 2585 720 2622 nostro
744 2577 948 2634 signore
978 2578 1041 2623 mi
1076 2588 1221 2624 trouo
1254 2579 1406 2624 molto
1440 2587 1610 2624 amato
1644 2588 1693 2624 et

55 2652 151 2697 dali
175 2652 287 2698 Rdi.
315 2653 506 2710 signori
532 2654 757 2700 canonici
783 2664 831 2701 et
854 2655 987 2713 frati3
1015 2665 1064 2702 et
1087 2657 1118 2701 il
1141 2656 1345 2711 signore
1374 2656 1559 2702 vicario
1579 2672 1690 2702 con-

55 2729 191 2776 tinuo
215 2731 256 2776 si
280 2730 511 2777 confessa
536 2747 630 2778 con
654 2747 749 2790 me,
776 2748 971 2779 comme
995 2733 1115 2780 tucti
1140 2734 1152 2778 i
1177 2733 1374 2790 primati
1397 2734 1457 2780 de
1480 2735 1528 2780 la
1561 2735 1691 2791 cipta

56 2815 103 2853 et
125 2807 263 2854 molti
287 2807 626 2867 circunuicini‚
652 2825 741 2866 per
765 2810 812 2856 la
836 2810 973 2857 fama
998 2811 1058 2857 de
1081 2812 1129 2856 la
1154 2810 1481 2869 Compagnia.

101 2996 112 3014 ¹
165 2994 360 3042 Intellige
380 2995 620 3033 societatem
639 3007 712 3033 seu
731 2996 1109 3034 confraternitatem
1129 3009 1152 3033 a
1171 2997 1381 3043 charitate,
1410 3010 1514 3044 quae
1543 2997 1694 3034 Assisii

55 3055 239 3102 vigebat.
259 3055 389 3100 Ihm„
408 3055 490 3092 291.
