1900 3380
487 244 783 283 90.-L0v⁴w11
813 247 827 282 1
858 248 1119 287 SEPTEMHRIS
1150 252 1238 287 1337
1570 257 1633 292 [361

835 462 910 512 90

481 585 533 630 P.
571 585 949 634 ARNOLDUS
1002 588 1250 636 HEZIUS

527 690 698 717 LOVANII
729 682 743 717 1
772 691 1023 719 SEPTEMBRIS
1053 683 1142 720 1:357
1172 686 1194 720 ¹.

0 814 1 817 Ἴ
53 765 84 801 1.
110 764 414 808 Confitenlimn
431 766 911 802 etromntuliscantiztm
928 770 1455 811 numerusaugeam—2.
1472 770 1684 808 Doctrina

120 824 360 860 christiana
381 824 662 860 d<><·efnr.*5.
687 824 818 861 Multi
840 826 1014 862 consilii
1031 827 1238 872 capiendi
1264 839 1398 864 cansa
1427 830 1488 865 ad
1516 834 1684 867 nostros

121 883 345 920 accedunt.
368 883 556 920 chz‘zts
575 895 625 920 ex
643 884 712 920 less
732 884 858 921 rebus
873 887 1077 931 percepti.

113 969 151 1013 1.
217 973 244 1022 †
278 968 428 1018 Ihus..
455 967 633 1013 Maria.
660 968 768 1013 Pax
792 968 904 1026 Xpi.
933 984 1043 1014 cum
1065 971 1287 1017 omnibus
1313 972 1469 1017 nobis.
1492 972 1615 1018 Rde.
1640 974 1684 1017 in

53 1045 177 1102 Xpo.
217 1045 297 1090 Pr.
336 1045 514 1091 Paucis
548 1061 725 1102 pauca,
764 1063 891 1103 quae
925 1048 1190 1094 scribenda
1230 1049 1413 1105 putaui,
1449 1051 1683 1106 perstrin<

51 1137 182 1179 gam.
211 1121 559 1169 Confitentium
589 1139 650 1169 ac
684 1125 1149 1171 communicantium
1183 1126 1465 1184 frequentia
1501 1128 1543 1173 in
1581 1129 1683 1174 dies

52 1215 218 1245 omnes
252 1200 298 1245 in
332 1200 573 1247 maiorem
610 1202 784 1247 mentis
819 1203 1003 1249 inducit
1035 1213 1307 1260 stuporem.
1344 1205 1482 1250 Multi
1519 1206 1684 1263 digitis

52 1286 367 1333 compescunt
391 1278 524 1323 labia
549 1279 628 1335 qui
652 1288 764 1336 post
797 1280 1069 1326 discessum
1105 1281 1158 1327 P.
1196 1282 1432 1338 prepositi
1469 1284 1483 1306 ‘³
1519 1283 1682 1328 onmia

51 1355 409 1411 confundenda,
436 1372 624 1414 nosque
649 1357 706 1403 de
729 1373 870 1403 sumo
890 1360 1072 1416 templo
1093 1360 1430 1416 explodendos
1449 1370 1678 1417 expecta-

51 1442 176 1491 1·ant;
204 1449 377 1479 verum
402 1449 477 1491 e0‚
504 1435 583 1479 cui
608 1445 784 1491 parent
809 1437 988 1495 onmia,
1017 1437 1161 1482 aliter
1186 1437 1489 1495 disponente,
1518 1440 1679 1485 nobis-

52 1527 141 1568 que
164 1512 382 1569 gratiam
406 1512 453 1557 in
477 1513 711 1558 cordibus
734 1514 1089 1560 canonicorum
1119 1526 1474 1573 praeparante,
1517 1517 1560 1561 in
1596 1533 1681 1574 spe

51 1599 98 1635 et
139 1598 316 1635 contra
354 1606 490 1647 spem
531 1607 722 1637 summo
760 1591 954 1645 fauore.
997 1592 1305 1650 benignitate
1345 1603 1393 1640 et
1437 1595 1677 1651 applausu

51 1667 263 1721 omnium
287 1668 479 1724 accepti
504 1684 690 1714 sumus.
717 1669 846 1715 Hinc
889 1685 985 1715 non
1010 1671 1169 1716 solum
1192 1687 1289 1716 non
1325 1671 1545 1728 disperse
1569 1682 1681 1719 sunt

52 1758 166 1789 oues
190 1744 378 1802 gregis,
406 1745 490 1790 sed
515 1745 561 1790 in
586 1755 777 1791 tantum
802 1746 1139 1793 confitentium
1172 1749 1395 1793 excreuit
1429 1765 1679 1807 numerus,

28 1808 103 1865 'vt
127 1821 209 1866 vix
232 1821 366 1867 vires
391 1822 479 1878 ipsi
503 1838 652 1879 pares
676 1823 966 1882 habeamus:
993 1825 1229 1882 precipue
1259 1826 1516 1871 dominicis
1551 1826 1681 1872 festi·
1737 1883 1740 1885 ‚

51 1897 218 1954 uisque
242 1898 428 1955 diebus,
456 1900 653 1956 quando
678 1901 742 1946 ab
766 1900 871 1958 ipso
897 1901 992 1947 diei
1015 1904 1309 1959 crepusculo
1331 1919 1482 1960 usque
1502 1904 1563 1949 ad
1584 1921 1680 1949 ms-

52 1974 218 2020 ridiem
242 1976 407 2021 sedem
435 1977 714 2034 relinquere
739 1978 919 2024 diutius
943 1995 1038 2024 non
1064 1980 1368 2037 conceditur,
1397 1997 1543 2038 quam
1570 1983 1680 2026 dum

51 2051 424 2109 expectantibus
448 2054 527 2111 qui
552 2054 777 2100 confiteri
803 2056 1105 2115 desiderant,
1140 2057 1183 2102 in
1210 2059 1355 2103 altari
1392 2058 1569 2104 ibidem
1604 2075 1680 2104 co*

52 2144 153 2174 ram
193 2130 469 2176 venerabili
503 2142 822 2178 sacramento
857 2133 1156 2180 sacrificium
1196 2135 1413 2181 Domino
1453 2136 1680 2193 indignus

0 2229 1 2233 =
51 2204 275 2253 offeram.
302 2208 408 2254 Nec
432 2209 658 2266 vulgaris
683 2210 945 2257 dumtaxat
963 2212 1060 2257 huc
1078 2212 1279 2258 confluit
1300 2214 1574 2270 plebecula,
1597 2214 1680 2259 sed

51 2291 97 2328 et
118 2284 335 2340 primarii
359 2285 466 2331 fere
490 2287 706 2332 omnium
730 2288 1074 2347 collegiorum,
1102 2299 1203 2335 tum
1229 2301 1276 2335 et
1301 2302 1513 2348 quatuor
1532 2291 1679 2347 peda-

0 2359 2 2391 ἕ
50 2360 328 2419 gogiorum,
355 2371 523 2419 preter
546 2363 812 2418 studiOSOS‚
847 2365 997 2411 etiam
1032 2367 1252 2413 maxima
1287 2384 1404 2425 pars
1439 2369 1678 2414 lectorum

0 2452 3 2459 f
51 2437 188 2484 nobis
220 2439 483 2486 confitetur
516 2451 565 2488 et
601 2441 928 2499 frequentius.
970 2444 1243 2491 Numeraui
1284 2446 1677 2503 quandoquidem

51 2512 216 2562 diebus
239 2518 386 2564 etiam
411 2534 508 2564 non
533 2519 687 2572 festis,
715 2521 886 2566 decem
919 2531 968 2567 et
993 2523 1219 2569 vndecim
1255 2524 1546 2569 sacerdotes
1583 2540 1678 2569 vno

0 2585 3 2591 ‘
51 2598 269 2650 tempore
294 2595 564 2654 venientes,
591 2612 652 2642 ac
674 2596 782 2642 fere
807 2614 976 2644 omnes
1000 2600 1355 2646 bacchalaurei
1381 2611 1427 2646 et
1461 2600 1679 2646 licentia-

51 2667 85 2714 ti
107 2667 156 2715 S.
183 2671 468 2730 theologiae
492 2683 650 2720 erant.
685 2674 920 2720 Demiror
944 2692 1095 2733 saepe
1128 2677 1174 2722 in
1208 2679 1360 2722 corde
1386 2692 1497 2722 meo
1522 2678 1678 2723 consi-

0 2788 2 2791 ,
45 2744 266 2793 ,derando
290 2750 431 2806 quasi
453 2765 636 2806 pueros
661 2766 773 2797 cum
809 2754 1186 2799 mansuetudine
1220 2769 1406 2810 magna
1444 2769 1535 2800 sua
1570 2771 1680 2812 pro-

97 2889 107 2908 ¹
156 2890 218 2929 Ex
235 2894 467 2941 apographo
486 2907 636 2931 coaevo
655 2895 696 2931 in
715 2894 850 2931 codice
868 2894 1008 2932 Germ.
1032 2895 1126 2937 185,
1148 2895 1213 2931 fol.
1239 2895 1318 2941 1893
1341 2896 1451 2943 prius
1468 2896 1528 2934 81.
1550 2897 1679 2935 Aliud

2 2981 5 2984 .
53 2953 276 2998 exemplum
294 2954 573 3001 apographum
592 2960 653 2992 est
671 2954 712 2991 in
732 2954 802 2992 fol.
831 2955 908 2992 190.

0 3033 2 3040 ·
97 3009 110 3030 ²
157 3011 201 3049 P.
222 3012 429 3051 Adrianus
450 3014 623 3052 Adriani
642 3016 815 3052 Romam
843 3016 893 3052 ad
920 3016 1158 3062 generalem
1185 3021 1433 3053 conventum
1462 3015 1677 3064 profectus.

0 3063 2 3070 ’
56 3067 202 3108 Laim'i
219 3073 424 3120 M0nmn.,
446 3073 495 3116 Π,
517 3075 576 3121 75,
597 3074 679 3121 237,
708 3075 789 3112 586.
