1900 3380
7 3264 14 3278 -s
8 3252 12 3254 ι
8 3238 10 3242 v
10 3220 13 3229 -
0 2457 16 3212 .‚—Q—-aembmtmmw
0 2234 13 2449 -e'vu-wz

0 1910 14 2229 mruw-vw--wvv-u
0 1775 4 1899 ---⁴2-
0 1751 3 1756 -
0 1681 2 1689 ἡ
0 1638 3 1651 ἡ
0 1574 2 1582 -

609 325 902 361 91.-«Ρ,η<ῐ511.ς
921 325 942 360 7
969 324 1231 361 SEPTEMssms
1263 325 1350 359 1537
1685 324 1756 360 365

168 422 340 467 audias
365 438 393 466 a
418 420 558 466 nobis
594 420 874 478 profectum
908 419 1272 473 renunciamus3
1301 435 1393 463 non
1433 419 1604 464 mirum
1633 419 1676 464 id
1702 420 1799 476 qui-

168 499 276 545 dem
317 499 474 544 videri
511 498 596 543 tibi
633 497 779 543 debet
819 497 1029 554 (etiamsi
1066 496 1252 553 optima
1287 512 1534 552 nunquam
1570 497 1802 553 auspiciis

169 576 356 622 Christi
384 576 497 621 freti
522 586 570 621 et
594 591 680 632 spe
706 584 753 621 et
780 575 1037 620 voluntate
1068 574 1431 630 destituamur);
1460 574 1637 630 quippe
1672 574 1801 631 quod

167 670 295 700 nunc
319 654 660 700 contendimus
685 655 747 699 ad
772 652 1013 699 maiorem
1033 652 1298 709 aliquando
1322 652 1477 697 nostri
1498 652 1799 708 expectatio-

164 747 275 778 nem
300 732 619 788 fructumque
643 731 950 787 ampliorem,
974 742 1025 775 vt
1052 740 1168 775 tunc
1193 746 1288 775 non
1314 730 1460 775 modo
1487 731 1609 775 bene
1635 730 1694 774 de
1720 746 1799 774 no-

165 809 237 855 bis
262 824 487 865 sperare‚
513 808 600 854 sed
626 808 888 865 explorate
912 807 1134 865 judicare
1160 807 1335 864 possis,
1374 807 1632 852 faciamus.
1661 807 1802 852 Nunc.

164 902 287 932 vero
312 887 357 932 in
397 902 454 931 eo
480 901 685 931 munere
712 895 760 931 et
784 885 965 941 officio,
994 885 1122 942 quod
1158 885 1333 941 cuique
1368 894 1593 930 nostrum
1620 885 1799 930 incum-

164 963 249 1020 bit,
280 964 574 1020 quantulum
605 963 650 1008 id
683 978 891 1019 cumque
926 963 1002 1017 sit,
1030 978 1120 1019 pro
1146 962 1275 1007 virili
1300 962 1505 1019 quisque
1529 967 1548 987 ²¹
1575 962 1801 1007 elabora—

165 1056 220 1086 re
245 1050 294 1086 et
318 1041 624 1086 contendere
652 1042 755 1086 vult
779 1040 812 1085 b.
833 1040 930 1087 Sed
951 1056 1062 1086 cum
1081 1040 1195 1086 nihil
1222 1040 1280 1085 de
1306 1040 1447 1086 nobis
1473 1040 1693 1096 polliceri
1719 1049 1804 1085 aut

167 1134 418 1175 arrogare
460 1118 558 1176 (qui
599 1119 711 1175 quid
753 1118 998 1176 possimus
1039 1119 1185 1175 plane
1225 1118 1534 1175 ignoramus)
1580 1118 1803 1163 modeste

167 1212 426 1254 queamus,
454 1197 569 1242 illud
595 1206 761 1243 tamen
796 1213 855 1242 ea
890 1197 1147 1242 voluntate
1183 1197 1312 1253 (cum
1339 1197 1486 1242 etiam
1514 1212 1690 1253 parum
1716 1212 1803 1242 nos

167 1290 313 1332 posse
348 1275 642 1332 sentiamus)
678 1275 779 1331 tibi,
814 1275 876 1320 R.
913 1275 986 1332 P.‚
1029 1274 1335 1332 pollicemur3
1375 1284 1427 1320 vt
1462 1290 1803 1332 quaecumque

164 1354 258 1400 Dei
295 1354 457 1410 glorie
483 1354 801 1410 proximique
825 1354 983 1399 nostri
1008 1353 1155 1398 saluti
1191 1362 1239 1399 et
1264 1364 1378 1398 tuae
1403 1353 1449 1398 in
1474 1369 1562 1398 nos
1587 1353 1802 1398 authori-

164 1433 254 1479 tati
284 1449 382 1478 vna
409 1448 521 1478 cum
545 1441 719 1477 nostra
743 1431 789 1476 in
815 1440 861 1477 te
887 1431 1211 1477 obseruantia
1239 1431 1521 1477 conducere
1540 1431 1802 1477 arbitrabi-

164 1527 289 1562 mur,
321 1520 469 1556 tanto
493 1510 655 1556 studio
681 1519 728 1556 et
752 1508 917 1555 animo
942 1525 1052 1554 esse
1077 1509 1318 1566 facturos,
1348 1519 1532 1566 quanto
1557 1518 1607 1555 tu
1634 1518 1682 1555 et
1706 1519 1803 1555 stu-

162 1589 240 1634 dio
266 1598 315 1634 et
351 1587 609 1645 diligentia
633 1587 679 1632 id
702 1603 731 1632 a
755 1587 896 1633 nobis
920 1586 1025 1632 fieri
1051 1587 1322 1632 desideras.

222 1666 264 1711 4.
343 1665 484 1723 Quas
508 1665 570 1710 ad
595 1681 683 1710 nos
714 1665 919 1710 miserat
954 1665 1126 1710 literas
1160 1664 1219 1709 R.
1259 1664 1411 1710 Pater
1446 1664 1746 1710 Paschasius
1771 1666 1801 1719 1,

165 1746 257 1790 hae
294 1744 492 1790 tandem
528 1743 794 1800 aliquando
828 1743 888 1788 ad
924 1759 1012 1789 nos
1047 1743 1140 1788 Dei
1177 1743 1416 1789 beneficio
1451 1752 1802 1800 peruenerunt,

165 1839 226 1868 ex
258 1822 436 1879 quibus
460 1838 645 1880 magno
669 1837 838 1867 sumus
863 1822 977 1878 (quo
1002 1837 1156 1878 prope
1182 1821 1588 1879 conficiebamus)
1613 1837 1805 1879 angore

165 1899 398 1946 recreati.
429 1899 575 1956 Quod
600 1898 811 1955 amplius
835 1899 1055 1944 scribam
1080 1915 1175 1944 non
1202 1899 1380 1957 habeo,
1408 1899 1468 1944 R.
1497 1899 1571 1956 P.‚
1599 1899 1685 1944 sed
1716 1914 1805 1945 nos

166 1978 228 2024 ad
252 1988 532 2024 extremum
562 1977 647 2024 tibi
680 1977 1024 2034 maximopere
1059 1977 1438 2023 commendatos
1475 1978 1647 2023 haberi
1683 1977 1804 2023 desi-

166 2071 353 2113 ramus,
376 2055 456 2113 qui
491 2055 639 2113 Xpm.
670 2064 721 2101 vt
745 2070 835 2100 sua
859 2055 1167 2112 benignitate
1192 2064 1435 2112 perpetua
1454 2064 1502 2100 te
1523 2055 1804 2112 optimaque

166 2133 455 2179 valetudine
472 2141 752 2189 conseruet,
773 2142 821 2178 et
837 2132 951 2189 quid
971 2148 1096 2189 agas
1118 2142 1392 2178 acturusve
1413 2132 1478 2177 sis
1495 2133 1620 2178 bene
1637 2141 1802 2178 uertat

163 2226 447 2268 precamur.
471 2210 624 2256 Vale.
647 2210 880 2256 Lutetiae
905 2210 1116 2266 septimo
1141 2210 1219 2255 die
1244 2209 1555 2266 Septembris
1584 2209 1710 2255 1557.

257 2288 317 2334 R.
350 2287 403 2334 P.
432 2288 491 2333 T.
520 2287 889 2345 indignissimus
914 2287 1054 2342 filius,

1079 2382 1327 2428 CAROLUs
1359 2381 1618 2428 SAGERIUS
1652 2385 1682 2427 ².

257 2473 552 2530 Inscriptio.
589 2473 718 2518 Rdo.
746 2473 793 2518 in
828 2473 958 2529 Xpo.
987 2472 1085 2518 Pri.
1113 2472 1242 2518 Dno.
1276 2471 1470 2531 jacobo
1496 2472 1713 2529 Laynez,
1740 2472 1804 2517 vi-

166 2550 308 2596 cario
344 2550 570 2608 generali
605 2549 874 2596 Societatis
911 2549 1120 2595 nominis
1151 2549 1287 2608 Jesu.
1312 2550 1364 2595 In
1389 2549 1594 2595 aedibus
1628 2549 1805 2595 beatae

171 2628 365 2674 Mariae
390 2629 518 2674 della
543 2627 745 2674 Strada.
773 2628 985 2673 Romae.

210 2807 230 2827 a
280 2807 376 2845 Hoc
393 2819 432 2845 v.
456 2808 637 2845 addidit
655 2810 748 2854 ipse
765 2812 920 2845 auctor
936 2809 1063 2844 initio
1087 2819 1252 2845 versus.
1307 2808 1373 2835 —b
1410 2808 1548 2845 vultur
1566 2818 1648 2845 ms.

215 2978 225 2997 ¹
276 2977 321 3014 P.
343 2976 587 3015 Paschasius
606 2977 732 3015 Broet
750 2979 923 3016 Romam
943 2979 993 3016 ad
1012 2979 1251 3026 generalem
1271 2977 1421 3014 ordinis
1449 2982 1693 3015 conventum
1719 2991 1806 3026 pro—

168 3035 295 3074 fectus
312 3036 459 3074 fuerat.
480 3037 637 3075 Laz‘m‘z‘
653 3038 865 3084 Momtm„
886 3038 936 3084 II,
957 3038 1039 3083 246,
1057 3038 1138 3075 459.

215 3097 228 3116 ²
279 3097 344 3134 De
365 3096 516 3135 Carolo
537 3097 712 3145 Sagerio
732 3097 915 3145 (Sagier)
934 3099 1039 3143 vide,
1063 3099 1128 3141 εἰς,
1150 3097 1431 3140 FOUQUERAY„
1462 3097 1658 3135 Histoire
1683 3097 1737 3135 de
1763 3098 1806 3134 la

171 3156 446 3203 Compagm'e
463 3158 518 3195 de
529 3158 668 3205 jesus
689 3170 739 3196 en
762 3159 944 3203 France,
964 3158 994 3200 I,
1015 3157 1096 3203 521,
1117 3156 1199 3202 522,
1220 3157 1302 3203 527,
1322 3156 1405 3203 5533
1426 3157 1475 3203 II,
1496 3156 1566 3194 273
1584 3170 1669 3204 sqq.
