1900 3380
420 286 641 323 APPExmx
671 286 1017 324 lIl.”Oi„1s1}›oxb:
1043 287 1220 334 30er11
1252 288 1341 323 iri->s
1367 287 1411 331 (ἓ)
1614 287 1685 323 065

100 381 239 427 Multi
265 390 533 438 praeterea
557 382 637 427 alii
658 398 721 427 ex
745 382 928 427 nostris
952 382 1260 427 scholasticis
1280 391 1453 438 aperte
1478 382 1728 437 sigillatim

99 459 517 515 repraehendunt,
545 460 674 516 quod
698 459 779 505 alii
814 459 959 516 aequi
995 459 1205 516 bonique
1244 460 1522 515 consulunt,
1561 459 1729 516 pueris

96 535 294 591 gratias
319 545 528 591 agentes
554 536 682 592 quod
707 551 760 582 se
785 547 1012 582 errantes
1036 537 1311 593 emendent;
1339 537 1419 582 alii
1446 553 1585 594 vero,
1612 552 1727 593 pau-

96 612 257 658 ciores
283 622 468 670 tamen,
495 614 659 670 iniquo
695 614 859 659 animo
895 614 940 659 id
963 614 1199 670 ferentes,
1226 617 1270 659 in
1299 615 1730 671 repraehensionis

97 691 375 735 mercedem
416 690 590 747 alapas
630 692 943 748 verberaque
979 691 1211 749 indicunt,
1247 692 1285 736 si
1320 691 1365 737 id
1400 691 1524 737 alias
1558 692 1729 737 facere

95 767 274 823 ausint;
302 782 394 812 nec
418 777 688 824 propterea
723 768 933 814 modesti
957 768 1195 826 probique
1232 769 1515 814 scholastici
1549 769 1612 814 ab
1646 769 1727 814 ho-

94 844 245 890 nestis
270 844 475 901 inceptis
499 845 757 891 desistunt.
786 846 860 891 Sit
886 846 1127 892 Dominus
1150 846 1457 903 benedictus,
1494 847 1573 903 qui
1598 856 1728 892 tene-

95 922 162 968 ris
186 938 455 979 puerorum
482 923 660 968 animis
686 939 806 969 suae
831 924 1026 969 diuinae
1050 923 1319 980 patientiae
1344 924 1559 981 vestigia
1583 940 1728 981 quae-

94 1001 206 1045 dam
232 1000 466 1057 dignatur
491 1001 788 1058 imprimere,
825 1017 950 1058 quae
985 1001 1308 1058 prudentibus
1344 1011 1393 1047 et
1426 1001 1729 1058 sapientibus

93 1078 367 1133 occultans,
392 1079 614 1135 paruulis
638 1079 829 1124 reuelat
854 1080 885 1124 ¹.

150 1155 192 1201 7.
262 1154 336 1200 Eo
362 1156 511 1201 etiam
536 1156 729 1202 accedit
753 1156 881 1212 quod
907 1157 951 1201 in
981 1157 1048 1201 1.ἱῑ
1072 1156 1232 1202 classe
1251 1157 1534 1213 praeteritis
1558 1157 1728 1202 diebus

92 1232 287 1278 accidit.
318 1232 444 1278 Cum
470 1233 596 1278 cnim
620 1243 916 1290 praeceptor
949 1249 1069 1279 casu
1102 1233 1353 1279 incidisset
1377 1235 1421 1279 in
1448 1249 1727 1280 sermonem

93 1310 151 1354 de
189 1309 414 1366 turpibus
448 1310 765 1368 carminibus,
807 1310 1039 1367 pryapeis
1073 1310 1285 1368 nomine,
1328 1326 1454 1367 quae
1493 1311 1725 1369 Vergilio

92 1387 426 1443 ascribuntur,
474 1386 679 1444 ejusque
730 1387 962 1444 operibus
1006 1387 1240 1433 adiuncta
1289 1387 1723 1445 circumferuntur,

92 1464 438 1521 discipulisque
463 1480 522 1510 ne
546 1464 629 1509 illa
653 1465 879 1522 legerent
904 1465 1110 1523 iuberet,
1133 1466 1369 1511 euoluens
1388 1465 1566 1511 librum
1585 1481 1726 1523 quem

92 1542 135 1587 in
175 1542 403 1587 manibus
426 1542 658 1599 habebat,
701 1542 819 1588 folia
858 1543 1032 1600 quibus
1057 1543 1280 1588 carmina
1305 1543 1386 1589 illa
1411 1544 1725 1590 contineban-

92 1629 188 1678 tur,
218 1620 451 1666 continuo
476 1621 750 1677 discerpsit;
792 1621 921 1678 quod
960 1621 1183 1678 discipuli
1223 1622 1461 1680 videntes,
1487 1631 1540 1667 vt
1564 1622 1725 1668 mode-

91 1698 214 1743 stiae
248 1713 369 1744 suae
403 1698 541 1755 quasi
561 1698 756 1755 signum
781 1699 973 1755 darent,
1007 1699 1350 1756 praeceptoris
1380 1700 1453 1744 sui
1478 1700 1723 1757 exemplo,

92 1775 388 1832 quicumque
427 1775 491 1822 ibi
530 1776 683 1821 libros
708 1775 974 1833 habebant,
1012 1776 1233 1822 similiter
1256 1777 1574 1833 praeceptori
1597 1777 1726 1823 fece-

92 1861 219 1905 runt,
260 1853 568 1909 collectaque
607 1853 653 1898 in
692 1868 929 1898 aceruum
969 1853 1088 1899 folia
1127 1854 1382 1900 decretum
1423 1864 1497 1900 est
1530 1854 1725 1911 ignibus

92 1930 431 1976 comburenda
451 1931 786 1976 traderentur.
809 1931 1040 1977 Protinus
1065 1932 1260 1988 quidam
1279 1931 1479 1977 festinat
1499 1942 1546 1977 et
1569 1933 1724 1977 lucer-

91 2023 204 2053 nam
227 2007 582 2052 inflammatam
607 2007 853 2060 adferens,
878 2008 1081 2054 admoto
1106 2009 1220 2065 igne
1245 2009 1373 2065 cepit
1398 2008 1515 2054 folia
1539 2009 1723 2055 inflanr·

91 2099 246 2141 mare,
273 2085 482 2141 denique
507 2084 647 2141 quasi
672 2084 871 2142 Pryapo
895 2084 1027 2142 justa
1061 2087 1326 2143 soluentes,
1355 2085 1462 2143 ejus
1486 2102 1725 2132 execran-

93 2162 206 2208 dum
230 2162 377 2208 funus
402 2162 495 2207 hoc
520 2162 726 2208 disthico
750 2163 1084 2209 celebrarunt:

239 2239 411 2284 Foeda
436 2238 759 2296 profanorum
783 2240 1096 2297 conflagrent
1119 2240 1341 2286 carmina
1365 2251 1552 2297 vatum,

357 2317 620 2362 Accensae
644 2316 821 2363 dentur
845 2318 1066 2363 carmina
1090 2317 1238 2362 foeda
1262 2333 1433 2374 pyrae.

180 2394 336 2440 Multa
375 2394 473 2439 alia
511 2403 776 2450 praeterea
814 2395 861 2440 in
901 2396 970 2441 eis
1009 2395 1152 2451 signa
1176 2394 1437 2451 probitatis
1461 2406 1719 2452 apparent,

92 2488 218 2529 quae
241 2472 437 2528 singula
461 2470 662 2517 difficile
685 2481 816 2518 esset
839 2488 1069 2517 narrare.

148 2549 192 2595 8.
258 2549 363 2594 Nec
388 2564 512 2594 vero
537 2549 583 2594 in
607 2549 762 2595 literis
785 2550 945 2595 minus
969 2548 1244 2606 proficiuut.
1288 2549 1356 2594 ita
1390 2557 1444 2594 vt
1477 2549 1721 2606 aliquibus

92 2626 312 2672 habenas
351 2625 585 2671 cohibere
625 2625 686 2670 sit
723 2641 942 2672 necesse.
972 2626 1213 2671 Dominus
1252 2625 1381 2670 enim
1415 2625 1662 2672 Antonius
1685 2628 1717 2684 2,

92 2701 233 2760 cujus
271 2701 608 2759 superioribus
647 2702 799 2748 literis
839 2703 1117 2748 meminisse
1152 2718 1229 2747 me
1252 2703 1499 2759 existimo,
1540 2703 1721 2760 elapsis

92 2779 264 2825 diebus
302 2779 365 2824 ad
403 2787 625 2824 nostrum
647 2780 880 2836 templum
919 2794 1110 2824 summo
1150 2794 1294 2824 mane
1333 2779 1550 2836 veniens,
1577 2780 1720 2827 simul

92 2871 203 2901 cum
222 2856 314 2901 illis
332 2859 402 2901 rei
422 2855 617 2901 diuinae
641 2856 812 2903 adfuit:
840 2873 938 2913 qua
958 2856 1092 2901 finita
1116 2866 1314 2901 nostros
1338 2857 1508 2902 hortos
1532 2857 1718 2914 ingres-

141 3037 150 3055 ²
203 3035 267 3072 Cf.
291 3035 479 3080 MATTH.,
500 3035 573 3080 XI,
592 3035 650 3082 25;
673 3036 790 3078 Luc..
813 3036 864 3081 X,
884 3036 943 3074 21.

142 3095 155 3115 ‘²
206 3095 314 3133 Vide
334 3095 532 3143 superius,
554 3109 646 3144 pag.
666 3096 752 3134 278.
