1925 3509
559 293 799 330 5.-ΡΗΑΟΑ
826 303 950 329 1N1T1o
979 303 1075 328 ANNI
1105 292 1194 328 1557
1588 290 1633 325 ‘21⁷3

53 401 154 436 tam
195 390 476 436 domesticis
520 404 667 445 quam
708 387 1016 433 scholasticis
1057 396 1104 431 et
1145 385 1480 442 spiritualibus
1522 385 1683 428 nostri

54 469 209 513 elsam
234 467 406 523 templs
437 473 452 492 ²¹
481 467 731 511 exercitiis
765 465 833 509 ita
868 479 1188 520 occupamur,
1228 472 1278 507 ut
1312 462 1405 507 m'si
1442 461 1681 505 Dominus

53 545 397 601 operariorum
423 559 681 589 numerum
706 551 892 598 augeat
914 541 948 598 ¹³,
986 541 1150 586 subire
1185 540 1327 596 plura
1357 553 1678 594 nequeamus.

112 622 152 666 7.
220 621 546 678 Superiorum
572 635 692 665 uero
718 619 967 675 classium,
990 618 1265 663 rhetorices
1286 617 1483 672 inquam
1504 631 1563 660 ac
1584 615 1679 660 dia-

54 700 259 745 lecticae
292 708 340 744 et
374 698 673 754 theologiae,
711 705 823 741 sunt
857 695 1001 752 pauci
1032 702 1047 722 0
1078 695 1273 751 quidem
1299 694 1569 746 auditores,
1596 693 1680 737 sed

53 781 159 821 tam
184 775 334 820 multi
354 774 611 833 praefecti
632 787 791 831 quam
825 773 900 817 illi
927 772 1271 830 professores,
1303 774 1423 828 quot
1456 770 1679 825 discipzt-

54 854 219 898 lorum
243 851 261 878 ‘¹
286 851 527 909 magistri,
554 850 758 896 totidem
769 850 1009 907 filiorum
1033 858 1203 905 patres
1233 848 1500 893 uideantur
1523 853 1553 901 ‘³3
1582 846 1682 903 qui-

55 931 144 975 bus
168 944 325 986 aeque
350 929 395 973 in
420 927 639 973 moribus
663 936 810 983 atque
837 927 882 971 in
918 926 1072 971 literis
1106 925 1385 981 obediatur,
1423 923 1550 979 quod
1588 923 1682 967 fre-

54 1007 281 1063 quentior
304 1014 736 1051 sacramentorum
763 1018 879 1048 usus
903 1003 1230 1048 demonstrat.
1258 1000 1356 1046 Sed
1381 1000 1469 1056 ipsi
1493 1000 1681 1056 pueruli

55 1084 262 1129 libenter
287 1083 434 1128 etiam
458 1081 771 1137 confitentur,
798 1080 1019 1136 exceptis
1043 1079 1309 1136 praecipue
1334 1078 1390 1122 iis
1422 1077 1500 1133 qui
1526 1077 1685 1132 prohi-

56 1162 233 1206 bentur
257 1175 286 1204 a
306 1159 592 1216 parentibus
617 1158 787 1203 diebus
812 1156 950 1202 festis
974 1156 1037 1202 ad
1061 1172 1150 1201 nos
1175 1156 1361 1209 uenire,
1389 1170 1448 1199 ne
1477 1155 1682 1211 discant,

55 1246 141 1282 aut
165 1237 324 1293 potius
348 1236 514 1281 dicant
537 1235 648 1280 Aue
673 1234 850 1279 Maria.
878 1234 1017 1279 Multi
1037 1233 1164 1278 enim
1184 1247 1356 1278 eorum
1376 1247 1471 1276 non
1483 1231 1685 1287 ,permit-

56 1323 163 1360 tunt
185 1313 416 1359 uenerari
436 1313 644 1358 Beatam
664 1311 875 1356 Mariam
898 1309 928 1355 f.
951 1310 1095 1355 Alter
1119 1310 1331 1354 alterum
1356 1316 1612 1363 accusant,
1640 1317 1687 1352 ct

56 1391 264 1436 fideliter
297 1390 358 1435 ad
393 1406 482 1434 nos
516 1388 759 1443 deferunt,
788 1389 825 1433 si
861 1403 1006 1444 quem
1036 1386 1150 1443 quid
1175 1386 1411 1431 haeretici
1435 1393 1454 1419 g
1475 1385 1687 1430 uiderint

56 1469 375 1525 lectitantem,
403 1467 458 1512 id
478 1467 615 1524 quod
635 1470 805 1522 nuper
825 1479 943 1510 cum
977 1464 1159 1509 nobilis
1192 1463 1409 1508 nobilem
1443 1463 1685 1520 deferret,

53 1552 190 1603 puer
206 1551 449 1602 puerum,
477 1545 679 1601 experti
698 1557 898 1595 sumus,
926 1552 974 1587 et
998 1557 1087 1587 nos
1111 1541 1235 1586 alios
1259 1541 1449 1586 libellos
1469 1540 1685 1597 polliciti,

58 1623 319 1669 hussiticos
343 1623 542 1667 codices
565 1637 595 1667 a
619 1630 780 1666 matre
799 1621 1087 1665 combustos
1109 1619 1126 1645 ¹¹
1149 1619 1448 1664 curauimus.

115 1700 158 1745 8.
225 1699 355 1756 Quid
380 1698 509 1755 quod
534 1698 622 1755 ipsi
647 1698 870 1755 prouecti
895 1696 902 1723 ¹
931 1697 1176 1753 germani,
1201 1710 1291 1740 uec
1309 1709 1410 1740 uon
1443 1694 1451 1728 i
1475 1694 1686 1751 bohemi,

58 1776 295 1834 paulatim
348 1775 547 1821 tandem
596 1783 1029 1820 sacramentorum
1079 1789 1222 1818 usum
1276 1772 1685 1829 frequentiorem,

60 1853 208 1898 iuxta
242 1867 358 1898 cum
392 1852 525 1898 italis
546 1851 565 1877 Κ
587 1851 727 1908 (quos
761 1851 942 1896 multos
977 1850 1125 1895 habet
1160 1848 1436 1905 ssohemia),
1468 1853 1655 1904 sapere
1683 1847 1690 1874 ¹

60 1929 352 1987 coeperunt?
376 1923 754 1974 Diebus‘autem
778 1927 969 1973 festiuis
993 1943 1022 1972 a
1042 1927 1266 1984 prandio,
1290 1927 1369 1971 vel
1391 1926 1586 1971 xianac.
1609 1925 1689 1970 do-

60 2007 251 2053 ctrinae
275 2007 427 2052 latina
450 2006 612 2063 lectio,
639 2006 717 2051 uel
751 2005 811 2050 de
845 2005 1012 2062 aliqua
1046 2004 1230 2050 uirtute
1266 2004 1476 2049 habetur
1510 2003 1688 2056 oratio,

61 2084 203 2141 idque
228 2100 257 2130 a
280 2084 462 2129 nostris
486 2084 565 2129 uel
588 2083 828 2128 fratribus
862 2083 939 2128 uel
964 2082 1230 2138 discipuliS,
1258 2096 1317 2126 ac
1341 2082 1499 2126 etiam
1524 2081 1586 2125 ab
1610 2095 1690 2124 ex-

61 2162 221 2206 temis
242 2167 286 2217 ¹¹¹,
312 2165 422 2206 tum
446 2160 735 2217 iuuenibus,
762 2163 871 2204 tum
897 2160 1027 2204 uz'm's
1064 2158 1375 2216 quibusdam
1399 2158 1576 2210 doctis,
1602 2157 1696 2201 sed

63 2238 340 2295 catholicis,
383 2237 463 2294 qui
497 2237 560 2294 id,
601 2236 747 2282 modo
777 2242 940 2293 prosa
962 2243 996 2293 ¹¹,
1032 2236 1178 2281 modo
1213 2235 1448 2291 carmine,
1491 2234 1693 2291 pulchre

63 2330 231 2360 omnes
255 2315 629 2371 praestiterunt.

121 2392 163 2438 9.
229 2392 282 2437 In
316 2392 565 2437 Natalitiis
600 2407 720 2436 uero
754 2406 865 2436 cum
907 2390 1134 2436 oratione
1155 2391 1266 2448 filii
1298 2391 1455 2435 unius
1493 2388 1555 2447 [e]
1590 2390 1692 2445 pm·-

64 2469 290 2515 mutibus
313 2473 734 2527 augustanorum
757 2476 775 2494 0
814 2469 979 2514 iuncta
1005 2467 1094 2513 fuit
1128 2469 1306 2524 ecloga
1341 2467 1399 2512 de
1435 2467 1694 2511 natiuitate

65 2555 113 2592 et
135 2546 587 2603 praedulcissz'mus
615 2553 634 2580 Ρ
665 2555 858 2604 cantus,
885 2562 996 2591 cum
1031 2545 1251 2591 maxima
1285 2545 1565 2590 auditorum
1600 2543 1695 2588 fre-

112 2755 130 2775 a
176 2754 312 2785 nostro
331 2748 494 2794 templo.
550 2747 615 2773 —b
645 2759 723 2783 non
751 2752 914 2793 augeat.
970 2753 1031 2773 jc
1064 2745 1287 2792 pauciores.
1345 2744 1407 2770 -d
1441 2749 1576 2780 tamen
1603 2749 1698 2790 quot

66 2813 170 2853 sunt;
192 2812 281 2845 octo
300 2819 367 2844 vv.
386 2806 586 2853 praeced.
610 2808 670 2843 ita
691 2806 831 2843 deleta
851 2810 968 2849 suut,
990 2809 1038 2842 ut
1056 2816 1183 2850 (tagre
1207 2804 1453 2841 (iduzodum
1481 2805 1695 2849 legantur.

70 2874 131 2902 —e
155 2867 356 2904 uidentur.
410 2866 467 2893 —f
494 2866 547 2902 19
563 2878 632 2902 vv.
655 2866 853 2911 praeced.
881 2868 926 2902 7⁰11
953 2867 1154 2910 margine
1178 2864 1336 2900 addita
1361 2867 1464 2900 sunl
1519 2871 1581 2897 —g
1607 2864 1698 2900 hae-

68 2927 181 2962 retici
200 2927 387 2963 auctoris.
442 2925 506 2952 *h
529 2926 832 2962 comburendos.
887 2924 941 2950 --ei
971 2924 1244 2970 prmiectiores
1268 2923 1560 2969 .[pr‹1›uectioris
1602 2923 1696 2967 ms]

69 2985 122 3020 —i
156 2998 214 3022 ac.
270 2985 334 3012 —k
367 2985 534 3032 perinde
566 2998 611 3021 ac
642 2984 804 3021 itali.ffil
835 2989 1015 3030 gustare.
1072 2989 1144 3008 jffl
1175 2982 1358 3019 Emeud.
1394 2993 1444 3019 ex
1479 2983 1696 3018 extraneis.

71 3051 134 3071 -Π
167 3045 299 3081 soluta
325 3045 520 3081 oratione.
578 3051 639 3070 —0
667 3057 689 3080 a
716 3044 889 3090 quodam
918 3042 1108 3089 primario
1136 3053 1262 3087 puero
1290 3042 1438 3078 habita.
1499 3049 1561 3075 >ep
1588 3054 1699 3088 prae-

71 3103 214 3140 dulcis.
