1900 3380
542 281 851 319 ¹203.--H1SP.4L1
878 282 899 317 7
928 280 1133 318 OCTOBffls
1164 281 1253 318 1558
1595 278 1666 316 829

86 378 194 424 duci
235 378 403 434 debet,
447 378 518 422 his
564 378 858 434 praesertim
913 377 1215 434 temporibus
1265 376 1589 431 calamitosis,
1634 376 1713 421 ubi

87 455 313 501 occultae
337 455 590 511 haereses,
619 455 890 501 lutherismi
918 454 1128 511 plurimi,
1151 455 1299 511 longe
1324 454 1521 510 lateque
1542 454 1710 498 urbem

87 532 212 587 hanc
245 531 609 578 labefactantes
644 548 771 578 nunc
812 532 1009 577 demum
1049 532 1461 588 suppullularunt;
1501 531 1627 576 adeo
1665 541 1713 574 ut

88 610 266 655 'multos
289 609 419 666 apud
444 611 676 666 populum
703 610 869 667 magni
905 609 1114 655 nominis
1150 609 1282 654 uiros
1314 624 1499 654 cancer
1534 608 1624 653 iste
1650 607 1712 652 in-

86 687 276 742 fecerit,
319 688 573 744 serpserit,
617 699 664 733 et
704 687 983 734 medullitus
1023 687 1313 733 corroserit.
1359 686 1551 732 Placuit
1593 702 1713 731 ver«)

88 765 223 811 Patri
248 765 722 821 misericordiarum,
751 766 831 822 qui
856 766 981 811 hunc
1006 763 1361 822 Hispaniarum
1388 766 1627 821 angulum
1652 764 1716 808 ab

85 843 176 890 hoc
201 843 604 899 praesentissimo
642 859 833 889 ueneno
867 844 1108 889 hactenus
1144 842 1509 899 praeseruauit,
1538 842 1716 898 quique

86 919 218 966 illum
254 920 389 966 velut
424 930 715 967 terrestrem
753 920 1063 977 pasadissum
1099 919 1329 965 flammeo
1364 919 1533 976 gladio
1568 928 1716 975 atque

90 997 325 1054 versatili,
352 1014 526 1055 nempe
566 1008 772 1044 sanctae
805 997 1137 1054 Inquisitionis
1173 1012 1393 1047 munere,
1432 996 1714 1047 custodiuit,

86 1076 318 1133 antiquae
343 1077 586 1133 serpentis
621 1076 823 1122 insidias
858 1075 1040 1132 detegi,
1069 1076 1295 1121 sinuosos
1329 1074 1485 1120 flexus
1520 1074 1715 1119 inuesti-

87 1154 197 1210 gari
238 1163 286 1200 et
324 1154 534 1200 bestiam
574 1155 702 1200 hanc
740 1154 1089 1200 ascendentem
1125 1153 1185 1198 de
1224 1153 1407 1209 abysso
1447 1150 1713 1197 subolfieri.

87 1229 409 1288 Quaeruntur
453 1232 742 1289 complices,
791 1231 1011 1289 ligantur
1055 1241 1338 1286 matronae,
1381 1230 1715 1286 promiscuum

90 1310 269 1366 vulgus
291 1310 523 1367 trahitur,
551 1319 660 1366 post
692 1309 1053 1366 comprehensa
1083 1308 1498 1365 dogmatistarum
1533 1308 1714 1364 capita,

87 1388 125 1433 si
159 1387 305 1434 modo
338 1388 522 1445 capita,
550 1398 598 1434 et
623 1403 719 1433 non
756 1387 919 1445 potius
945 1387 1240 1444 acephalum
1267 1401 1450 1443 corpus
1473 1385 1534 1431 sit
1558 1385 1718 1430 dicen-

88 1466 218 1522 dum,
246 1465 375 1522 quod
396 1465 657 1512 Ecclesiae
677 1474 827 1522 caput
846 1475 1010 1511 mente
1029 1465 1281 1522 sacrilega
1300 1465 1521 1520 abnegat
1541 1465 1572 1508 ¹.
1596 1461 1718 1507 Sim-

92 1543 255 1589 bolum
291 1552 457 1589 autem
492 1554 717 1589 nostrum
752 1542 983 1589 Christus
1019 1552 1109 1599 est,
1156 1541 1381 1588 Ecclesia
1420 1550 1510 1591 est,
1553 1550 1600 1585 et
1639 1540 1716 1597 qui

92 1620 207 1678 Xpi.
239 1621 395 1667 vicem
421 1621 465 1666 in
502 1621 651 1667 terris
685 1621 831 1678 gerit:
860 1620 987 1678 quod
1015 1636 1170 1677 usque
1195 1621 1320 1665 adeo
1345 1619 1472 1675 apud
1501 1618 1716 1663 omnium

91 1713 240 1744 aures
264 1698 485 1755 inualuit,
515 1707 567 1744 ut
591 1708 639 1744 et
664 1698 844 1744 inimici
869 1697 1023 1744 nostri
1048 1697 1144 1743 sint
1167 1695 1374 1754 judices,
1402 1712 1577 1752 nempe
1620 1697 1718 1740 vul-

90 1776 295 1832 peculae
340 1792 466 1833 quae
520 1776 713 1822 vineam
757 1775 850 1821 Dei
900 1775 1145 1821 sabbaoth
1197 1774 1420 1820 demoliri
1472 1774 1718 1819 machina-

89 1853 283 1898 bantur.

148 1930 188 1975 2.
258 1929 480 1988 Contigit
505 1931 632 1977 enim
657 1931 834 1977 abhinc
860 1931 1031 1987 paucis
1055 1930 1226 1976 diebus
1252 1930 1540 1987 paschillum
1574 1945 1718 1987 quen-

46 2029 50 2033 *
89 2007 201 2053 dam
241 2008 481 2066 gradibus
522 2009 724 2054 maioris
760 2007 1018 2054 Ecclesiae
1053 2006 1197 2065 hujus
1233 2007 1369 2052 urbis
1409 2007 1629 2059 affixum,
1671 2016 1718 2052 et

83 2088 315 2132 'materno
355 2101 582 2132 sermone
627 2086 876 2132 conditum
925 2085 1150 2142 reperiri,
1194 2086 1271 2142 qui
1314 2086 1375 2130 ad
1416 2085 1610 2130 literam
1650 2084 1717 2129 sic

88 2162 320 2209 habebat:
363 2168 412 2217 ‹†
451 2162 546 2209 Ihs.
590 2163 768 2209 Maria.
813 2163 1047 2221 Quisquis
1083 2163 1252 2208 doceri
1290 2162 1406 2208 velit
1441 2161 1717 2207 doctrinam

89 2240 338 2296 xpianam.
377 2239 547 2287 Sancti
582 2240 762 2296 Officii,
803 2250 998 2298 repetat
1034 2240 1198 2285 limina
1224 2239 1489 2285 Societatis
1524 2237 1627 2284 Ihu.
1656 2238 1718 2284 ibi

90 2316 217 2362 enim
242 2317 519 2375 docebitur,
547 2318 693 2363 modo
717 2334 777 2363 ne
800 2316 933 2375 juret
958 2327 1042 2363 aut
1068 2317 1360 2363 cartharum
1386 2316 1553 2361 ludum
1579 2331 1719 2361 exer-

89 2403 246 2440 ceat.»
274 2394 420 2451 Quod
453 2410 565 2440 cum
601 2395 839 2441 sacerdos
874 2395 1072 2452 quidam
1107 2395 1351 2451 probatae
1390 2393 1520 2439 vitae
1554 2409 1613 2439 ac
1639 2409 1718 2439 no-

90 2471 162 2517 bis
187 2471 481 2531 conjunctus
502 2473 662 2530 valde,
692 2473 919 2531 resciret,
947 2488 1081 2526 ecce,
1113 2472 1283 2528 inquit,
1313 2470 1549 2528 Cayphas
1573 2472 1717 2523 alter,

90 2549 170 2607 qui
194 2559 431 2607 corrupto
456 2550 621 2596 animo
645 2550 960 2608 prophetauit
986 2551 1017 2594 ²².
1046 2550 1113 2594 At
1139 2564 1260 2594 vero
1286 2548 1617 2606 inquisitores,
1640 2549 1717 2605 qui

90 2638 190 2674 tam
229 2637 343 2674 sunt
382 2628 583 2685 negotio
622 2637 793 2674 nostro
834 2627 1083 2685 propensi,
1121 2636 1173 2671 ut
1210 2635 1256 2671 et
1293 2625 1605 2682 hospitiolum
1636 2641 1719 2671 no-

90 2714 246 2751 strum
271 2705 476 2752 visitare
501 2714 549 2752 et
572 2707 701 2763 apud
722 2721 811 2752 nos
834 2717 980 2752 tenue
1005 2704 1263 2762 prandium
1290 2703 1536 2749 interdum
1562 2718 1718 2749 sume-

93 2797 144 2827 re
188 2799 283 2828 non
329 2783 674 2840 dedignentur,
721 2783 907 2829 conscii
950 2782 1087 2833 facti,
1137 2781 1429 2837 gaudemus,
1477 2781 1716 2839 inquiunt,

139 2989 148 3008 ¹
202 2988 322 3032 Vide,
343 2988 410 3034 sis,
432 2988 673 3025 MENENDEZ
694 2989 883 3029 PELAYO,
907 2988 1104 3024 Historia
1125 2987 1180 3024 de
1199 2988 1260 3024 los
1280 2987 1576 3025 Heterodoxos
1602 2992 1721 3034 espa-

92 3048 223 3090 avoles,
242 3047 292 3092 II,
313 3060 399 3096 cap.
421 3047 493 3085 IX.

138 3109 151 3127 ²
203 3106 266 3145 Cf.
284 3107 449 3155 JOANN„
472 3107 543 3153 XI,
564 3109 622 3146 51.
