1900 3380
478 229 889 266 154.—ING0LsTAD10
915 228 962 265 26
987 229 1164 266 APRILIS
1193 230 1282 266 1558
1567 230 1631 266 601

120 325 389 372 quibusdam
410 328 449 361 et
467 325 521 361 de
540 324 794 361 candidatis
813 325 874 361 ad
894 325 1167 367 Societatem;
1190 325 1244 362 de
1271 326 1440 372 collegii
1464 327 1683 371 angustiis

120 396 171 422 ac
198 385 252 422 de
276 385 436 422 domus
453 384 724 431 probationis
744 387 1015 429 necessitate,·
1031 385 1085 421 de
1105 386 1332 422 monachis
1356 387 1550 423 aliommz
1570 387 1681 423 ordi-

121 455 231 482 num
262 445 387 482 domi
415 448 590 482 nost-‘eae
617 455 666 481 et
692 446 918 482 voluntate
941 446 1159 491 ρνίηειρμ
1186 446 1483 482 1Μ11511111ρ1111715.
1496 446 1585 482 -8,
1621 446 1684 483 De

111 505 233 551 Iona
265 505 442 547 Adlem
481 504 682 549 tmnsfng
683 515 716 541 a
753 505 997 547 Sow'etatzs,
1036 516 1162 551 (111115
1197 517 1421 542 (1((11510116
1455 507 1683 552 epzscopns

90 587 93 591 r
119 567 388 610 eystettenszs
408 563 672 611 1105ί105Ῑ111
676 575 774 601 enes
793 565 1002 602 07ff'd111me
1022 569 1205 602 mensas.

111 649 148 694 1.
214 653 239 702 J
274 648 381 693 Pax
416 648 601 694 Christi
636 649 743 694 Iesu
780 649 1054 694 nobiscum.
1093 649 1216 694 Rde.
1257 650 1423 696 Pater.
1462 650 1683 696 Tametsi

50 725 202 771 Rdus.
237 725 318 770 Pr.
353 726 672 782 prouincialis
706 727 837 783 apud
871 726 1222 783 paternitatem
1262 736 1398 772 tuam
1439 743 1547 773 esse
1587 728 1682 784 epi-

48 803 206 848 stolae
232 803 340 848 vice
363 802 532 859 possit,
561 812 727 848 tamen
762 819 856 848 non
892 803 1138 860 displicuit
1173 819 1233 848 ea
1267 820 1395 860 quae
1430 814 1541 861 post
1573 821 1681 861 spa-

49 881 176 925 cium
202 889 506 925 menstruum
532 880 672 926 nobis
692 896 784 926 vsu
804 891 1048 926 venerunt
1072 881 1243 937 paucis
1262 882 1620 939 perstringere.

135 956 297 1003 Sacra
321 973 564 1002 caesarea
590 958 826 1004 maiestas
856 966 904 1003 et
938 973 1175 1003 romanus
1208 959 1480 1015 imperator
1514 959 1681 1004 Ferdi-

48 1035 254 1091 nandus,
293 1050 437 1092 quem
473 1035 549 1081 hic
579 1051 691 1081 cum
722 1036 942 1092 principe
966 1035 1119 1082 Illust.
1150 1037 1343 1082 bauaro
1368 1038 1379 1061 ¹
1408 1038 1681 1093 praestola-

48 1113 195 1158 batur
228 1112 382 1157 Rdus.
419 1112 689 1158 cardinalis
712 1113 870 1158 tribus
894 1113 1065 1159 diebus
1090 1123 1205 1159 ante
1235 1113 1389 1159 ferias
1423 1115 1684 1170 paschales

48 1190 140 1235 hac
172 1190 423 1235 Viennam
463 1190 716 1247 profectus
755 1200 847 1249 est,
889 1191 1092 1237 humato
1131 1206 1221 1237 sex
1261 1191 1534 1237 miliaribus
1573 1192 1683 1237 hinc

47 1267 311 1313 Rdissimo.
359 1267 591 1324 episcopo
637 1268 891 1314 labacensi
948 1269 979 1323 2,
1027 1268 1107 1325 qui
1158 1269 1417 1326 repentino
1468 1285 1589 1314 casu
1637 1270 1682 1314 in

47 1345 260 1402 quodam
284 1346 588 1391 monasterio
618 1345 1008 1403 Donauuerdae,
1047 1355 1100 1392 vt
1135 1347 1334 1404 publica
1368 1358 1415 1392 et
1449 1356 1684 1392 constans

46 1423 182 1470 fama
206 1432 295 1481 est,
323 1423 570 1470 extinctus
594 1424 786 1470 dicitur.

106 1501 148 1547 2.
216 1501 454 1559 Magnam
489 1502 879 1548 consolationem
920 1503 1060 1549 nobis
1100 1503 1322 1549 adhibuit
1361 1503 1685 1549 admirandae

46 1579 334 1626 humilitatis
378 1580 828 1626 reuerendissimus
871 1580 954 1626 Pr.
1007 1590 1320 1637 augustanus
1375 1582 1407 1637 3,
1460 1581 1540 1638 qui
1589 1598 1683 1627 non

46 1657 192 1702 modo
217 1656 432 1703 inuisere
455 1673 545 1702 nos
565 1666 619 1703 vt
642 1657 884 1704 hactenus
903 1659 1043 1713 solet,
1067 1674 1245 1704 verum
1265 1658 1415 1704 etiam
1437 1659 1499 1704 ad
1518 1660 1683 1705 aulam

45 1733 198 1780 Illust.
228 1733 461 1791 principis
485 1734 748 1791 aliquoties
773 1751 849 1781 me
874 1751 1062 1782 vocare
1087 1735 1320 1794 dignatus
1345 1745 1435 1782 est.
1468 1736 1545 1782 De
1578 1736 1682 1783 fun-

45 1811 207 1857 dando
242 1811 455 1869 collegio
490 1811 751 1870 dilingensi
780 1813 1087 1870 propositum
1120 1813 1432 1860 confirmauit
1457 1823 1683 1860 constan-

45 1888 247 1945 tissime,
274 1889 404 1947 quod
437 1898 603 1935 tamen
637 1906 734 1936 non
769 1899 961 1948 potero,
999 1891 1083 1944 ait,
1122 1889 1363 1937 Societati
1397 1892 1682 1948 consignari

9 2007 12 2010 .
46 1978 159 2012 ante
198 1967 493 2013 electionem
531 1968 647 2013 noui
687 1969 959 2025 praepositi
997 1974 1032 2014 θ’.
1078 1968 1357 2015 Postulauit
1396 1970 1558 2015 locum
1593 1970 1682 2015 sibi

45 2044 152 2090 dari
191 2044 254 2089 ad
295 2045 650 2091 celebrandum
690 2046 736 2091 in
782 2046 996 2092 ecclesia
1040 2055 1213 2092 nostra
1258 2046 1494 2104 postridie
1539 2063 1684 2104 quam

45 2137 184 2167 suam
210 2122 558 2168 excellentiam
581 2122 600 2150 b
626 2124 961 2169 conuenirem.
986 2124 1146 2170 Porro
1170 2140 1281 2170 cum
1300 2140 1330 2170 a
1349 2140 1425 2170 me
1445 2125 1681 2181 intellige-

46 2208 121 2245 ret
160 2199 334 2245 eodem
375 2215 571 2256 quoque
606 2200 683 2246 die
723 2200 921 2246 futuras
955 2201 1315 2259 disputationes
1353 2202 1680 2260 theologicas,

46 2276 202 2322 voluit
224 2277 392 2322 statim
417 2277 603 2323 habere
626 2278 974 2324 conclusiones
999 2295 1182 2336 easque
1201 2280 1247 2325 in
1267 2295 1386 2325 arce
1405 2280 1535 2336 apud
1556 2280 1683 2337 prin-

46 2355 203 2412 cipem
242 2354 393 2401 Illust.
438 2355 528 2400 sibi
569 2357 898 2413 praesentari,
941 2357 1168 2402 nimirum
1205 2367 1257 2402 vt
1295 2373 1405 2403 cum
1444 2357 1683 2403 facultate

45 2432 293 2490 principis,
321 2433 461 2478 cuius
497 2442 613 2479 tunc
648 2435 956 2480 voluntatem
996 2445 1044 2481 et
1083 2435 1483 2481 beneuolentiam
1521 2436 1683 2492 magis

45 2511 321 2566 spectabat,
344 2525 403 2556 eo
429 2511 559 2567 quod
583 2511 630 2556 in
655 2512 771 2557 aula
795 2527 886 2557 sua
909 2521 1066 2558 totam
1086 2513 1354 2558 cardinalis
1377 2511 1615 2558 familiam
1635 2523 1683 2558 et

45 2601 197 2643 equos
221 2587 394 2642 aleret,
423 2587 840 2644 disputationibus
870 2589 1112 2635 interesse
1147 2598 1257 2646 post
1291 2589 1573 2635 absolutum
1608 2606 1682 2635 sa-

91 2768 110 2787 a
159 2768 352 2816 propositi
372 2779 452 2806 ms.
507 2768 572 2797 —b
607 2768 820 2807 Praeced.
842 2781 881 2806 v.
904 2770 1084 2806 obscure
1102 2772 1346 2817 examtzmz.

93 2931 102 2950 ¹
154 2929 356 2967 Albertus
376 2929 429 2966 V.

92 2989 105 3009 ²
155 2989 354 3027 Urbanus
376 2989 530 3027 Textor
549 2989 751 3035 (Weber).

93 3049 106 3069 ³
158 3048 253 3087 Otto
275 3049 513 3087 Truchsess.
