1950 3348
289 200 358 237 326
755 202 975 238 LITTERAE
1002 202 1357 247 QUADRIMESTRES

302 295 344 342 2.
411 296 500 341 His
524 296 695 341 diebus
719 296 857 342 festis
886 297 1141 342 inuisimus
1171 307 1409 353 aegrotos
1441 297 1487 341 in
1513 297 1702 342 duobus
1732 296 1889 341 huius·

241 371 459 417 ciuitatis
483 373 797 425 nosocomiiS,
836 383 883 418 et
906 374 969 419 ibi
1003 374 1064 418 ad
1100 382 1339 429 aegrotas
1373 373 1607 418 mulieres
1643 374 1701 418 de
1735 390 1875 419 more

242 449 613 500 concionamur,
638 465 734 506 qua
754 465 807 495 re
828 449 878 495 fit
898 460 949 496 ut
970 465 1273 507 magnopere
1293 459 1722 507 commoueantur,
1745 451 1873 506 quod

242 525 509 582 lachrymis
533 535 747 571 testatae
774 536 900 572 sunt.
929 527 1271 583 Aegrotorum
1297 527 1377 582 qui
1401 541 1429 571 a
1454 527 1640 572 nostris
1673 527 1873 572 uisitan-

240 612 337 657 tur,
374 601 455 646 alii
491 612 773 657 proponunt
806 603 1104 648 nosocomiis
1140 602 1423 647 ministrare
1458 602 1551 648 Dei
1591 612 1639 648 et
1677 603 1876 659 pietatis

242 693 431 729 amore,
460 678 539 723 alii
565 678 858 735 religionem
882 680 1088 735 intrare,
1111 679 1191 724 alii
1211 678 1641 735 peregrinationes
1659 679 1872 736 suscipe-

242 770 312 808 re,
340 755 419 799 alii
446 770 608 799 mores
633 755 916 813 emendare,
945 756 1024 800 alii
1050 755 1247 812 saepius
1272 754 1494 800 confiteri
1525 764 1573 800 et
1607 756 1877 801 communi-⁷

245 847 378 876 care.
407 831 677 877 Perusinus
701 832 896 888 quidam
922 833 1180 878 habitabat
1205 847 1315 877 cum
1340 832 1544 885 iudaeis,
1573 832 1714 888 iisqui
1733 832 1875 877 fami-

241 908 502 953 liarissime
527 909 776 962 utebatur,
804 909 899 954 iam
925 910 1004 954 diu
1029 910 1337 954 abstinuerat
1361 924 1390 953 a
1414 909 1743 961 confessione,
1770 909 1871 954 illu-

242 985 453 1029 debatur
476 985 675 1041 saepius
699 1001 729 1030 a
753 986 994 1031 daemone
1018 986 1063 1030 in
1089 985 1287 1041 somnis;
1316 985 1477 1041 coepit
1496 994 1784 1042 aegrotare,
1812 1001 1872 1030 ac

244 1060 437 1106 uisitari
462 1077 491 1106 a
516 1061 709 1106 duobus
732 1062 932 1107 medicis
951 1062 1180 1107 haebreis
1199 1061 1584 1119 praestantibus3
1608 1063 1781 1107 morbo
1800 1071 1870 1107 ta-

243 1154 353 1182 men
379 1138 1020 1195 quotidieingrauescente,
1055 1139 1224 1184 statuit
1259 1139 1321 1183 ad
1355 1138 1692 1184 nosocomium
1724 1139 1887 1196 quod*

243 1215 354 1261 dam
380 1216 624 1272 publicum
650 1217 917 1273 diuertere,
944 1216 1007 1262 ibi
1043 1226 1311 1273 persuasus
1345 1232 1374 1261 a
1405 1216 1588 1261 nostris
1621 1216 1871 1262 constituit

244 1293 372 1338 nolle
397 1308 506 1338 cum
533 1293 720 1338 iudaeis
743 1293 970 1339 habitare
1004 1303 1088 1339 aut
1123 1293 1317 1338 uersari
1352 1309 1462 1338 cum
1496 1293 1581 1347 eis,
1619 1292 1887 1349 uitamque·-

240 1370 506 1415 emendare
531 1379 579 1415 et
603 1370 800 1427 saepius
825 1370 1064 1427 confiteri;
1088 1370 1215 1426 quod
1234 1370 1351 1414 fecit
1370 1380 1559 1425 postea.
1582 1369 1683 1415 Vbi
1703 1379 1875 1415 autem
1906 1355 1909 1362 Ι

243 1447 334 1492 hoc
360 1447 632 1503 proposuit,
661 1448 826 1492 statim
852 1447 1006 1492 febris
1030 1446 1269 1502 discessit,
1296 1447 1426 1502 quod
1461 1462 1554 1491 non
1593 1446 1752 1504 pauci,
1789 1447 1877 1503 qui.

241 1533 385 1569 erant
410 1524 455 1568 in
479 1523 782 1575 nosocomio,
811 1524 1202 1569 admirabantur.
1237 1523 1317 1568 Ad
1352 1523 1413 1568 D.
1450 1523 1629 1569 Annae
1663 1538 1865 1568 nosoco-

239 1601 367 1645 mion
408 1600 446 1645 is
481 1601 559 1657 qui
597 1610 836 1656 aegrotos
874 1611 1033 1657 curat,
1075 1602 1357 1646 testabatur
1397 1600 1575 1645 multos
1615 1599 1886 1645 confessos*

238 1677 389 1722 fuisse
434 1693 494 1723 ac
538 1678 929 1723 communicasse
969 1677 1393 1723 cohortationibus
1438 1687 1725 1722 nostrorum
1769 1676 1866 1722 fra-

243 1764 391 1799 trum.

297 1831 340 1876 3.
408 1830 502 1887 Qui
528 1847 649 1876 uero
674 1831 720 1876 in
745 1847 952 1877 carcere
978 1832 1285 1887 distinentur,
1313 1832 1443 1888 apud
1468 1831 1591 1876 duos
1615 1847 1677 1876 ex
1710 1831 1866 1876 Patri-

239 1909 329 1953 bus
353 1908 534 1953 nostris
560 1907 755 1953 affatim
780 1918 892 1953 sunt
917 1908 1147 1965 confessi;
1176 1908 1302 1953 inter
1327 1923 1449 1964 quos
1483 1908 1630 1964 aliqui
1655 1917 1883 1964 quatuor·
1906 1938 1909 1967 3

239 1993 326 2029 aut
359 1985 572 2042 quinque
606 2000 761 2029 annos
796 1994 1201 2041 contempserant
1236 1984 1614 2029 confessionem.
1652 1983 1873 2040 Quidam.

241 2077 361 2106 uero
387 2061 466 2118 qui
491 2070 677 2118 septem
704 2061 844 2106 annis
868 2062 928 2106 de
947 2062 1046 2106 suis
1067 2062 1284 2118 peccatis
1303 2077 1551 2118 nunquam
1571 2061 1736 2106 fuerat
1753 2077 1865 2106 con-

239 2137 414 2194 fessus,
442 2147 490 2183 et
513 2139 852 2183 execrabatur
877 2139 1043 2195 palam
1066 2138 1246 2195 Deum,
1273 2147 1321 2183 et
1344 2147 1544 2184 sanctos
1563 2153 1732 2183 omnes
1756 2153 1881 2183 con-·—

239 2215 368 2261 uitiis
392 2225 440 2261 et
465 2215 738 2260 maledictis
762 2214 956 2260 nefaria
984 2231 1105 2260 uoce
1130 2215 1485 2269 insectabatur,
1512 2215 1649 2260 aiens
1679 2230 1731 2260 se
1762 2215 1877 2260 nul--

240 2293 286 2337 lo
310 2292 332 2313 a
356 2308 571 2349 unquam
597 2301 821 2348 tempore
846 2293 973 2337 uelle
997 2291 1220 2337 confiteri
1246 2307 1337 2337 nec
1361 2292 1522 2337 Deum
1558 2307 1666 2337 esse
1701 2292 1864 2337 crede-

239 2385 310 2424 re,
337 2369 560 2427 aliosque
584 2370 700 2414 item
725 2385 754 2414 a
779 2369 1091 2414 confessione
1111 2369 1400 2415 deterrebat
1424 2385 1484 2414 ac
1508 2370 1881 2416 dehortabatur

238 2462 421 2503 magno
446 2462 553 2492 cum
578 2462 749 2491 eorum
775 2446 1087 2504 detriment03
1116 2448 1312 2492 tandem
1332 2447 1474 2492 furiis
1492 2462 1551 2492 ac
1571 2447 1701 2492 malo
1720 2446 1881 2504 genio»

239 2524 366 2569 adeo
391 2525 656 2581 agebatur,
695 2532 744 2568 ut
778 2540 874 2568 non
909 2524 1113 2569 multum
1147 2524 1346 2570 abesset
1381 2525 1490 2581 quin
1526 2519 1738 2570 mortem
1776 2524 1864 2570 sibi

240 2601 342 2657 ipse
366 2599 888 2650 conscisceretHunc
922 2600 1190 2645 miseratus
1224 2601 1421 2657 quidam
1455 2616 1518 2646 ex
1550 2601 1748 2657 nostris,
1786 2599 1864 2657 qui
1916 2643 1921 2652 ,

239 2686 341 2722 tum
366 2677 413 2722 in
437 2692 644 2722 carcere
668 2685 794 2731 erat,
815 2676 881 2721 illi
900 2677 1270 2733 perhumaniter
1288 2678 1488 2734 assedit,
1512 2678 1863 2723 blandioribus-

239 2769 332 2810 que
356 2754 521 2799 uerbis
544 2769 603 2799 ac
628 2754 824 2799 monitis
847 2769 958 2798 eum
984 2754 1214 2811 leniebat,
1248 2765 1296 2799 et
1331 2770 1443 2816 cum
1478 2755 1659 2800 diutius
1688 2753 1879 2812 juuene—

239 2830 412 2875 silente
436 2840 567 2876 esset
592 2832 800 2887 locutus,
827 2830 1026 2876 tandem
1051 2831 1303 2887 respondit
1326 2831 1545 2877 emollito
1569 2847 1629 2877 ac
1658 2831 1903 2897 subacto*x

285 2997 304 3017 ἢ
359 2998 442 3034 ullo
463 3009 541 3035 ms.
832 2976 857 2991 ἰ
