1971 3369
334 208 399 243 184
794 208 1013 244 Llr'rizRAE
1040 208 1394 253 QUADRIMESTRES

283 308 403 353 nicis
428 320 473 353 et
498 309 687 354 festiuis
712 309 1049 366 pomeridiano
1083 318 1305 365 tempore
1340 309 1697 365 interpretatur
1729 310 1774 355 in
1809 311 1903 356 col-

283 385 412 441 legio
448 395 618 431 nostro
657 386 1009 431 catechismum
1049 386 1101 431 P.
1145 385 1351 443 Canisii3
1399 386 1671 432 sabbatinis
1715 403 1904 444 quoque

283 462 467 517 diebus,
496 463 745 519 sequentis
770 462 862 508 diei
887 463 1200 519 euangelium
1226 474 1271 508 et
1296 462 1553 519 epistolam
1579 470 1611 520 ³,
1639 479 1733 520 quo
1767 463 1818 510 fit
1855 475 1905 509 ut

281 539 359 584 ille
384 540 597 596 quotidie
625 540 668 584 in
694 539 945 596 theologia
969 541 1138 597 legere
1172 548 1401 596 nequeat.
1439 539 1627 586 Omitto
1661 542 1790 598 quod
1824 542 1903 587 do-

281 618 486 662 mestica
511 633 633 662 cura
658 617 762 662 eius
786 617 1004 662 humeris
1027 617 1292 663 incumbat.

338 696 380 739 4.
448 693 665 739 Studiosi
691 694 845 739 nostri
880 704 1171 740 assuescunt
1205 693 1397 739 crebris
1431 694 1826 741 confessionibus
1859 706 1907 742 et

279 771 523 828 frequenti
548 772 892 817 communione
917 787 969 816 se
995 771 1102 817 Deo
1127 772 1409 817 conciliare.
1443 770 1657 817 Sacrum
1692 774 1906 829 quotidie

279 848 323 893 in
349 850 530 905 templo
556 848 716 894 uicino
741 849 1076 905 frequentant,
1103 864 1163 894 ac
1187 848 1315 893 inter
1340 863 1424 894 eos
1448 848 1586 894 multi
1606 850 1806 895 summis
1823 866 1905 896 uo-

280 926 341 971 tis
366 926 648 971 desiderant
673 926 718 971 in
743 924 1047 971 Societatem
1072 925 1278 982 admitti,
1307 941 1428 982 quos
1452 934 1617 971 tamen
1641 926 1820 983 partim
1846 928 1907 973 ob

280 1003 547 1049 discessum
572 1003 632 1048 R.
662 1003 714 1048 P.
743 1003 992 1048 Leonardi
1018 1005 1048 1059 ¹,
1076 1003 1255 1059 partim
1282 1011 1332 1047 ut
1356 1003 1554 1059 aliquod
1586 1002 1706 1049 tanti
1731 1004 1803 1049 sui
1828 1004 1904 1050 de-

279 1080 443 1125 siderii
469 1080 714 1138 specimen
739 1081 903 1137 edant,
931 1080 1159 1125 iussimus
1185 1088 1471 1136 expectare.

336 1158 378 1203 5.
445 1158 624 1215 ficique
649 1158 704 1203 id
724 1157 741 1183 b
764 1157 901 1215 qnod
922 1157 994 1202 ad
1013 1157 1317 1202 domesticos
1341 1157 1536 1202 attinet.
1564 1157 1672 1203 Sed
1692 1162 1748 1203 ut
1769 1163 1816 1203 et
1839 1160 1910 1204 ad

279 1235 409 1280 alios
434 1236 724 1291 ueniamus,
753 1234 988 1290 primates
1013 1249 1181 1279 omnes
1207 1233 1377 1279 fauent
1400 1234 1556 1290 nobis,
1583 1234 1786 1280 laudant
1808 1244 1905 1281 stu-

279 1311 410 1357 dium
435 1321 482 1357 et
507 1311 818 1369 desiderium,
845 1311 1111 1356 hortantur
1134 1326 1194 1355 ne
1219 1327 1248 1356 a
1273 1319 1449 1368 coepto
1473 1326 1622 1367 opere
1656 1311 1802 1358 facile
1827 1312 1905 1358 de-

278 1389 526 1446 sistamus3
554 1389 800 1434 interdum
825 1388 974 1434 etiam
999 1388 1045 1434 in
1071 1388 1329 1446 conuiuiis,
1356 1404 1465 1434 cum
1490 1388 1546 1434 iis
1570 1389 1763 1446 adsunt,
1787 1406 1906 1447 quos

278 1468 499 1512 aemulos
529 1475 717 1524 putant,
756 1477 1040 1511 nostrorum
1079 1466 1382 1522 diligentiam
1417 1465 1553 1512 miris
1585 1467 1740 1512 modis
1778 1483 1906 1513 com·
1970 1477 1971 1533 ᾗ

277 1545 524 1600 mendant,
553 1553 605 1589 ut
628 1544 707 1589 alii
734 1543 881 1589 etiam
907 1528 1078 1589 tacere
1103 1552 1366 1600 cogantur.
1970 1535 1971 1539 ¹

334 1622 377 1667 6.
444 1621 686 1667 Dominus
711 1620 1006 1678 Gropperus
1030 1622 1174 1667 ualde
1198 1621 1363 1678 instat,
1390 1630 1493 1667 tum
1517 1621 1646 1678 apud
1669 1622 1904 1669 vniuersi-
1968 1611 1971 1654 ἶ

278 1709 447 1757 tatem,
474 1709 571 1745 tum
595 1700 725 1756 apud
750 1708 978 1745 senatum
1005 1699 1064 1744 de
1089 1699 1395 1744 restituenda
1418 1714 1542 1755 pene
1566 1699 1784 1756 collapsa
1809 1700 1905 1746 uni·
1970 1703 1971 1726 ³

277 1777 529 1832 uersitate,
558 1793 617 1823 ac
640 1777 947 1834 potissimum
974 1776 1256 1833 theologico
1280 1777 1457 1833 studio,
1485 1793 1545 1822 ac
1568 1786 1758 1822 tantum
1776 1778 1906 1834 apud

276 1854 364 1899 hos
388 1854 615 1910 profecit,
643 1863 694 1899 ut
719 1854 815 1899 iam
841 1853 978 1899 multi
997 1853 1321 1899 canonicatus
1340 1853 1596 1899 uariarum
1613 1853 1904 1900 facultatum
1968 1875 1971 1887 ‹

276 1930 644 1987 professoribus
677 1930 908 1976 destinati
947 1930 1059 1988 sint,
1103 1945 1198 1987 quo
1238 1929 1320 1975 fiet
1359 1939 1411 1975 ut
1449 1930 1703 1987 theologia
1742 1923 1906 1988 plures

276 2023 421 2064 quam
446 2019 558 2052 octo
584 2007 899 2064 professores
923 2007 984 2053 sit
1008 2007 1254 2063 habitura,
1279 2016 1427 2064 atque
1447 2007 1575 2053 aliae
1595 2007 1819 2054 similiter
1836 2008 1903 2054 fa—

275 2084 485 2130 cultates
509 2085 735 2141 singulae
761 2083 1163 2141 quamplurimos
1196 2083 1411 2130 Senatus
1445 2084 1542 2129 iam
1577 2084 1640 2130 ad
1674 2086 1827 2131 multa
1859 2085 1905 2131 in

275 2162 368 2207 hac
393 2171 534 2218 parte
559 2177 610 2207 se
634 2161 891 2219 obligauit,
918 2170 966 2207 et
991 2161 1173 2218 optime
1198 2177 1324 2217 erga
1348 2161 1511 2207 studia
1535 2170 1584 2207 et
1608 2162 1904 2227 catholicam

276 2238 567 2294 religionem
602 2238 818 2284 affectus
852 2250 942 2295 est,
979 2247 1030 2284 ut
1063 2249 1178 2284 ante
1213 2239 1367 2284 multa
1400 2249 1626 2296 tempora
1657 2255 1903 2297 nunquam

275 2315 463 2361 melius.
490 2314 770 2360 Sollicitant
795 2325 1058 2373 magnates
1081 2331 1268 2373 omnes,
1302 2325 1355 2361 vt
1378 2316 1594 2362 habeant
1627 2317 1900 2375 theologos;

274 2393 340 2438 illi
364 2392 491 2438 enim
516 2393 555 2438 si
581 2393 753 2449 desint,
781 2402 945 2438 actum
972 2408 1081 2439 esse
1106 2393 1165 2439 de
1189 2392 1437 2439 catholica
1460 2392 1716 2450 religione.
1738 2394 1900 2440 Domi-

274 2485 365 2514 nus
389 2469 526 2515 Deus
551 2469 837 2515 benedictus
860 2469 937 2527 sit,
965 2469 1044 2526 qui
1078 2470 1173 2515 hac
1204 2479 1306 2516 tam
1340 2469 1577 2516 tribulata
1611 2479 1902 2528 tempestate

275 2548 532 2592 nonnullos
570 2546 774 2603 excitat,
817 2547 895 2603 qui
936 2563 1056 2593 uero
1100 2548 1206 2593 zelo
1245 2547 1458 2604 gloriam
1504 2547 1598 2593 Dei
1641 2557 1897 2605 quaerunt.

276 2623 481 2669 Multum
507 2623 731 2669 existimo
754 2623 923 2669 facere
947 2624 1255 2670 colonienses
1285 2632 1536 2680 martyres
1571 2624 1617 2670 in
1652 2641 1778 2671 vera
1810 2624 1900 2671 fide

320 2780 337 2800 a
405 2773 528 2810 Haec
546 2772 578 2809 2
591 2784 658 2809 vv.
679 2777 817 2819 supra
835 2783 943 2810 vers.
967 2773 1121 2810 eadem
1141 2784 1280 2810 manu
1299 2775 1477 2820 scripta.
1531 2774 1597 2801 —b
1664 2774 1759 2811 Hoc
1775 2785 1814 2812 v.
1834 2784 1898 2811 su—

275 2838 356 2878 pm
375 2843 488 2869 vers.
515 2832 668 2870 eadem
688 2844 840 2870 manu.

322 2964 330 2982 ¹
382 2962 427 2999 P.
450 2962 691 2999 Leonardus
718 2962 944 3008 Kesselius,
973 2962 1040 3009 qui
1060 2963 1234 2999 Romam
1262 2963 1312 3000 ad
1339 2962 1500 3000 comitia
1526 2962 1729 3010 profectus
1755 2962 1895 3000 fuerat.

276 3021 385 3059 Vide
406 3035 498 3070 pag.
524 3022 602 3067 139,
625 3027 759 3060 annot.
779 3021 813 3059 2.
